2216 3886
309 284 379 318 576
914 285 1144 321 JOHANle'
1180 287 1469 332 BUHCHARDI,
1754 291 1967 328 [Novembrc
1989 292 2080 330 1499]

311 401 349 430 s.
387 383 637 442 Praxedis,
676 385 1046 443 AlexandrinuS,
1079 404 1115 433 s.
1153 387 1340 445 Crucis,
1374 387 1657 444 GurcensiS,
1694 390 2073 451 Segobricensis,

308 467 669 530 AgrigentinuS,
694 469 963 529 Capuanus,
988 468 1255 530 presbyteri
1279 486 1288 525 3
1315 485 1352 515 s.
1379 468 1590 531 Georgii,
1615 470 1868 518 Cesarinus
1897 477 1946 519 et
1971 476 2080 521 Far-

308 549 488 607 nesius,
514 548 728 606 diaconi;
755 548 815 595 ad
849 548 1089 596 sinistram
1119 549 1339 605 intrantis
1375 551 1603 599 sederunt
1629 552 1842 620 episcopi
1869 559 1917 601 et
1943 571 2078 618 pres-

310 632 487 696 byteri,
526 636 572 678 et
608 631 668 678 ad
708 630 922 678 dextram
963 632 1170 681 diaconi.
1211 636 1362 697 Caput
1399 635 1485 682 fuit
1525 651 1673 700 prope
1719 638 1867 685 altare
1909 639 2079 687 domus

308 715 431 761 Rmi.
456 717 511 761 D.
532 713 785 761 cardinalis
809 731 846 761 S.
867 715 1015 762 Marie
1037 716 1085 762 in
1101 716 1306 778 porticu,
1325 733 1469 779 quam
1491 720 1548 764 D.
1569 720 1791 767 Lucretia
1807 736 2080 783 puerpuera

306 797 559 855 inhabitat,
586 801 633 845 et
661 803 761 845 erat
789 798 1092 847 ornatissima
1117 817 1126 848 :
1159 801 1299 849 ambe
1333 802 1434 865 ejus
1459 807 1614 865 porte,
1644 818 1730 866 per
1760 807 1914 850 totum
1940 803 2078 850 inau—

306 886 424 941 rate,
444 881 578 928 curia
599 884 714 938 tota,
734 881 930 929 inferior
949 883 1077 930 scala
1095 887 1141 930 et
1161 884 1316 947 prima
1334 885 1441 932 aula
1457 885 1629 948 pannis
1651 890 1699 933 et
1716 886 1867 934 auleis
1884 890 2048 949 parata
2064 902 2074 945 ;

304 965 459 1028 prima
489 980 695 1012 camera·
713 964 854 1012 veluti
885 965 1094 1027 celestis,
1121 973 1168 1015 et
1195 968 1349 1015 lectus
1380 969 1696 1028 cremesinus,
1723 969 1961 1032 tapetibus
1991 985 2079 1032 per

304 1054 482 1097 terram
511 1050 670 1098 stratis
702 1050 914 1114 undique
938 1054 984 1100 et
1014 1051 1222 1099 scamnis
1251 1052 1310 1098 ad
1332 1051 1498 1099 sedem
1527 1051 1576 1098 in
1604 1068 1697 1115 qua
1723 1052 1893 1115 prelati
1914 1052 2075 1115 palatii

303 1139 350 1181 et
389 1138 604 1182 oratores
651 1149 701 1182 se
747 1139 1174 1198 congregaverunt.
1212 1138 1462 1184 Venerunt
1498 1135 1690 1183 interim
1731 1135 1792 1182 ad
1829 1135 2075 1183 visendam

301 1233 621 1281 puerpueram
643 1233 842 1266 romane
862 1218 1090 1266 mulieres
1117 1234 1320 1266 numero
1341 1235 1401 1266 Lx
1425 1218 1499 1266 vel
1520 1219 1663 1266 circa.
1689 1219 2010 1267 Interfuerunt
2027 1219 2073 1266 in

302 1301 410 1348 aula
441 1301 656 1365 predicta
685 1305 732 1349 et
764 1302 1002 1364 baptismo
1029 1302 1307 1365 hujusmodi
1338 1305 1394 1349 D.
1422 1301 1727 1361 philibertus,
1758 1307 1918 1350 orator
1946 1302 2075 1365 regis

302 1387 645 1443 Romanorum,
669 1388 725 1432 D.
752 1384 975 1433 Silvester
1002 1389 1164 1433 orator
1190 1385 1317 1448 regis
1344 1386 1533 1448 Anglie,
1554 1389 1768 1433 oratores
1795 1385 1920 1449 regis
1950 1387 2075 1433 Nea-

303 1467 521 1530 politani,
562 1468 897 1525 Venetiarum,
941 1468 1200 1527 Sahaudie,
1246 1469 1634 1516 Florentinorum
1671 1474 1718 1516 et
1757 1469 2070 1525 Senensium;

301 1551 525 1599 omnibus
548 1551 870 1614 congregatis,
895 1552 1163 1600 cardinales
1188 1553 1371 1600 iverunt
1395 1552 1452 1599 de
1481 1552 1665 1615 capella
1687 1552 1736 1599 in
1763 1568 1858 1615 qua
1884 1568 1934 1600 se
1957 1569 2073 1600 con-

301 1638 613 1696 gregaverant
637 1634 696 1681 ad
721 1635 952 1698 capellam
977 1635 1093 1683 sixti
1115 1635 1398 1698 predictam,
1423 1636 1559 1698 cujus
1586 1635 1777 1683 tribuna
1798 1640 1966 1683 ornata
1985 1636 2075 1682 fuit

297 1716 450 1778 palliis
471 1717 681 1764 broccati
703 1717 853 1776 aurei,
876 1721 922 1766 et
942 1717 1100 1780 imago
1122 1722 1168 1765 et
1191 1718 1437 1780 sepultura
1459 1717 1577 1765 Sixti
1598 1717 1741 1780 pallio
1770 1733 1855 1766 suo
1877 1719 2072 1782 proprio

299 1799 441 1845 simili
461 1803 689 1862 cooperta
718 1804 765 1847 et
787 1804 971 1864 tapetes
993 1801 1153 1864 magni
1175 1818 1262 1864 per
1288 1806 1459 1848 totum.
1487 1801 1827 1864 Neapolitanus
1858 1802 2074 1850 ascendit

298 1886 427 1930 retro
450 1883 599 1931 altare
629 1884 717 1930 sub
748 1883 954 1944 tribuna,
980 1885 1059 1931 ubi
1088 1885 1272 1947 accepit
1297 1889 1580 1948 paramenta
1608 1885 1917 1947 pontificalia,
1940 1885 2071 1934 vide-

298 1966 411 2014 licet
433 1966 663 2014 amictum
692 1966 872 2026 album,
897 1967 1099 2030 pluviale
1128 1968 1306 2028 album,
1328 1969 1572 2032 pectorale
1604 1973 1651 2016 et
1677 1961 1870 2016 mitram
1891 1969 2071 2031 pretio-

297 2066 425 2108 sam3
448 2051 524 2098 alii
545 2050 812 2098 cardinales
836 2050 1064 2099 sederunt
1093 2051 1206 2099 hinc
1239 2052 1349 2100 inde
1384 2067 1527 2115 super
1554 2052 1763 2100 scabella
1789 2051 2070 2100 inferiorum

295 2134 481 2181 sedium
504 2135 629 2182 dicte
649 2135 850 2198 capelle,
876 2135 924 2182 in
946 2152 1039 2198 qua
1064 2139 1134 2183 est
1156 2135 1331 2183 chorus
1357 2135 1472 2183 cleri
1493 2134 1617 2183 dicte
1644 2135 1859 2194 basilice,
1886 2135 2069 2183 scilicet

294 2218 526 2280 episcopi,
561 2222 607 2266 et
635 2218 903 2282 presbyteri
932 2219 992 2266 ad
1022 2218 1265 2266 sinistram
1298 2219 1538 2277 intrantis,
1569 2222 1616 2266 et
1643 2217 1831 2265 diaconi
1861 2218 1922 2265 ad
1952 2218 2069 2266 dex-

295 2304 464 2358 teram,
507 2301 629 2348 sicut
660 2302 708 2348 in
743 2301 836 2348 alia
871 2301 1055 2364 capella
1092 2300 1283 2348 fuerant
1322 2300 1450 2348 circa
1488 2299 1767 2362 vigesimam
1809 2300 2069 2348 secundam

291 2383 477 2431 horam.
513 2385 672 2431 Infans
704 2384 1016 2448 baptizandus
1052 2388 1269 2447 portatus
1307 2387 1380 2431 est
1402 2383 1459 2431 de
1489 2383 1616 2431 dicta
1648 2384 1792 2431 domo
1821 2383 1881 2431 ad
1907 2383 2069 2431 basili-

291 2482 415 2526 cam,
440 2467 499 2515 de
522 2468 717 2531 speciali
732 2468 927 2515 licentia
949 2471 995 2515 et
1019 2467 1379 2530 dispensatione
1407 2470 1534 2530 Pape
1555 2466 1679 2531 (cum
1700 2467 1915 2514 nondum
1937 2471 2065 2516 esset

291 2550 705 2615 catechumenus),
730 2550 791 2598 ad
816 2550 1086 2598 cancellum
1117 2549 1300 2614 capelle
1330 2549 1446 2597 Sixti
1472 2549 1706 2612 predicte,
1735 2550 1829 2597 hoc
1860 2550 2026 2599 ordine
2052 2566 2061 2597 ;

292 2633 618 2696 precedebant
655 2634 869 2682 scutiferi
904 2636 1031 2697 Pape
1065 2649 1185 2696 quos
1229 2634 1551 2696 sequebantur
1586 2633 1862 2681 cubicularii
1897 2649 2067 2682 omnes

290 2715 338 2762 in
370 2717 579 2765 vestibus
617 2717 676 2766 de
710 2722 889 2776 rosato,
927 2722 977 2765 ut
1010 2718 1059 2764 in
1097 2718 1219 2765 festo
1258 2717 1582 2780 processionis
1617 2717 1832 2780 corporis
1869 2716 2060 2764 Christi.

292 2801 402 2846 Post
424 2800 571 2858 hunc,
600 2801 876 2859 tamburini,
911 2816 1020 2848 cum
1050 2801 1147 2847 suis
1169 2800 1340 2847 fistulis
1369 2804 1415 2847 et
1446 2800 1548 2847 aliis
1579 2799 1885 2848 intrumentis
1913 2800 2065 2847 musi-

291 2881 490 2929 calibus.
527 2882 709 2930 Deinde
734 2883 868 2930 ibant
898 2883 992 2930 duo
1020 2882 1234 2930 scutiferi
1264 2885 1390 2945 Pape
1422 2898 1626 2944 quorum
1655 2898 1778 2928 unus
1807 2881 1856 2928 in
1886 2882 2063 2930 dextris

291 2965 510 3027 portabat
542 2965 719 3022 bacile,
761 2981 960 3013 aureum
997 2981 1107 3012 cum
1145 2980 1231 3012 suo
1267 2964 1459 3023 bocale,
1501 2968 1548 3012 et
1582 2964 1629 3011 in
1666 2964 1803 3013 bacili
1840 2965 2061 3014 salieram

290 3063 485 3095 auream
508 3064 618 3096 cum
647 3048 762 3108 sale,
801 3048 1050 3095 bussulum
1077 3063 1186 3096 cum
1215 3063 1392 3111 sapone
1421 3051 1637 3096 mus-cato
1662 3053 1709 3095 et
1738 3047 2057 3111 manutergio.

288 3130 420 3178 Alius
442 3146 470 3178 a
490 3131 694 3180 sinistris
724 3131 974 3180 candelam
1002 3147 1227 3195 magnam
1250 3132 1394 3180 trium
1421 3131 1653 3179 librarum
1684 3132 1758 3179 vel
1779 3132 1922 3191 circa,
1949 3145 2059 3178 cere

289 3213 538 3272 albe,auro
567 3219 787 3263 ornatam
809 3220 855 3262 et
878 3201 1167 3278 perpulchre
1193 3215 1475 3263 laboratam.
1512 3218 1608 3262 Hos
1641 3214 1933 3277 sequebatur
1956 3229 2060 3261 ma-

288 3297 489 3358 gnificus
524 3301 580 3346 D.
616 3298 861 3346 Johannes
901 3298 1133 3347 Cervillon
1167 3299 1438 3356 Catalanus,
1478 3298 1591 3346 olim
1628 3298 1906 3362 capitaneus
1940 3312 2057 3360 gen-

288 3378 406 3426 tium
428 3396 672 3428 armorum
701 3384 844 3444 Pape,
875 3381 1109 3429 infantem
1135 3382 1469 3445 baptizandum
1492 3397 1634 3444 super
1661 3380 1856 3428 brachio
1886 3379 2055 3427 dextro
