2202 3926
166 315 273 357 [Aont
294 316 385 355 1492]
611 311 779 349 RERUM
811 309 1116 348 URBANARUM
1148 309 1496 348 COMMENTARII.
1879 311 1948 349 185

166 433 255 466 nos
277 417 356 465 alii
382 417 443 465 ad
461 408 663 480 pristina
680 413 891 478 hospitia
909 416 1075 461 nostra
1094 411 1274 460 reversi
1290 426 1484 459 sumus:
1507 426 1619 459 nam
1643 427 1795 474 nuper
1815 417 1948 461 ante-

167 517 310 565 quam
348 504 479 565 Papa
514 500 574 548 ab
608 500 735 548 Urbe
769 497 1055 555 discederet,
1088 495 1200 544 fecit
1219 494 1507 543 officialibus
1535 495 1697 543 multis
1732 493 1828 542 suis
1862 510 1950 558 per

168 601 317 633 unum
363 600 422 634 ex
466 581 805 648 parafrenariis
853 579 1069 628 mandari
1113 579 1242 642 quod
1286 593 1457 627 omnes
1502 579 1681 626 nostris
1725 579 1948 642 expensis

171 672 348 731 Papam
378 667 668 717 deberemus
695 681 846 728 usque
865 664 923 712 ad
943 662 1248 714 Vicovarium
1270 662 1534 721 associare3
1558 666 1604 711 et
1625 663 1815 711 fuerunt
1845 678 1951 726 pre-

169 751 302 799 missi
332 751 675 799 Tiburtum-D.
710 748 988 812 Sinulphus‚
1022 762 1214 795 camere
1245 746 1508 810 apostolice
1541 745 1744 794 clericus
1776 750 1823 794 et
1850 745 1951 809 qui-

170 835 280 883 dam
293 835 371 883 alii
385 835 483 898 qui,
505 834 713 897 receptis
731 833 780 880 in
799 836 964 880 notam
983 830 1260 879 officialium
1282 845 1393 877 cum
1411 829 1639 892 pontifice
1658 829 1950 878 venientium

171 918 477 981 qualitatibus
503 922 549 965 et
577 915 850 964 nominibus
878 914 1098 977 singulis,
1128 913 1308 960 ibidem
1337 912 1631 975 deputarunt
1657 913 1871 976 hospitia
1903 912 1950 960 in

170 1001 342 1064 quibus
365 1001 566 1064 quisque
591 999 679 1047 sibi
701 1002 748 1045 et
771 997 1052 1060 equitaturis
1078 996 1176 1043 suis
1205 996 1263 1043 de
1288 995 1572 1043 necessariis
1599 999 1645 1043 et
1671 994 1774 1042 aliis
1796 995 1950 1058 provi-

171 1084 285 1132 dere
307 1083 577 1147 oportebat.

239 1166 376 1216 Feria
411 1165 594 1229 quinta,
631 1168 685 1212 17
710 1163 891 1213 mensis
911 1162 1035 1227 julii,
1073 1162 1202 1210 circa
1232 1162 1403 1210 horam
1431 1161 1732 1225 vigesimam,
1770 1163 1854 1209 SS.
1893 1164 1948 1209 D.

172 1254 338 1299 noster
376 1248 594 1297 ascendit
639 1263 819 1311 equum
858 1247 907 1294 in
954 1246 1173 1306 rocheto,
1217 1249 1265 1293 et
1302 1246 1676 1308 precedentibus
1716 1261 1860 1293 cruce
1907 1251 1954 1293 et

174 1337 495 1393 sacramento,
521 1337 567 1381 et
582 1331 904 1380 cardinalibus
926 1332 1106 1394 Papam
1129 1328 1459 1392 sequentibuS,
1492 1328 1633 1376 exivit
1654 1345 1741 1392 per
1767 1333 1953 1392 portam

175 1418 493 1482 superiorem,
526 1416 747 1465 videlicet
773 1415 904 1462 illam
934 1429 1028 1477 que
1056 1417 1129 1461 est
1154 1428 1304 1477 prope
1335 1416 1563 1468 castrum,
1589 1427 1871 1459 reversurus
1894 1412 1956 1458 ad

175 1502 371 1551 Urbem.
413 1499 689 1549 Cardinales
731 1498 1076 1561 Neapolitanus
1120 1500 1167 1544 et
1206 1495 1545 1543 Ulixbonensis
1588 1499 1869 1542 manserunt
1908 1494 1957 1540 in

174 1586 389 1643 Tiburto,
410 1583 490 1631 alii
509 1583 720 1646 quinque
742 1581 1030 1640 cardinales,
1052 1579 1274 1628 videlicet
1295 1579 1471 1626 Montis
1494 1578 1706 1642 Regalis,
1732 1578 1954 1636 Ursinus,

176 1668 422 1727 Senensis,
449 1684 487 1715 S.
513 1666 707 1730 Georgii
736 1670 784 1714 et
804 1665 1089 1716 Valentinus
1116 1664 1365 1713 redierunt
1392 1679 1502 1710 cum
1531 1662 1747 1726 Papavad
1777 1661 1957 1709 Urbem

177 1768 320 1816 quam
340 1751 531 1799 intravit
551 1766 640 1815 per
658 1754 848 1814 portam
870 1765 909 1797 s.
936 1748 1197 1808 Laurentii,
1221 1748 1334 1796 inde
1359 1747 1489 1795 venit
1509 1762 1677 1795 versus
1705 1745 1955 1809 regionem

177 1835 490 1892 Triviensem,
513 1834 688 1882 deinde
710 1834 836 1881 ultra
854 1832 1092 1896 hospitale
1116 1849 1155 1879 s.
1181 1831 1346 1879 Jacobi
1364 1846 1512 1895 prope
1536 1830 1794 1878 ecclesiam
1815 1830 1954 1877 beate

178 1918 327 1967 Marie
344 1918 407 1966 de
422 1917 624 1981 Populo,
650 1916 838 1964 divertit
857 1932 945 1979 per
966 1916 1091 1963 viam
1111 1916 1296 1963 Tiberis
1319 1914 1379 1962 ad
1399 1914 1635 1978 palatium
1657 1913 1741 1972 (1).

245 2002 472 2060 Sabbato,
498 2004 558 2071 26
579 1999 705 2064 julii,
726 1999 1083 2048 anniversarius
1112 1998 1203 2046 diei
1235 1998 1394 2046 obitus
1423 1997 1576 2044 felicis
1611 1996 1958 2044 recordationis

181 2084 446 2133 Innocentii
483 2099 607 2148 pape
644 2083 817 2142 octavi,
853 2097 940 2146 pro
980 2083 1120 2147 cujus
1164 2081 1323 2129 anima
1359 2096 1456 2128 non
1496 2085 1570 2128 est
1608 2079 1775 2128 habita
1812 2079 1960 2126 missa

179 2172 376 2232 propter
394 2172 584 2232 pestem
602 2167 650 2214 in
672 2167 791 2214 urbe
809 2170 1113 2230 regnantem.

247 2252 386 2300 Feria
407 2250 637 2310 secunda,
665 2254 716 2297 11
744 2249 952 2314 augusti,
978 2249 1080 2297 dies
1107 2248 1459 2297 anniversarius
1490 2245 1837 2309 assumptionis
1870 2247 1954 2293 SS.

182 2340 238 2385 D.
277 2335 429 2386 nostri
460 2334 718 2383 Alexandri
745 2349 868 2398 pape
899 2332 1020 2381 sexti
1048 2332 1108 2380 ad
1136 2332 1209 2380 sui
1236 2331 1532 2396 apostolatus
1562 2329 1770 2393 apicem,
1795 2329 1843 2376 in
1867 2344 1959 2392 quo

182 2420 326 2468 etiam
348 2434 447 2467 non
470 2422 544 2467 est
563 2418 729 2466 habita
748 2417 897 2465 missa
917 2432 976 2465 ex
995 2417 1212 2481 predicta
1229 2431 1390 2464 causa.

250 2503 390 2552 Feria
415 2501 574 2560 tertia,
609 2505 665 2549 19
699 2501 882 2550 mensis
916 2501 1124 2564 augusti,
1155 2515 1247 2563 ego
1279 2515 1338 2547 ex
1368 2498 1711 2548 commissione
1742 2497 1866 2544 Rmi.
1900 2500 1955 2544 D.

182 2586 436 2637 cardinalis
475 2585 750 2645 GurcensiS,
781 2584 1020 2633 celebravi
1044 2584 1094 2631 in
1119 2583 1343 2648 hospitali
1378 2589 1547 2631 nostro
1580 2582 1960 2630 Alemannorum

185 2672 280 2720 sive
303 2669 680 2719 Teutonicorum
702 2669 761 2716 de
785 2668 930 2724 Urbe,
955 2667 1152 2715 missam
1171 2667 1482 2715 anniversarii
1502 2666 1661 2714 obitus
1680 2670 1844 2712 sancte
1861 2680 1962 2712 me-

183 2755 336 2804 morie
359 2752 577 2802 Federici
597 2752 743 2810 tertii,
767 2751 954 2800 romani
972 2751 1296 2815 imperatoris,
1325 2751 1374 2797 in
1401 2753 1545 2797 cantu
1574 2764 1684 2797 cum
1710 2747 1958 2806 ministris,

183 2839 261 2888 cui
282 2838 411 2886 idem
441 2841 607 2885 Rmus.
633 2839 691 2885 D.
717 2836 971 2885 cardinalis
992 2835 1224 2894 interfuit,
1250 2838 1295 2882 et
1322 2837 1431 2898 post
1465 2832 1766 2881 offertorium
1792 2830 1962 2879 obtulit

183 2938 333 2970 unum
361 2922 608 2970 carlenum
635 2936 781 2984 quem
812 2920 1045 2968 diaconus
1067 2918 1345 2967 ministrans
1374 2922 1419 2965 et
1449 2932 1561 2965 cum
1593 2916 1737 2964 bacili
1756 2915 1816 2964 ad
1834 2929 1965 2963 reve-

187 3006 522 3054 rendissimam
545 3005 936 3054 Dominationem
965 3019 1100 3052 suam
1130 3003 1371 3051 accedens
1394 3002 1454 3050 ab
1476 3017 1534 3050 eo
1556 3001 1767 3064 accepit;
1794 3012 1963 3046 omnes

187 3088 265 3137 alii
297 3090 561 3138 confratres
602 3087 681 3152 qui
721 3087 1062 3146 interfuerunt,
1099 3090 1411 3135 accesserunt
1440 3084 1501 3132 ad
1531 3084 1678 3132 altare
1714 3087 1760 3130 et
1787 3081 1963 3130 ibidem

237 3261 270 3298 1.
299 3260 399 3295 Dans
419 3271 470 3295 un
488 3259 571 3295 bref
591 3261 740 3297 adresse
766 3264 787 3297 a
814 3272 855 3297 sa
878 3260 950 3296 fille
971 3260 1142 3304 Lucrece,
1158 3258 1190 3295 le
1210 3259 1256 3294 24
1273 3257 1406 3305 juillet,
1437 3255 1642 3291 Alexandre
1668 3253 1811 3302 parlant
1832 3253 1877 3288 de
1901 3263 1966 3287 son

186 3327 359 3358 entrevue
383 3332 470 3357 avec
497 3319 682 3366 Alphonse
707 3319 771 3356 fait
796 3319 828 3356 le
854 3319 936 3367 plus
957 3319 1074 3366 grand
1095 3318 1200 3365 eloge
1222 3318 1266 3353 de
1287 3328 1328 3352 ce
1350 3314 1494 3351 dernier
1513 3313 1575 3360 qui
1596 3312 1807 3349 sacrifierait
1826 3322 1916 3359 pour
1935 3309 1966 3344 le

186 3381 323 3418 service
344 3381 394 3416 du
415 3381 511 3427 Pape
528 3394 546 3411 «
569 3390 610 3414 sa
630 3389 807 3425 personne
828 3384 864 3415 et
883 3383 963 3415 tout
983 3389 1023 3413 ce
1050 3377 1136 3425 qu’il
1162 3377 1320 3424 possede
1340 3386 1384 3411 en
1406 3385 1446 3409 ce
1470 3373 1614 3409 monde.
1638 3387 1656 3403 »
1678 3370 1770 3418 Voy.
1796 3368 1963 3416 Ugolino,

188 3441 310 3477 Storia
326 3441 384 3476 dei
403 3439 508 3475 conti
527 3450 544 3473 e
565 3437 681 3473 Duc-hi
701 3439 891 3482 d’Urbino,
913 3441 941 3474 t.
967 3437 1012 3480 II,
1035 3437 1118 3474 doc.
1139 3436 1239 3475 XIII.
