2202 3926
293 375 358 410 134
899 374 1128 411 JOHANNIS
1166 374 1458 419 BURCHARD1‚
1867 375 1951 415 [Mai
1973 375 2066 415 1494]

294 491 449 539 neque
472 476 531 525 de
559 477 813 537 Maritima,
839 476 1013 524 ducatu
1040 476 1313 540 Spoletano,
1339 474 1553 522 Marchia
1573 474 1890 534 Anconitana,
1922 476 2070 539 patri-

294 559 455 607 monio
488 559 614 608 beati
648 560 771 607 Petri
806 559 851 606 in
886 559 1074 617 Tuscia,
1109 561 1267 604 Massa
1295 556 1538 615 Trabaria,
1575 557 1908 618 Romandiola,
1946 558 2072 606 alma

296 642 439 701 Urbe,
473 642 519 689 in
549 642 817 690 civitatibus
856 624 1105 699 Perusina,
1145 639 1342 688 Civitate
1371 639 1580 700 Castelli,
1613 640 1922 702 Bononiensi,
1955 644 2071 689 Fer-

296 725 513 784 rariensi,
549 723 869 771 Avenionensi
904 727 948 770 et
984 722 1222 770 Comitatu
1252 723 1500 771 Venusino
1532 738 1616 772 seu
1650 723 1753 771 aliis
1787 724 1924 772 terris
1957 724 2062 788 qui-

296 808 590 869 buscumque
622 806 793 869 prefati
828 807 911 853 SS.
951 808 1048 852 DD.
1087 807 1142 854 N.
1179 821 1301 869 pape
1337 805 1578 864 dominiis,
1618 822 1703 854 seu
1736 806 1890 855 feudis
1922 808 2070 870 ipsius
2116 864 2127 877 l

295 889 506 938 Ecclesie
537 889 734 937 ubilibet
757 889 1049 948 constitutis,
1081 904 1137 937 ex
1164 888 1491 949 successione,
1521 888 1594 937 vel
1622 889 1715 937 alio
1743 889 1907 952 quovis
1935 890 2070 938 titulo

294 973 364 1021 vel
394 976 640 1021 contractu
673 972 744 1021 vel
778 972 1083 1021 matrimonio
1114 988 1361 1036 nunquam
1391 972 1509 1019 mihi
1540 972 1786 1035 acquiram
1816 972 1891 1020 vel
1920 972 2072 1020 vindi-

297 1057 415 1105 cabo
451 1072 535 1104 seu
570 1059 732 1120 petam
770 1055 1020 1119 acquirere
1053 1055 1124 1103 vel
1159 1055 1521 1119 quomodolibet
1551 1055 1791 1105 vindicare
1830 1073 1840 1105 :
1877 1061 1924 1105 et
1956 1057 2073 1107 nihil

296 1155 506 1203 unquam
540 1139 774 1203 accipiam
807 1138 880 1185 vel
914 1138 1105 1186 habebo
1140 1155 1225 1186 seu
1258 1139 1497 1198 retinebo,
1533 1139 1606 1187 vel
1638 1144 1799 1204 petam
1832 1141 2070 1204 accipere,

292 1224 473 1272 habere
509 1227 590 1271 aut
621 1226 937 1270 manutenere
969 1221 1018 1269 in
1049 1222 1141 1270 illis
1170 1238 1326 1286 neque
1354 1222 1501 1270 ullam
1526 1223 1856 1286 potestariam,
1891 1224 2074 1287 capita-

294 1308 421 1355 niam
439 1307 512 1355 vel
530 1306 803 1365 rectoriam,
826 1305 1109 1368 nullumque
1128 1306 1255 1354 aliud
1274 1306 1487 1354 officium
1505 1306 1735 1370 recipiam
1754 1323 1839 1355 seu
1857 1307 2072 1371 recipere

291 1396 450 1457 petam
484 1391 533 1439 in
567 1391 751 1439 eisdem
783 1406 867 1439 seu
899 1390 1113 1454 ipsorum
1148 1389 1364 1452 aliquod;
1402 1405 1491 1438 nec
1513 1390 1659 1438 etiam
1694 1390 1958 1455 acceptabo
1993 1396 2071 1440 aut

292 1475 531 1539 acceptari
570 1474 866 1539 permittam,
909 1488 992 1521 seu
1033 1472 1206 1521 faciam
1245 1473 1482 1536 premissa
1522 1473 1595 1521 vel
1637 1478 1823 1537 partem
1863 1475 2070 1538 aliquam

292 1559 595 1618 eorumdem,
625 1574 715 1606 nec
744 1558 824 1606 illa
854 1544 1096 1606 offendam
1122 1557 1196 1605 vel
1224 1557 1510 1617 molestabo,
1535 1573 1626 1605 nec
1654 1558 1798 1606 etiam
1821 1574 2070 1608 romanam

292 1643 558 1692 Ecclesiam
581 1657 772 1706 quoque
801 1642 889 1688 sub
917 1640 1134 1688 censuris
1155 1640 1390 1704 penisque
1413 1640 1737 1704 spiritualibus
1760 1645 1807 1689 et
1827 1646 2071 1706 tempora-

290 1727 433 1786 libus,
458 1726 507 1774 in
537 1724 824 1789 supradictis
852 1723 1207 1772 conditionibus
1237 1727 1283 1771 et
1310 1722 1637 1772 infeudatione
1665 1726 1921 1786 contentis,
1954 1742 2071 1790 quas

290 1811 369 1858 hic
390 1810 572 1857 habere
594 1808 699 1856 volo
721 1808 771 1855 in
793 1807 993 1871 singulis
1013 1807 1111 1855 suis
1133 1806 1348 1870 partibus
1371 1822 1459 1870 pro
1479 1807 1768 1871 specificatis
1789 1813 1836 1857 et
1859 1810 2072 1873 repetitis

295 1892 599 1957 ct'expressis
625 1909 635 1940 ε
661 1890 970 1940 schismatico
993 1906 1078 1938 seu
1098 1890 1317 1938 heretico
1336 1890 1643 1954 cuicumque,
1660 1892 1733 1940 vel
1754 1907 1782 1940 a
1800 1892 1894 1940 fide
1915 1892 2069 1952 devio,

292 1981 339 2025 et
369 1976 427 2024 ab
461 1976 565 2040 ipsa
597 1975 815 2024 Ecclesia
841 1973 1049 2038 preciso,
1084 1975 1287 2038 ejusque
1319 1974 1606 2036 sequacibus
1633 1979 1715 2024 aut
1748 1975 1972 2024 dantibus
2002 1977 2070 2024 eis

292 2059 566 2116 consilium,
602 2059 829 2107 auxilium
859 2059 933 2107 vel
962 2059 1195 2119 favorem,
1228 2074 1326 2107 non
1350 2060 1473 2109 dabo
1508 2059 1672 2123 quovis
1703 2059 1847 2108 modo
1877 2075 1964 2124 per
1992 2075 2070 2108 me

291 2144 363 2192 vel
384 2159 471 2207 per
500 2143 666 2202 alium,
691 2159 777 2191 seu
807 2143 943 2202 alios,
969 2142 1150 2191 directe
1179 2143 1253 2191 vel
1273 2143 1525 2203 indirecte,
1550 2143 1740 2208 publice
1767 2143 1839 2191 vel
1862 2143 2067 2203 occulte,

291 2226 536 2285 auxilium,
555 2225 809 2274 consilium
824 2226 898 2274 vel
916 2226 1143 2286 favorem,
1165 2242 1254 2274 nec
1273 2227 1332 2274 ab
1351 2227 1473 2286 aliis,
1495 2231 1724 2290 quantum
1742 2227 1790 2274 in
1805 2242 1883 2275 me
1905 2227 2067 2281 fuerit,

293 2311 329 2357 si
365 2308 597 2373 impedire
627 2313 816 2372 potero,
854 2308 954 2356 dari
986 2309 1281 2372 permittam,
1319 2310 1406 2357 sed
1438 2325 1521 2358 eos
1548 2311 1685 2374 juxta
1715 2326 1876 2374 posse,
1914 2309 2068 2359 donec

291 2395 644 2452 convertantur,
678 2408 941 2456 persequar
968 2397 1013 2440 et
1044 2392 1280 2441 invadam.
1313 2393 1390 2442 Sic
1417 2409 1494 2442 me
1526 2396 1655 2441 Deus
1685 2393 1877 2458 adjuvet
1904 2397 1951 2442 et
1976 2394 2069 2442 hec

294 2479 457 2523 sancta
480 2474 565 2523 Dei
587 2475 849 2539 evangelia.

365 2579 385 2601 «
415 2561 588 2606 Datum
607 2562 758 2607 Rome
777 2559 901 2623 apud
921 2564 1138 2608 sanctum
1156 2562 1353 2608 Petrum
1373 2575 1499 2607 anno
1519 2559 1862 2609 incarnationis
1880 2562 2070 2610 Domini

293 2644 804 2703 MCCCGLXXXXIIII,
853 2647 1023 2707 quarto
1064 2643 1253 2692 decimo
1292 2643 1521 2693 kalendas
1579 2645 1711 2705 maii,
1759 2645 2070 2710 pontificatus

295 2726 444 2773 nostri
466 2741 592 2774 anno
616 2726 845 2775 secundo,
881 2747 902 2770 »

360 2812 506 2856 Lecta
531 2809 674 2870 bulla,
709 2810 896 2859 accedit
917 2826 999 2858 rex
1027 2815 1073 2859 et
1096 2826 1259 2859 coram
1286 2811 1446 2874 legato
1469 2828 1612 2875 super
1640 2813 1885 2860 cussinum
1916 2827 2068 2875 genu-

296 2894 463 2951 flexus,
489 2908 547 2940 ex
563 2892 684 2940 libro
708 2894 805 2942 sive
823 2894 936 2941 folio
959 2894 1018 2941 ad
1038 2895 1131 2942 hoc
1151 2894 1388 2954 ordinato,
1409 2894 1525 2958 legit
1548 2895 1606 2943 de
1625 2896 1769 2944 verbo
1791 2896 1850 2944 ad
1871 2895 2066 2943 verbum

290 2979 620 3040 juramentum
642 2976 729 3023 sub
751 2973 1021 3024 hac'forma
1046 2995 1054 3024 ;

364 3080 384 3103 «
416 3063 515 3124 Ego
529 3059 802 3123 Alphonsus
819 3059 905 3108 Dei
921 3060 1074 3123 gratia
1085 3075 1169 3108 rex
1183 3061 1361 3121 Sicilie,
1377 3062 1572 3125 plenum
1584 3063 1883 3127 homagium,
1899 3063 2067 3128 ligium

294 3147 342 3190 et
364 3143 682 3206 vassalagium
710 3142 890 3190 faciens
920 3144 1003 3190 SS.
1036 3146 1092 3191 D.
1124 3159 1234 3192 meo
1262 3144 1458 3194 domino
1484 3146 1756 3195 Alexandro
1783 3163 1907 3211 pape
1933 3149 1997 3198 Vl
2023 3151 2069 3195 et

295 3225 507 3274 Ecclesie
530 3242 726 3274 romane
745 3242 832 3290 pro
853 3241 1004 3289 regno
1031 3226 1209 3287 Sicilie,
1234 3232 1281 3276 et
1302 3231 1402 3276 tota
1422 3232 1567 3288 terra,
1595 3245 1686 3293 que
1710 3234 1781 3278 est
1803 3229 1923 3277 citra
1944 3229 2068 3278 Pha-

295 3324 418 3369 rum,
439 3310 575 3372 juxta
595 3316 641 3358 et
663 3311 929 3360 secundum
947 3313 1081 3361 illum
1100 3316 1275 3361 statum
1294 3327 1439 3375 quem
1458 3313 1613 3360 tenuit
1631 3318 1678 3360 et
1694 3313 1907 3376 possedit
1929 3327 2066 3360 reco-

292 3394 433 3441 lende
455 3395 685 3443 memorie
709 3396 1035 3445 Ferdinandus
1059 3398 1218 3445 Sicilie
1235 3413 1334 3455 rex,
1353 3396 1542 3459 genitor
1556 3412 1710 3455 meus,
1728 3396 1777 3443 in
1792 3396 1921 3443 dicta
1940 3401 2066 3442 terra

294 3479 412 3526 citra
436 3479 660 3539 Pharum,
687 3496 835 3543 usque
861 3481 921 3531 ad
945 3481 1155 3530 confinia
1175 3485 1412 3529 terrarum
1436 3479 1583 3542 ipsius
1603 3479 1834 3536 Ecclesie,
1860 3482 2061 3542 excepta
