2228 3938
144 308 352 350 [Decembre
374 307 468 346 1492]
592 304 762 342 RERUM
794 302 1099 341 URBANARUM
1132 303 1477 343 COMMENTARII.
1881 313 1928 347 29

143 411 258 459 hinc
279 415 326 459 et
346 409 458 458 inde
476 409 613 474 juxta
633 408 799 456 sedem
830 410 977 472 Pape,
1002 409 1299 471 competenti
1328 412 1491 457 tamen
1512 411 1684 473 spatio,
1709 412 1930 464 videlicet

143 495 284 543 unius
306 509 460 543 canne
488 509 599 542 cum
629 492 828 540 dimidia
855 492 929 541 vel
957 491 1101 552 circa,
1132 492 1423 541 intermedio
1454 492 1652 542 dimisso
1683 510 1770 557 pro
1802 497 1930 559 epis-

140 579 274 644 copis
298 583 346 628 et
365 577 660 643 presbyteris
681 577 742 625 ad
762 576 1012 625 dexteram
1034 579 1180 640 Pape,
1207 580 1255 624 et
1275 576 1494 624 diaconis
1520 577 1845 626 cardinalibus
1864 579 1924 626 ad

141 662 384 711 sinistram
404 662 592 727 positiS,
623 661 691 710 ita
716 660 845 725 quod
871 660 1138 709 cardinales
1163 660 1255 724 ipsi
1281 660 1340 709 ab
1373 676 1470 709 uno
1496 660 1648 710 latere
1676 661 1845 720 altare,
1870 663 1929 709 ab

145 747 239 795 alio
283 761 398 795 vero
442 750 621 810 Papam
661 744 1018 809 conspicerent,
1071 760 1127 792 ac
1170 760 1256 808 pro
1304 744 1501 808 prelatis
1552 744 1928 810 quintuplicibus

142 831 352 880 scamnis
393 835 523 879 retro
563 829 807 877 banchum
854 828 1169 877 diaconorum
1213 828 1550 888 cardinalium,
1579 833 1627 877 et
1655 829 1927 878 oratoribus

139 916 276 964 laicis
307 919 439 964 retro
470 928 720 962 scamnum
754 912 1150 976 presbyterorum
1178 911 1515 972 cardinalium,
1541 917 1590 962 et
1608 918 1741 962 extra
1759 929 1927 961 versus

139 999 288 1047 altare
325 997 615 1062 predictum,
648 1000 696 1044 et
721 1011 810 1058 pro
839 995 1037 1059 prelatis
1072 997 1199 1058 Pape
1229 994 1566 1044 assistentibus
1594 996 1655 1045 ad
1682 997 1926 1044 s1nistram

138 1084 266 1145 Pape
287 1080 336 1128 in
357 1084 684 1129 transversum
707 1094 850 1142 supra
871 1077 1117 1126 banchum
1145 1078 1464 1127 diaconorum
1490 1080 1708 1129 ordinate
1735 1080 1922 1145 positis,

137 1166 221 1212 SS.
245 1167 301 1212 D.
325 1166 382 1213 N.
412 1168 609 1228 paratus
634 1178 770 1211 more
798 1161 939 1210 solito
968 1167 1016 1211 et
1035 1162 1229 1226 pluviali
1250 1163 1598 1212 Innocentiano
1626 1164 1922 1228 pulchriore,

135 1251 184 1296 et
203 1247 346 1296 mitra
369 1247 568 1296 Paulina
587 1245 886 1311 preciosiore
906 1245 1035 1295 venit
1059 1246 1119 1294 ad
1147 1246 1384 1311 capellam
1410 1247 1698 1312 predictam,
1730 1248 1810 1297 ubi
1833 1253 1926 1297 sta-

135 1333 220 1381 tim
242 1333 434 1396 incepta
456 1335 529 1381 est
550 1331 700 1379 missa
732 1330 900 1379 ordine
929 1330 1090 1379 solito.
1122 1330 1432 1392 Subdiaconi,
1458 1331 1722 1392 auditores,
1748 1332 1923 1397 acolyti

133 1421 180 1465 et
201 1415 363 1466 clerici
386 1431 579 1464 camere
602 1418 840 1464 steterunt
861 1419 910 1462 et
931 1414 1162 1463 sederunt
1182 1414 1243 1462 ad
1273 1414 1515 1463 sinistram
1536 1418 1666 1480 Pape
1687 1431 1853 1464 versus
1873 1419 1921 1463 et

134 1504 243 1549 ante
262 1499 492 1548 diaconos
515 1498 812 1557 cardinales;
838 1497 1012 1547 deinde
1035 1497 1096 1546 ad
1116 1498 1340 1547 eamdem
1363 1515 1562 1547 manum
1584 1515 1750 1549 versus
1772 1499 1922 1548 altare

134 1583 414 1632 cubicularii
458 1599 652 1642 omneS‚
701 1582 998 1648 presbyteris
1036 1586 1083 1630 et
1121 1582 1361 1647 episcopis
1407 1583 1732 1632 cardinalibus
1775 1583 1921 1633 facies

131 1672 389 1717 vertentes.
415 1667 610 1717 Nobiles
635 1666 695 1715 ad
719 1666 894 1715 solium
921 1666 1092 1715 sedere
1121 1666 1248 1715 soliti
1271 1671 1319 1715 et
1340 1667 1420 1715 alii
1440 1668 1751 1732 quamplures
1773 1671 1921 1717 stete-

132 1755 240 1800 runt
266 1752 326 1811 ad
356 1751 575 1800 dextram
607 1753 734 1815 Pape
777 1755 908 1799 retro
942 1750 1183 1799 banchum
1219 1750 1561 1815 episcoporum
1596 1756 1644 1800 et
1673 1753 1921 1818 presbyte-

130 1852 295 1886 rorum
329 1836 676 1895 cardinalium;
712 1836 925 1885 scutiferi
966 1839 1093 1900 Pape
1126 1841 1235 1900 post
1271 1837 1555 1886 assistentes
1587 1841 1635 1887 et
1667 1837 1913 1888 banchum

131 1920 447 1968 diaconorum
478 1919 812 1978 cardinalium,
854 1935 910 1967 ac
947 1936 1091 1983 supra
1133 1921 1345 1984 prelatos
1387 1921 1447 1970 ad
1486 1922 1731 1971 sinistram
1767 1925 1912 1988 Pape.

130 2004 327 2052 Missam
362 2003 620 2052 celebravit
659 2006 714 2051 R.
752 2002 802 2050 in
838 2002 1027 2050 Christo
1063 2005 1115 2050 P.
1150 2005 1207 2050 D.
1252 2005 1623 2054 Bartholomeus
1658 2006 1914 2070 episcopus

127 2087 423 2136 Sutrinensis
455 2091 503 2135 et
532 2087 820 2151 Nepesinus,
849 2088 932 2134 SS.
971 2088 1027 2134 D.
1064 2089 1120 2135 N.
1148 2103 1271 2151 pape
1309 2089 1548 2136 secundus
1584 2090 1904 2150 secretarius;

127 2170 245 2219 dixit
276 2171 483 2236 primam
520 2171 791 2220 orationem
826 2170 1143 2229 ordinariam,
1179 2171 1425 2231 videlicet,
1460 2172 1593 2220 Deus
1623 2174 1706 2237 qui
1745 2174 1912 2222 salectis

127 2262 297 2314 eterne,
323 2254 409 2304 sub
429 2271 517 2303 sua
536 2253 876 2314 conclusione;
902 2254 1076 2302 deinde
1098 2270 1186 2318 pro
1209 2257 1353 2319 Papa,
1384 2255 1517 2303 Deus
1543 2257 1772 2317 omnium,
1805 2266 1911 2318 etc„

129 2342 177 2387 et
209 2338 350 2387 aliam
383 2354 471 2403 pro
508 2354 642 2402 rege,
680 2339 770 2386 sub
799 2338 892 2386 alia
921 2338 1234 2388 conclusione
1274 2355 1420 2403 quam
1450 2356 1537 2404 pro
1571 2356 1685 2404 rege
1716 2341 1914 2390 inferius

127 2421 386 2471 adnotabo.
419 2421 627 2472 Volebat
658 2422 804 2470 etiam
831 2421 1071 2470 Sanctitas
1105 2438 1191 2471 sua
1223 2423 1352 2486 quod
1382 2424 1441 2472 de
1477 2424 1702 2472 omnibus
1735 2425 1913 2473 octavis

127 2505 527 2554 commemoratio
546 2505 790 2554 ordinaria
807 2504 1089 2565 haberetur,
1108 2505 1195 2554 sed
1213 2521 1304 2570 ego
1323 2523 1548 2555 asserens
1569 2507 1695 2556 hanc
1716 2508 1913 2557 missam

125 2589 328 2639 votivam
354 2605 478 2650 esse,
503 2595 762 2655 propterea
789 2589 877 2638 sibi
901 2590 1418 2640 commemorationem
1448 2583 1727 2656 hujusmodi
1753 2593 1912 2640 minus

127 2672 401 2733 convenire,
434 2672 643 2722 maxime
671 2689 781 2721 cum
809 2673 1052 2721 ordinaria
1082 2674 1231 2722 missa
1258 2674 1317 2722 sit
1344 2674 1392 2722 in
1422 2674 1548 2723 dicta
1575 2674 1772 2724 basilica
1800 2692 1910 2724 cum

125 2753 403 2819 hujusmodi
424 2757 964 2806 commemorationibus
987 2757 1246 2818 celebrata,
1271 2773 1327 2806 ac
1346 2763 1607 2822 propterea
1624 2758 1779 2821 ipsam
1796 2758 1912 2807 voti-

125 2852 231 2885 vam
264 2838 454 2887 omissis
482 2840 1023 2889 commemorationibus
1051 2840 1396 2889 solemniorem
1428 2841 1654 2900 futuram,
1689 2841 1909 2905 persuasi

125 2922 374 2972 Sanctitati
396 2939 500 2982 sue,
531 2927 582 2972 ut
608 2923 713 2988 ipsa
738 2923 887 2972 missa
916 2940 1027 2972 cum
1048 2924 1199 2973 tribus
1224 2924 1472 2974 dumtaxat
1501 2924 1907 2990 supranominatis

125 3006 418 3056 orationibus
445 3007 703 3069 diceretur,
734 3009 872 3073 cujus
904 3008 1143 3057 Sanctitas
1171 3025 1274 3068 sua,
1296 3008 1461 3057 habito
1484 3012 1776 3058 RRmorum.
1803 3009 1903 3056 DD.

126 3091 275 3138 sancti
297 3092 424 3140 Petri
452 3092 513 3141 ad
537 3092 759 3154 Vincula,
790 3093 1018 3142 Senensis
1047 3098 1094 3142 et
1114 3093 1366 3142 camerarii
1393 3109 1540 3158 super
1558 3093 1654 3141 hoc
1682 3091 1902 3150 consilio,

123 3172 204 3234 qui
225 3190 416 3224 mecum
443 3181 720 3236 senserunt,
751 3193 897 3241 super
920 3177 1015 3225 hoc
1047 3181 1266 3226 tamena
1292 3193 1369 3226 me
1398 3177 1620 3242 primitus
1642 3175 1901 3233 informati,

124 3257 367 3304 consensit
384 3260 512 3321 quod
535 3261 1025 3309 commemorationes
1054 3261 1294 3309 ordinarie
1322 3260 1676 3309 omitterentur.
1711 3260 1902 3309 Dictum

121 3342 193 3386 est
222 3337 382 3387 Gloria
409 3341 459 3388 in
485 3344 693 3403 excelsis,
731 3344 899 3403 Credo,
932 3348 979 3393 et
1007 3344 1101 3393 alia
1126 3345 1291 3394 omnia
1308 3359 1443 3392 more
1469 3344 1629 3393 solito.

188 3422 343 3472 Finita
368 3423 531 3485 missa,
561 3431 816 3491 antequam
851 3431 980 3492 Papa
1005 3428 1315 3477 benediceret
1349 3427 1644 3487 solemniter,
1677 3431 1899 3474 cantores
