2222 3926
134 408 219 449 [Mai
241 409 335 449 1496]
582 407 750 445 RERUM
783 407 1086 444 L'RBANARUM
1121 407 1471 445 COMMENTARII.
1849 412 1918 447 277

137 511 266 574 gelii,
292 515 339 559 et
369 511 428 559 de
454 514 656 571 Lunate,
700 511 760 559 ad
781 526 931 559 cornu
966 511 1189 575 epistole,
1229 511 1289 558 ad
1316 511 1635 574 prefationem
1665 515 1912 567 venerunt,

137 599 528 658 representantes
547 596 763 659 angelos.

202 679 340 726 Feria
358 679 572 727 secunda
594 679 796 740 Pasche,
817 683 845 727 4
867 679 1048 744 aprilis,
1068 682 1234 726 Rmus.
1261 681 1317 726 D.
1344 678 1600 726 cardinalis
1623 694 1661 725 s.
1690 677 1916 726 Praxedis

135 761 395 810 celebravit
417 763 615 811 missam
651 764 920 813 solemnem
958 763 1006 811 in
1028 763 1211 827 capella
1244 762 1479 826 predicta,
1517 765 1644 825 Papa
1670 766 1913 825 presente,

135 860 270 894 more
293 846 450 894 solito.

200 930 340 978 Feria
374 931 516 979 tertia
552 931 755 990 Pasche,
793 935 819 980 5
853 931 1236 994 aprilis,1Rmus.
1273 933 1329 978 D.
1355 930 1610 978 cardinalis
1645 929 1917 977 Parmensis

134 1013 392 1062 celebravit
429 1015 627 1062 missam
667 1015 936 1063 solemnem
967 1015 1015 1062 in
1050 1014 1233 1078 capella
1277 1013 1494 1077 predicta
1535 1014 1738 1077 majore,
1781 1028 1915 1059 more

135 1097 295 1156 solito,
323 1100 451 1162 Papa
471 1103 716 1161 presente.

200 1181 409 1229 Sabbato
431 1181 477 1229 in
500 1182 637 1241 albis,
652 1186 679 1230 9
701 1181 880 1245 aprilis,
901 1185 956 1229 R.
972 1184 1022 1230 P.
1039 1184 1094 1229 D.
1115 1182 1503 1241 Bartholomeus,
1523 1181 1916 1245 archiepiscopus

136 1265 444 1326 Cusentinus,
470 1267 554 1314 SS.
582 1268 637 1313 D.
660 1265 812 1314 nostri
829 1265 1137 1325 secretarius,
1170 1265 1425 1313 celebravit
1452 1265 1650 1311 missam
1674 1263 1916 1327 publicam

131 1352 178 1396 et
200 1348 467 1397 solemnem
490 1349 539 1396 in
568 1349 739 1397 eadem
768 1348 968 1412 capella,
1006 1351 1133 1411 Papa
1161 1351 1386 1411 presente
1412 1352 1458 1395 et
1483 1347 1576 1395 alia
1596 1362 1730 1395 more
1753 1347 1912 1394 solito,

195 1431 467 1491 Dominica,
491 1436 545 1480 17
561 1432 740 1496 aprilis,
761 1432 876 1480 obiit
889 1431 1241 1479 illustrissimus
1250 1431 1480 1495 princeps
1494 1434 1550 1478 D.
1568 1430 1764 1478 Carolus
1778 1431 1863 1476 Am
1872 1446 1918 1476 a·

131 1513 269 1565 deus.
286 1514 381 1563 dux'
403 1515 659 1575 Sabandie,
684 1531 805 1580 puer
822 1515 894 1563 six
915 1531 1153 1563 annorum
1174 1515 1247 1563 vel
1266 1515 1412 1574 circa,
1439 1515 1608 1563 unicus
1629 1531 1688 1562 ex
1703 1514 1831 1562 linea
1850 1513 1917 1559 di-

129 1603 264 1646 recta
285 1598 363 1647 cui
387 1599 622 1647 successit
638 1599 686 1646 in
703 1599 881 1647 ducatii
902 1599 1168 1662 Philippus,
1192 1601 1247 1646 D.
1274 1598 1332 1645 de
1356 1600 1545 1656 Bressa,
1562 1603 1759 1661 patruus
1780 1614 1910 1645 suus.

195 1682 422 1739 Sabbato,
450 1686 510 1732 30
529 1683 709 1746 aprilis,
733 1683 929 1731 fuerunt
948 1682 1169 1747 expedite
1185 1697 1272 1745 per
1297 1697 1541 1730 cameram
1563 1681 1715 1744 prime
1739 1696 1914 1744 expec-

130 1767 274 1815 tative
300 1767 560 1815 Alexandri
582 1783 705 1831 pape
738 1767 858 1815 sexti
890 1782 1095 1815 numero
1117 1765 1395 1829 quindecim
1426 1765 1573 1813 millia
1595 1764 1669 1812 vel
1699 1764 1843 1821 circa,
1870 1769 1910 1811 et

130 1850 314 1898 decreti
335 1865 592 1913 processus
634 1865 778 1913 super
809 1849 878 1898 eis
904 1865 992 1912 per
1017 1852 1074 1897 D.
1098 1850 1389 1908 Johannem,
1433 1848 1642 1897 electum
1671 1848 1912 1895 Mutinen-

133 1948 256 1992 sem,
283 1932 547 1990 datarium;
581 1936 627 1980 et
658 1933 778 1980 feria
811 1937 961 1993 sexta,
994 1936 1021 1980 6
1049 1933 1180 1992 maii,
1210 1949 1522 1998 vesperorum
1559 1934 1698 1985 hora,
1723 1933 1770 1979 in
1804 1933 1912 1980 aula

137 2031 313 2080 magna
334 2016 494 2079 palatii
517 2016 767 2080 apostolici
808 2016 934 2080 apud
971 2033 1010 2064 s,
1047 2019 1241 2065 Petrum
1270 2018 1317 2064 in
1351 2032 1528 2080 genere
1565 2016 1745 2064 decreti
1777 2016 1913 2079 juxta

137 2106 357 2147 tenorem
379 2099 545 2164 regule
568 2099 856 2148 cancellarie
878 2100 1141 2163 apostolice
1166 2099 1375 2163 desuper
1396 2100 1539 2148 edite.

200 2182 426 2242 Sabbato,
455 2187 480 2230 7
503 2183 634 2242 maii,
660 2183 789 2231 circa
812 2183 983 2230 horam
1004 2183 1287 2246 vigesimam
1311 2199 1473 2241 unam,
1500 2183 1631 2231 venit
1660 2199 1746 2246 per
1778 2187 1914 2245 prata

134 2269 179 2314 et
202 2265 393 2313 intravit
409 2281 499 2329 per
518 2270 708 2329 portam
725 2265 949 2316 Viridarii
973 2266 1032 2313 ad
1067 2267 1245 2315 Urbem
1274 2265 1561 2330 magnificus
1598 2269 1654 2314 D.
1688 2265 1913 2313 Nicolaus

127 2349 354 2407 Michael,
378 2350 628 2412 utriusque
646 2350 768 2413 juris
798 2349 968 2398 doctor
985 2355 1031 2398 et
1054 2350 1211 2409 miles,
1236 2350 1456 2414 patritius
1479 2353 1693 2399 Venetus
1715 2347 1911 2396 dominii

129 2435 447 2494 Venetorum,
491 2438 653 2482 orator
699 2433 760 2481 ad
802 2435 886 2482 SS.
920 2436 976 2481 D.
1010 2438 1230 2482 nostrum
1266 2434 1551 2493 destinatus,
1598 2449 1708 2482 cum
1749 2433 1913 2481 salmis

127 2516 386 2564 duodecim
407 2522 453 2565 et
489 2516 673 2565 familia
694 2517 933 2565 ordinarie
952 2518 1140 2577 vestita,
1169 2518 1264 2576 cui,
1290 2518 1350 2565 ad
1378 2518 1705 2581 importunam
1734 2517 1914 2564 instan-

128 2601 243 2649 tiam
284 2603 341 2648 D.
378 2600 659 2665 Hieronymi
689 2601 898 2664 Georgii,
937 2602 1082 2649 etiam
1126 2602 1331 2649 oratoris
1361 2601 1580 2666 ejusdem
1627 2601 1826 2648 dominii
1864 2600 1909 2646 in

128 2685 273 2744 Urbe,
293 2683 340 2731 in
357 2685 494 2748 cujus
511 2684 674 2732 locum
693 2684 795 2748 ipse
810 2685 1091 2733 mittebatur
1110 2685 1236 2748 apud
1252 2670 1567 2733 Sanctitatem
1583 2700 1719 2732 suam
1734 2700 1744 2741 3
1764 2683 1910 2730 misse

128 2766 320 2815 obviam
358 2767 537 2816 familie
569 2769 653 2816 SS.
699 2771 756 2816 D.
796 2769 949 2816 nostri
989 2784 1043 2817 ac
1085 2769 1302 2816 omnium
1339 2769 1673 2827 cardinalium,
1710 2771 1913 2830 excepta

127 2851 307 2899 familia
325 2853 382 2899 D.
410 2851 666 2899 cardinalis
689 2853 840 2900 sancti
863 2853 1079 2918 Dionysii
1101 2869 1194 2916 que
1216 2869 1313 2900 non
1333 2852 1485 2910 venit;
1512 2847 1743 2899 venerunt
1766 2849 1911 2898 etiam

127 2933 315 2982 obviam
342 2934 432 2982 sibi
456 2939 674 2983 oratores
697 2933 797 2984 duo'
824 2936 950 3001 regis
976 2941 1022 2984 et
1043 2937 1210 3000 regine
1243 2935 1600 3000 Hispaniarum,
1634 2935 1759 2998 regis
1787 2936 1911 2981 Nea-

130 3016 332 3079 politani
354 3021 401 3065 et
423 3017 559 3065 ducis
580 3018 838 3067 Mediolani
859 3035 868 3067 :
895 3020 1163 3068 associatus
1183 3020 1270 3068 fuit
1292 3036 1446 3083 usque
1469 3020 1528 3068 ad
1549 3020 1748 3067 domum
1767 3032 1910 3080 quam

128 3097 397 3148 inhabitare
414 3101 662 3149 consuevit
676 3104 843 3151 RmuS.
862 3104 917 3149 D.
935 3102 1192 3150 cardinalis
1206 3101 1460 3151 Januensis
1473 3117 1624 3166 prope
1648 3100 1908 3149 ecclesiam

129 3180 387 3230 duodecim
429 3184 759 3247 apostolorum
795 3202 805 3233 :
839 3186 1066 3249 equitavit
1102 3187 1287 3235 medius
1330 3187 1456 3235 inter
1492 3185 1907 3249 archiepiscopum

130 3264 443 3312 Cusentinum
461 3270 509 3314 et
527 3268 807 3332 episcopum
831 3270 1536 3333 Calaguritanum‚magistrum
1556 3269 1726 3315 domus
1745 3266 1904 3331 palatii

129 3348 400 3412 apostolici,
426 3349 508 3412 qui
528 3350 641 3398 fecit
660 3351 805 3400 verba
834 3353 1126 3416 receptionis
1151 3370 1159 3401 :
1182 3354 1274 3402 alia
1301 3353 1464 3401 omnia
1492 3367 1630 3399 more
1654 3351 1794 3398 solito
1819 3353 1901 3413 (1).

179 3534 211 3570 1.
241 3533 334 3582 Voy.
358 3533 407 3571 M.
432 3533 585 3577 Sanuto,
608 3535 742 3575 Diarii,
764 3538 791 3571 t.
815 3534 844 3579 Ι,
867 3533 934 3571 col.
956 3535 1081 3571 178-9.
