2222 3926
166 334 436 378 [Ja11vier1495]
615 333 781 370 RERUM
814 330 1116 368 URBANARUM
1151 330 1494 367 COMMENTARH.
1875 331 1943 365 217

168 439 292 487 Rmi.
332 441 387 486 D.
425 437 682 487 cardinalis
718 434 1060 493 Beneventani,
1095 434 1141 481 in
1177 433 1303 482 Urbe
1340 431 1595 480 associavit
1626 446 1712 494 per
1743 436 1941 493 pontem

166 509 397 571 Milvium.
419 522 653 572 Venimus
674 537 762 585 per
784 520 907 568 viam
931 507 1032 567 luto
1055 522 1102 566 et
1123 518 1259 580 aquis
1282 515 1758 579 superabundantem
1779 514 1839 561 ad
1857 530 1941 577 pa-

164 607 331 654 latium
351 605 639 670 predictum,
664 605 792 653 circa
812 603 1072 652 secundam
1092 602 1264 650 horam
1285 600 1460 658 noctis,
1484 615 1572 663 per
1592 613 1763 646 omnes
1794 597 1890 644 vias
1915 613 1942 644 a

166 690 344 754 palatio
379 689 517 738 solite
552 689 812 737 residentia
847 690 901 735 D.
940 686 1194 735 cardinalis
1232 684 1569 734 Ulixbonensis
1600 675 1750 747 prope
1781 681 1941 730 eccle-

166 774 287 821 siam
318 790 357 821 s.
396 773 639 822 Laurentii
668 773 716 820 in
750 772 931 819 Lucina
963 771 1123 830 sitam,
1160 785 1312 832 usque
1345 768 1406 816 ad
1442 785 1480 816 s.
1515 770 1729 815 Marcum
1763 782 1773 813 :
1805 769 1941 813 erant

165 857 350 905 incensi
373 857 510 920 ignes
532 861 579 905 et
609 856 851 903 intorticia
871 871 926 903 ac
952 854 1208 902 luminaria
1234 853 1365 916 quasi
1396 869 1481 916 per
1509 849 1719 913 singulas
1746 849 1935 906 domus,

166 940 387 988 omnibus
420 938 797 987 acclamantibus
835 955 844 985 :
882 938 1115 985 Francia!
1147 938 1382 984 Francia!
1420 935 1660 982 calonna!
1699 933 1939 980 Colorma!

175 1023 404 1071 Vincula!
444 1022 643 1070 Vincula
656 1024 679 1068 ι’.
702 1023 819 1069 Cum
851 1036 1070 1068 essemus
1098 1025 1208 1068 ante
1235 1019 1466 1083 palatium
1498 1035 1535 1065 s.
1567 1018 1734 1076 Marci,
1770 1020 1936 1064 Rmus.

163 1110 220 1154 D.
251 1105 508 1155 cardinalis
535 1104 771 1152 Ascanius
799 1119 897 1150 non
925 1103 1175 1151 descendit
1202 1118 1261 1151 ex
1290 1102 1438 1161 mula,
1474 1101 1559 1150 sed
1590 1105 1724 1149 extra
1750 1106 1940 1164 portam

162 1194 272 1239 ante
304 1190 430 1253 regis
459 1190 725 1247 introitum,
751 1188 1059 1251 discooperto
1082 1187 1256 1250 capite,
1295 1191 1493 1249 accepta
1523 1202 1550 1233 a
1579 1200 1694 1248 rege
1721 1185 1936 1243 licentia,

161 1273 382 1334 recessit,
405 1289 497 1322 nec
525 1289 564 1320 S.
596 1273 724 1320 Petri
755 1272 815 1320 ad
841 1271 1049 1321 Vincula
1078 1286 1167 1318 nec
1196 1270 1367 1332 aliquis
1395 1269 1597 1316 aliorum
1626 1268 1940 1316 cardinalium

163 1372 329 1420 regem
356 1356 628 1405 associavit.
658 1359 782 1403 Ante
813 1354 1062 1403 introitum
1092 1354 1218 1417 regis
1252 1352 1312 1400 ad
1339 1352 1537 1410 Urbem,
1571 1351 1716 1399 hodie
1747 1351 1941 1399 fuerunt

161 1440 443 1504 consignate
465 1439 620 1488 claves
641 1444 778 1503 porte
807 1438 1031 1488 Viridarii
1055 1437 1315 1485 Belvedere
1337 1435 1624 1483 intermedie
1654 1440 1701 1482 et
1722 1435 1939 1482 omnium

160 1525 362 1573 aliarum
395 1528 645 1588 portarum
679 1523 820 1571 Urbis
856 1537 1033 1590 magno
1068 1521 1367 1569 marescalco
1400 1520 1539 1583 regni
1570 1519 1788 1578 Francie,
1825 1518 1939 1566 dicti

161 1608 288 1671 regis
310 1607 489 1656 oratori
521 1606 816 1670 supradicto,
850 1622 908 1654 eo
931 1605 999 1653 sic
1026 1605 1236 1663 volente,
1267 1608 1314 1652 et
1341 1620 1453 1652 cum
1476 1606 1604 1667 Papa
1626 1606 1862 1651 convento
1884 1618 1939 1650 ac

162 1691 389 1740 concluso
425 1708 434 1739 :
461 1690 684 1739 dicebant
713 1677 842 1738 enim
871 1691 1062 1749 Franci,
1099 1694 1146 1736 et
1180 1689 1229 1736 in
1255 1688 1351 1736 hoc
1383 1703 1481 1736 non
1508 1687 1750 1746 errabant,
1782 1686 1940 1734 claves

160 1774 439 1838 hujusmodi
459 1789 615 1837 nuper
635 1774 744 1822 duci
767 1773 1001 1831 Calabrie‚
1027 1788 1138 1821 cum
1159 1773 1209 1819 in
1231 1773 1360 1820 Urbe
1381 1775 1528 1830 esset,
1554 1771 1774 1818 similiter
1793 1770 1938 1817 fuisse

159 1858 356 1905 traditas
378 1861 426 1905 et
446 1857 733 1920 assignatas,
758 1858 835 1905 cui
859 1872 945 1905 rex
966 1857 1165 1904 Francie
1188 1871 1284 1904 non
1309 1862 1436 1905 esset
1458 1857 1672 1904 inferior.

225 1941 404 1989 Eadem
440 1940 535 2000 die,
571 1940 739 1988 ultima
771 1940 1062 1998 decembris,
1096 1940 1290 1987 fuerunt
1319 1956 1520 2004 vespere
1549 1939 1747 2003 papales
1778 1939 1825 1985 in
1857 1954 1938 1986 ca—

157 2024 285 2088 pella
316 2025 502 2089 majore
532 2024 712 2088 palatii,
742 2027 870 2088 Papa
904 2028 1131 2087 presente
1163 2028 1209 2071 et
1241 2023 1454 2071 officium
1486 2022 1767 2079 inchoante,
1801 2036 1936 2069 more

156 2112 390 2156 consueto
413 2109 497 2169 (1).

816 2257 1273 2304 MCCCCLXXXXV

217 2391 356 2452 Anno
381 2404 572 2452 Domini
592 2405 1069 2464 MCCCCLXXXXV,
1100 2404 1219 2452 feria
1247 2405 1430 2467 quinta,
1460 2410 1478 2453 1
1507 2405 1689 2452 mensis
1706 2403 1932 2468 januarii,

154 2490 318 2537 Rmus.
360 2487 616 2536 cardinalis
656 2489 949 2548 Parmensis,
992 2489 1041 2536 in
1081 2488 1204 2536 festo
1234 2489 1642 2547 Circumcisionis,
1678 2488 1934 2537 celebravit

153 2570 351 2620 missam
383 2572 652 2631 solemnem
684 2572 732 2620 in
761 2573 946 2636 capella
971 2573 1156 2637 majore
1185 2572 1470 2636 apostolica,
1502 2575 1632 2636 Papa
1657 2575 1883 2635 presente
1920 2590 1928 2618 :

154 2669 433 2703 sermonem
469 2656 584 2704 fecit
619 2660 908 2720 procurator
943 2655 1124 2704 ordinis
1147 2656 1543 2715 Carmelitarum;
1584 2662 1629 2705 et
1667 2655 1761 2703 alia
1797 2670 1931 2703 more

151 2737 293 2786 solito
315 2743 424 2787 sunt
445 2739 713 2788 observata.

216 2822 397 2870 Eadem
421 2823 497 2871 die
523 2829 570 2872 et
597 2825 909 2887 sequentibus
931 2820 1119 2884 diebus,
1144 2840 1314 2873 omnes
1341 2825 1508 2872 RRmi.
1535 2826 1635 2872 ΠΙ).
1660 2823 1929 2872 cardinales

150 2907 197 2954 in
218 2906 333 2955 urbe
353 2907 614 2956 existentes
634 2908 903 2957 successive
921 2909 1171 2957 visitarunt
1188 2925 1354 2972 regem
1373 2908 1592 2963 Francie‚
1615 2923 1750 2956 more
1767 2907 1928 2963 solim,

196 3042 229 3079 1.
259 3056 279 3075 «
298 3043 330 3078 A
348 3043 386 3078 di
403 3043 446 3079 31
468 3042 505 3079 di
525 3043 716 3080 Dicembre
742 3043 801 3079 dal
827 3045 930 3081 1494.
954 3044 978 3080 il
1005 3056 1042 3081 re
1062 3044 1378 3081 Christianissimo
1398 3043 1504 3080 Carlo
1525 3043 1560 3079 di
1580 3043 1703 3080 Valois
1724 3043 1759 3078 di
1779 3042 1930 3078 Francia

149 3103 251 3158 entro
278 3100 374 3137 nella
398 3101 494 3139 Cittz‘i
518 3102 555 3139 di
580 3103 698 3140 Roma
723 3115 791 3139 con
820 3107 914 3140 tutto
946 3103 967 3139 il
996 3115 1063 3140 suo
1092 3103 1254 3149 esertito‚
1282 3109 1410 3140 contra
1442 3103 1466 3139 il
1497 3102 1617 3139 volere
1644 3102 1679 3138 di
1706 3102 1929 3138 Alessandro

147 3159 247 3207 Papa
272 3159 333 3197 VI.
361 3161 436 3197 Nel’
457 3166 599 3199 entrare
625 3162 683 3198 del
709 3162 815 3210 quale
841 3175 914 3199 non
940 3163 1016 3200 fece
1049 3164 1170 3200 danno
1196 3164 1338 3201 alcuno.
1366 3163 1463 3200 Cosa
1486 3167 1696 3198 veramente
1723 3161 1882 3198 notanda
1909 3172 1927 3196 e

148 3219 270 3265 degna
288 3218 324 3254 di
344 3217 527 3257 memoria.
549 3221 602 3257 Ne
622 3221 692 3257 mai
707 3221 769 3270 piu
789 3222 846 3258 ne'
867 3223 978 3271 tempi
1000 3222 1093 3259 s'udi
1114 3235 1187 3259 una
1207 3223 1323 3259 simile
1343 3234 1475 3259 nuova.
1495 3237 1512 3255 »
1535 3222 1734 3258 Chronicon
1754 3221 1926 3257 Venetam

146 3277 239 3313 dans
259 3277 446 3323 Muratori,
471 3281 555 3316 Rer.
581 3281 664 3317 Ital.
692 3282 842 3328 Scripc„
867 3287 892 3318 t.
921 3282 1053 3326 XXIV,
1075 3294 1111 3330 p.
1142 3284 1198 3319 10.
1228 3282 1320 3329 Voy.
1344 3285 1366 3317 a
1391 3281 1500 3328 l'app.
1523 3287 1565 3315 n⁰
1585 3281 1643 3316 26.
1669 3294 1686 3311 «
1708 3280 1857 3315 Lentree
1877 3279 1926 3314 (lu

143 3348 210 3383 roy
240 3341 360 3373 nostre
379 3339 452 3372 sire
470 3348 492 3372 a
508 3339 652 3375 Romme
672 3354 707 3384 »,
729 3345 766 3376 et
784 3340 837 3377 les
856 3341 978 3389 pieees
1001 3341 1200 3378 suivantes.
1223 3341 1293 3377 Ces
1314 3340 1498 3381 relations,
1521 3338 1652 3374 acrites
1673 3350 1739 3386 par
1755 3349 1824 3373 une
1845 3349 1923 3385 per-

149 3407 263 3432 sonne
289 3396 334 3431 de
360 3394 394 3431 la
420 3394 513 3432 suite
541 3396 591 3431 du
620 3397 686 3442 roi,
714 3401 751 3434 et
776 3410 864 3434 sans
891 3398 1000 3434 doute
1026 3410 1092 3446 par
1114 3410 1181 3435 son
1208 3398 1326 3442 ordre,
1354 3397 1474 3432 furent
1500 3395 1706 3443 imprimees
1734 3407 1796 3431 sur
1823 3394 1922 3441 place

148 3466 239 3502 pour
252 3458 326 3491 etre
347 3454 542 3502 expediees
562 3466 607 3491 en
628 3452 778 3493 Italie'et
797 3469 840 3492 en
863 3457 1011 3493 Franee.
