2202 3926
278 386 324 421 70
588 414 593 418 ,
889 382 1122 421 JOHANNIS
1156 381 1448 429 BURCHARDI,
1860 382 1945 424 [Mai
1969 383 2064 423 1493]

280 488 569 537 baldachino
593 487 724 536 venit
746 487 807 536 ad
831 487 993 536 locum
1019 487 1209 551 publice
1237 485 1586 536 benedictionis
1614 483 1696 533 ubi
1724 484 1856 534 dedit
1884 486 2063 534 solem-

278 589 391 621 nem
431 571 821 620 benedictionem
863 574 911 620 et
948 570 1189 635 plenarias
1226 570 1550 635 indulgentias
1587 584 1722 618 more
1763 570 1904 619 solito
1944 586 2063 634 quas

278 657 641 721 publicaverunt
674 673 712 702 s,
748 654 942 717 Georgii
968 654 1113 702 latine
1145 657 1193 702 et
1220 654 1279 702 de
1305 654 1539 702 Columna
1571 652 1761 701 diaconi
1792 653 2062 703 cardinales

278 740 552 804 vulgariter.
576 738 759 787 Deinde
776 740 906 800 Papa
918 752 1138 784 reversus
1155 737 1305 784 estad
1319 736 1567 800 palatium,
1591 736 1914 785 cardinalibus
1934 737 2063 787 circa

278 829 476 889 pontem
514 821 798 880 licenciatis,
843 823 890 868 et
929 819 1041 882 quia
1064 818 1212 866 abbas
1234 834 1274 865 S.
1306 818 1599 879 Sebastiani,
1642 819 1844 868 sacrista
1881 820 2060 884 palatii,

280 906 463 955 dixerat
485 908 612 970 Pape
638 906 767 969 quod
791 905 990 954 deberet
1017 903 1181 952 venire
1208 903 1294 951 sub
1324 901 1612 951 baldachino
1635 906 1734 952 tam
1756 918 1782 952 e
1804 903 1983 968 palatio
2005 904 2066 952 ad

281 988 537 1038 ecclesiam
572 1004 716 1052 quam
748 989 806 1037 de
842 987 1049 1037 ecclesia
1081 987 1139 1035 ad
1170 987 1333 1036 locum
1367 986 1738 1047 benedictioniS,
1775 989 1905 1052 Papa
1938 987 2066 1037 circa

281 1073 429 1122 finem
451 1072 596 1121 misse
620 1072 930 1137 interrogavit
955 1088 1033 1120 me
1056 1087 1114 1120 an
1136 1072 1224 1119 sub
1245 1071 1532 1120 baldachino
1554 1070 1753 1120 deberet
1774 1071 1966 1133 venire;
1989 1072 2065 1121 cui

281 1171 359 1204 me
393 1155 715 1219 respondente
747 1155 877 1219 quod
907 1170 1022 1214 non,
1058 1153 1297 1203 Sanctitas
1330 1170 1415 1202 sua
1445 1155 1688 1205 commisit
1722 1156 1920 1205 sacriste
1953 1172 2067 1221 pre-

283 1239 411 1287 dicto
441 1239 570 1302 quod
607 1242 883 1303 apportaret
914 1238 1092 1286 librum
1130 1238 1538 1299 ceremoniarum,
1573 1239 1654 1303 qui
1688 1238 1769 1288 ivit
1798 1252 1886 1303 pro
1921 1240 2062 1299 libro,

284 1322 368 1371 sed
390 1322 499 1386 quia
517 1338 572 1372 ex
597 1339 654 1371 eo
675 1338 773 1372 non
798 1321 953 1387 potuit
974 1321 1217 1371 somnium
1240 1339 1380 1371 suum
1400 1323 1668 1382 verificare,
1694 1322 1755 1371 ad
1775 1325 1954 1388 Papam
1975 1338 2064 1389 pro

283 1420 341 1454 eo
363 1421 506 1454 mane
529 1421 628 1454 non
649 1410 722 1456 est
740 1422 979 1456 reversus,

349 1489 524 1549 Pridie,
575 1490 798 1539 dominus
839 1489 1107 1540 Ludovicus
1147 1491 1390 1553 BracciUS,
1429 1491 1725 1541 serenissimi
1746 1489 2058 1539 Maximiliani

284 1579 612 1624 Romanorum
639 1575 767 1639 regis
791 1575 1080 1625 secretarius
1102 1580 1150 1625 et
1177 1580 1357 1636 orator,
1387 1577 1525 1641 petiit
1552 1593 1580 1625 a
1608 1578 1691 1625 SS.
1724 1578 1781 1624 D.
1816 1577 1872 1623 N.
1902 1574 2065 1623 10011111

284 1660 412 1708 inter
431 1662 645 1708 oratores
669 1659 758 1708 sibi
788 1659 1005 1709 debitum
1032 1659 1285 1725 assignari,
1322 1665 1370 1710 et
1394 1661 1509 1710 licet
1531 1660 1768 1709 Sanctitas
1800 1674 1904 1719 sua,
1939 1657 2068 1722 quod

282 1742 419 1791 locus
442 1742 531 1791 sibi
553 1759 698 1808 supra
718 1748 766 1792 et
784 1748 893 1792 ante
914 1759 1084 1793 omnes
1107 1748 1325 1794 oratores
1347 1745 1536 1810 regales
1557 1744 1808 1802 debeatur,
1832 1742 2066 1791 assentire

287 1827 546 1887 videretur,
571 1831 733 1876 tamen
757 1828 875 1877 dixit
903 1845 953 1877 se
982 1844 1127 1893 super
1151 1829 1246 1878 hoc
1274 1832 1480 1878 RRmos.
1515 1831 1616 1878 DD.
1652 1827 1921 1877 cardinales
1950 1842 2067 1876 con-

287 1911 447 1959 sulere
467 1915 514 1958 et
531 1926 610 1960 me
632 1912 796 1961 audire
815 1913 956 1962 velle.
978 1913 1064 1962 Fui
1085 1914 1231 1979 igitur
1247 1919 1506 1979 propterea
1521 1918 1718 1962 vocatus
1737 1926 1902 1962 coram
1922 1914 2069 1961 Sanc-

283 1994 417 2044 titate
446 2011 532 2043 sua
562 2012 653 2059 que
676 1996 795 2044 mihi
827 1996 944 2046 dixit
966 1998 1157 2046 RRmis.
1192 2001 1293 2047 DD.
1328 1998 1651 2047 cardinalibus
1681 1997 1828 2046 videri
1859 1995 1989 2060 quod
2015 2010 2066 2044 se

282 2078 407 2127 inter
445 2094 585 2143 reges
621 2083 951 2131 Romanorum
986 2087 1031 2130 et
1067 2082 1269 2131 Francie
1305 2097 1394 2146 pro
1443 2081 1552 2130 loco
1596 2080 1879 2145 hujusmodi
1917 2079 2068 2128 inter-

282 2176 463 2223 ponere
483 2177 581 2209 non
603 2162 795 2223 debeat,
819 2181 879 2212 ne
903 2165 1169 2228 indignatio
1188 2166 1347 2229 aliqua
1364 2165 1466 2214 sedi
1485 2164 1749 2228 apostolice
1769 2164 1943 2211 exinde
1962 2178 2069 2211 eve-

285 2243 386 2292 niat
410 2260 419 2292 :
444 2244 759 2293 nihilominus
781 2247 899 2294 mihi
921 2252 1036 2296 tunc
1058 2247 1318 2308 commisit,
1345 2248 1474 2312 quod
1493 2247 1600 2296 heri
1625 2251 1736 2295 ante
1759 2261 1983 2310 vesperas
2006 2246 2067 2294 ob

287 2327 491 2375 eandem
519 2343 714 2376 causam
739 2330 800 2378 ad
824 2331 1141 2380 Sanctitatem
1171 2347 1308 2380 suam
1338 2331 1566 2391 redirem,
1595 2330 1725 2394 quod
1754 2333 1802 2378 et
1830 2329 1949 2388 feci;
1987 2329 2065 2376 ubi

286 2413 521 2462 Sanctitas
558 2429 645 2462 sua
676 2413 793 2461 mihi
822 2414 940 2463 dixit
969 2415 1089 2463 nihil
1118 2416 1248 2464 circa
1275 2416 1438 2464 locum
1464 2414 1745 2480 hujusmodi
1777 2412 2065 2463 decrevisse.

287 2495 429 2543 Dedit
463 2498 623 2543 autem
655 2496 868 2560 prefatus
891 2499 948 2545 D.
975 2497 1245 2546 Ludovicus
1268 2498 1493 2547 Braccius
1513 2503 1675 2547 orator
1705 2499 1787 2546 SS.
1813 2500 1871 2545 D.
1902 2500 2068 2544 nostro

288 2578 681 2628 informationem
701 2596 848 2644 super
862 2580 971 2629 1000
991 2581 1272 2645 hujUsmodi
1289 2582 1459 2646 petito,
1486 2583 1624 2646 cujus
1652 2586 1795 2631 tenor
1820 2580 1928 2629 talis
1956 2583 2030 2628 est
2054 2594 2063 2627 :

356 2683 378 2707 «
418 2666 518 2711 Rex
551 2666 896 2722 Romanorum,
930 2662 1074 2711 etiam
1094 2663 1385 2727 imperatore
1413 2663 1571 2712 adhuc
1598 2665 1785 2713 vivente
1817 2651 2064 2720 suffectuS,

288 2746 463 2795 ceteris
494 2746 688 2810 regibus
718 2746 1033 2811 preferendus
1072 2751 1162 2795 est.
1199 2749 1337 2806 Nam,
1377 2751 1429 2795 ut
1464 2748 1557 2795 alia
1588 2748 1920 2806 obmittamus,
1957 2761 2066 2794 cum

288 2845 398 2878 eum
421 2834 588 2879 sancta
606 2835 762 2879 mater
787 2830 1021 2890 Ecclesia,
1047 2846 1158 2878 eum
1175 2830 1255 2894 jus
1284 2830 1589 2894 pontificium
1620 2831 1844 2880 omnibus
1870 2830 2067 2894 regibus

286 2914 515 2978 preferat,
546 2930 716 2963 omnes
735 2915 819 2963 filii
848 2919 1013 2963 sancte
1041 2915 1206 2963 matris
1226 2914 1441 2962 Ecclesie
1470 2930 1583 2963 eum
1611 2930 1802 2978 quoque
1824 2914 1927 2962 sine
1949 2928 2066 2962 con-

287 2998 518 3047 troversia
537 2998 752 3062 preferre
775 2999 969 3047 debent.

357 3081 713 3129 «Manifestum
742 3087 814 3129 est
850 3086 1013 3130 autem
1050 3098 1162 3130 eum
1191 3099 1216 3130 a
1254 3086 1419 3130 sancta
1446 3084 1600 3128 matre
1630 3078 1846 3127 Ecclesia
1879 3079 2065 3128 cunctis

290 3164 483 3228 regibus
538 3165 791 3224 anteferri,
840 3165 970 3228 quod
1020 3182 1132 3213 eum
1181 3165 1337 3214 solum
1396 3164 1681 3213 advocatum
1730 3178 1789 3210 ex
1843 3162 2066 3210 omnibus

288 3248 481 3312 regibus
519 3252 566 3297 et
604 3264 743 3296 suum
784 3248 1091 3296 defensorem
1130 3265 1185 3297 ac
1222 3253 1587 3313 procuratorem
1627 3239 1855 3311 appellat,
1905 3245 1964 3293 ab
2006 3259 2064 3293 eo

288 3346 477 3395 quoque
501 3331 549 3378 in
571 3331 671 3379 suis
700 3331 1069 3380 necessitatibus
1094 3332 1306 3396 primum
1327 3331 1557 3379 auxilium
1586 3346 1670 3378 seu
1691 3329 2060 3394 protectionem,

286 3419 338 3463 ut
354 3416 464 3480 jura
484 3415 714 3476 indicant,
735 3415 982 3479 requirere
1006 3418 1053 3463 et
1074 3415 1304 3478 consequi
1327 3414 1590 3473 consuevit,
1616 3417 1682 3472 ut,
1709 3413 1884 3462 ceteris
1906 3411 2063 3460 omni-

286 3498 374 3547 bus
395 3498 637 3559 obmissis,
665 3499 760 3548 late
787 3502 919 3563 patet
945 3499 993 3546 in
1023 3499 1232 3562 capitulo
1270 3497 1607 3556 Venerabilem,
1640 3497 1699 3545 de
1722 3496 1955 3554 electione,
1981 3493 2062 3541 ubi
