<?xml version="1.0" encoding="UTF-8"?>
<!DOCTYPE html PUBLIC "-//W3C//DTD XHTML 1.0 Transitional//EN"
    "http://www.w3.org/TR/xhtml1/DTD/xhtml1-transitional.dtd">
<html xmlns="http://www.w3.org/1999/xhtml" xml:lang="en" lang="en">
 <head>
  <title>
</title>
<meta http-equiv="Content-Type" content="text/html;charset=utf-8" />
  <meta name='ocr-system' content='tesseract 3.04.00' />
  <meta name='ocr-capabilities' content='ocr_page ocr_carea ocr_par ocr_line ocrx_word'/>
</head>
<body>
  <div class='ocr_page' id='page_1' title='image "./diariumsivererum02burcuoft_0351.png"; bbox 0 0 2222 3926; ppageno 0'>
   <div class='ocr_carea' id='block_1_1' title="bbox 178 301 1958 344">
    <p class='ocr_par' dir='ltr' id='par_1_1' title="bbox 178 301 1958 344">
     <span class='ocr_line' id='line_1_1' title="bbox 178 301 1958 344; baseline 0.003 -10"><span class='ocrx_word' id='word_1_1' title='bbox 178 303 507 344; x_wconf 75' lang='lat' dir='ltr'>[Novembre1496]</span> <span class='ocrx_word' id='word_1_2' title='bbox 624 302 792 339; x_wconf 82' lang='lat' dir='ltr'>RERUM</span> <span class='ocrx_word' id='word_1_3' title='bbox 825 301 1125 338; x_wconf 71' lang='lat' dir='ltr'>URBANARUM</span> <span class='ocrx_word' id='word_1_4' title='bbox 1153 302 1503 339; x_wconf 74' lang='lat' dir='ltr'>COMMENTARII.</span> <span class='ocrx_word' id='word_1_5' title='bbox 1888 305 1958 340; x_wconf 79' lang='lat'>339</span> 
     </span>
    </p>
   </div>
   <div class='ocr_carea' id='block_1_2' title="bbox 154 403 1958 3142">
    <p class='ocr_par' dir='ltr' id='par_1_2' title="bbox 176 403 1958 787">
     <span class='ocr_line' id='line_1_2' title="bbox 180 403 1958 468; baseline 0 -16"><span class='ocrx_word' id='word_1_6' title='bbox 180 405 418 468; x_wconf 89' lang='lat' dir='ltr'>sequenti,</span> <span class='ocrx_word' id='word_1_7' title='bbox 443 404 592 453; x_wconf 90' lang='lat' dir='ltr'>missa</span> <span class='ocrx_word' id='word_1_8' title='bbox 610 405 658 452; x_wconf 92' lang='lat' dir='ltr'>in</span> <span class='ocrx_word' id='word_1_9' title='bbox 679 404 849 454; x_wconf 89' lang='lat' dir='ltr'>eadem</span> <span class='ocrx_word' id='word_1_10' title='bbox 872 404 1071 468; x_wconf 88' lang='lat' dir='ltr'>capella,</span> <span class='ocrx_word' id='word_1_11' title='bbox 1093 419 1237 467; x_wconf 91' lang='lat' dir='ltr'>quam</span> <span class='ocrx_word' id='word_1_12' title='bbox 1260 403 1518 452; x_wconf 88' lang='lat' dir='ltr'>celebravit</span> <span class='ocrx_word' id='word_1_13' title='bbox 1538 406 1704 451; x_wconf 90' lang='lat' dir='ltr'>Rmus.</span> <span class='ocrx_word' id='word_1_14' title='bbox 1728 407 1783 452; x_wconf 91' lang='lat' dir='ltr'>D.</span> <span class='ocrx_word' id='word_1_15' title='bbox 1806 405 1958 452; x_wconf 89' lang='lat' dir='ltr'>cardi-</span> 
     </span>
     <span class='ocr_line' id='line_1_3' title="bbox 178 488 1958 552; baseline 0 -16"><span class='ocrx_word' id='word_1_16' title='bbox 178 488 300 536; x_wconf 88' lang='lat' dir='ltr'>nalis</span> <span class='ocrx_word' id='word_1_17' title='bbox 320 489 690 549; x_wconf 84' lang='lat' dir='ltr'>Alexandrinus,</span> <span class='ocrx_word' id='word_1_18' title='bbox 716 489 861 537; x_wconf 90' lang='lat' dir='ltr'>etiam</span> <span class='ocrx_word' id='word_1_19' title='bbox 883 491 1010 552; x_wconf 88' lang='lat' dir='ltr'>Papa</span> <span class='ocrx_word' id='word_1_20' title='bbox 1028 492 1278 551; x_wconf 88' lang='lat' dir='ltr'>p1·esente;</span> <span class='ocrx_word' id='word_1_21' title='bbox 1305 502 1579 535; x_wconf 89' lang='lat' dir='ltr'>sermonem</span> <span class='ocrx_word' id='word_1_22' title='bbox 1599 488 1711 536; x_wconf 84' lang='lat' dir='ltr'>fecit</span> <span class='ocrx_word' id='word_1_23' title='bbox 1732 503 1958 551; x_wconf 87' lang='lat' dir='ltr'>procura-</span> 
     </span>
     <span class='ocr_line' id='line_1_4' title="bbox 178 571 1955 620; baseline 0.001 -2"><span class='ocrx_word' id='word_1_24' title='bbox 178 578 252 619; x_wconf 90' lang='lat' dir='ltr'>tor</span> <span class='ocrx_word' id='word_1_25' title='bbox 273 571 455 620; x_wconf 82' lang='lat' dir='ltr'>ordinis</span> <span class='ocrx_word' id='word_1_26' title='bbox 483 572 841 620; x_wconf 77' lang='lat' dir='ltr'>carmelitarum</span> <span class='ocrx_word' id='word_1_27' title='bbox 867 588 876 619; x_wconf 91' lang='lat'>:</span> <span class='ocrx_word' id='word_1_28' title='bbox 902 571 995 619; x_wconf 89' lang='lat' dir='ltr'>alia</span> <span class='ocrx_word' id='word_1_29' title='bbox 1022 572 1273 620; x_wconf 80' lang='lat' dir='ltr'>observata</span> <span class='ocrx_word' id='word_1_30' title='bbox 1299 574 1411 619; x_wconf 91' lang='lat' dir='ltr'>sunt</span> <span class='ocrx_word' id='word_1_31' title='bbox 1438 586 1572 619; x_wconf 88' lang='lat' dir='ltr'>more</span> <span class='ocrx_word' id='word_1_32' title='bbox 1595 571 1750 619; x_wconf 89' lang='lat' dir='ltr'>solito.</span> <span class='ocrx_word' id='word_1_33' title='bbox 1774 574 1824 619; x_wconf 87' lang='lat' dir='ltr'>In</span> <span class='ocrx_word' id='word_1_34' title='bbox 1847 587 1955 619; x_wconf 92' lang='lat' dir='ltr'>sero</span> 
     </span>
     <span class='ocr_line' id='line_1_5' title="bbox 176 653 1957 721; baseline -0.001 -19"><span class='ocrx_word' id='word_1_35' title='bbox 176 656 370 704; x_wconf 86' lang='lat' dir='ltr'>suerunt</span> <span class='ocrx_word' id='word_1_36' title='bbox 388 672 591 721; x_wconf 88' lang='lat' dir='ltr'>vespere</span> <span class='ocrx_word' id='word_1_37' title='bbox 613 662 660 705; x_wconf 85' lang='lat' dir='ltr'>et</span> <span class='ocrx_word' id='word_1_38' title='bbox 684 656 917 705; x_wconf 82' lang='lat' dir='ltr'>matutine</span> <span class='ocrx_word' id='word_1_39' title='bbox 939 655 1275 704; x_wconf 90' lang='lat' dir='ltr'>defunctorum</span> <span class='ocrx_word' id='word_1_40' title='bbox 1297 654 1470 718; x_wconf 89' lang='lat' dir='ltr'>quibus</span> <span class='ocrx_word' id='word_1_41' title='bbox 1494 657 1625 719; x_wconf 89' lang='lat' dir='ltr'>Papa</span> <span class='ocrx_word' id='word_1_42' title='bbox 1645 654 1787 703; x_wconf 89' lang='lat' dir='ltr'>etiam</span> <span class='ocrx_word' id='word_1_43' title='bbox 1812 653 1957 703; x_wconf 88' lang='lat' dir='ltr'>inter-</span> 
     </span>
     <span class='ocr_line' id='line_1_6' title="bbox 177 728 1811 787; baseline 0.001 -1"><span class='ocrx_word' id='word_1_44' title='bbox 177 738 282 787; x_wconf 76' lang='lat' dir='ltr'>suit.</span> <span class='ocrx_word' id='word_1_45' title='bbox 1726 728 1729 730; x_wconf 29' lang='lat'>¹</span> <span class='ocrx_word' id='word_1_46' title='bbox 1807 752 1811 757; x_wconf 88' lang='lat'><strong><em>‘</em></strong></span> 
     </span>
    </p>

    <p class='ocr_par' dir='ltr' id='par_1_3' title="bbox 175 822 1956 1124">
     <span class='ocr_line' id='line_1_7' title="bbox 242 822 1955 887; baseline 0.001 -17"><span class='ocrx_word' id='word_1_47' title='bbox 242 823 384 872; x_wconf 88' lang='lat' dir='ltr'>Feria</span> <span class='ocrx_word' id='word_1_48' title='bbox 423 830 610 887; x_wconf 85' lang='lat' dir='ltr'>quarta,</span> <span class='ocrx_word' id='word_1_49' title='bbox 649 830 676 872; x_wconf 78' lang='lat'><strong>2</strong></span> <span class='ocrx_word' id='word_1_50' title='bbox 716 824 1011 882; x_wconf 81' lang='lat' dir='ltr'>novembris,</span> <span class='ocrx_word' id='word_1_51' title='bbox 1046 823 1446 872; x_wconf 81' lang='lat' dir='ltr'>commemoratio</span> <span class='ocrx_word' id='word_1_52' title='bbox 1484 822 1702 871; x_wconf 92' lang='lat' dir='ltr'>omnium</span> <span class='ocrx_word' id='word_1_53' title='bbox 1740 822 1955 871; x_wconf 82' lang='lat' dir='ltr'>fidelium</span> 
     </span>
     <span class='ocr_line' id='line_1_8' title="bbox 177 904 1956 973; baseline 0.002 -20"><span class='ocrx_word' id='word_1_54' title='bbox 177 904 538 966; x_wconf 84' lang='lat' dir='ltr'>defunctorum,</span> <span class='ocrx_word' id='word_1_55' title='bbox 571 908 839 973; x_wconf 75' lang='lat' dir='ltr'>suit‘missa</span> <span class='ocrx_word' id='word_1_56' title='bbox 870 906 1060 971; x_wconf 87' lang='lat' dir='ltr'>publica</span> <span class='ocrx_word' id='word_1_57' title='bbox 1090 907 1139 953; x_wconf 93' lang='lat' dir='ltr'>in</span> <span class='ocrx_word' id='word_1_58' title='bbox 1173 907 1357 971; x_wconf 89' lang='lat' dir='ltr'>capella</span> <span class='ocrx_word' id='word_1_59' title='bbox 1385 907 1620 972; x_wconf 88' lang='lat' dir='ltr'>predicta,</span> <span class='ocrx_word' id='word_1_60' title='bbox 1653 923 1798 970; x_wconf 88' lang='lat' dir='ltr'>quam</span> <span class='ocrx_word' id='word_1_61' title='bbox 1831 908 1956 956; x_wconf 88' lang='lat' dir='ltr'>cele-</span> 
     </span>
     <span class='ocr_line' id='line_1_9' title="bbox 175 989 1956 1056; baseline 0.002 -22"><span class='ocrx_word' id='word_1_62' title='bbox 175 989 328 1038; x_wconf 89' lang='lat' dir='ltr'>bravit</span> <span class='ocrx_word' id='word_1_63' title='bbox 354 993 522 1038; x_wconf 88' lang='lat' dir='ltr'>Rmus.</span> <span class='ocrx_word' id='word_1_64' title='bbox 551 993 608 1039; x_wconf 91' lang='lat' dir='ltr'>D.</span> <span class='ocrx_word' id='word_1_65' title='bbox 639 990 895 1039; x_wconf 90' lang='lat' dir='ltr'>cardinalis</span> <span class='ocrx_word' id='word_1_66' title='bbox 923 1007 961 1037; x_wconf 94' lang='lat' dir='ltr'>s.</span> <span class='ocrx_word' id='word_1_67' title='bbox 997 990 1230 1054; x_wconf 84' lang='lat' dir='ltr'>Dionysii,</span> <span class='ocrx_word' id='word_1_68' title='bbox 1263 993 1393 1056; x_wconf 91' lang='lat' dir='ltr'>Papa</span> <span class='ocrx_word' id='word_1_69' title='bbox 1423 991 1569 1039; x_wconf 89' lang='lat' dir='ltr'>etiam</span> <span class='ocrx_word' id='word_1_70' title='bbox 1597 995 1844 1053; x_wconf 84' lang='lat' dir='ltr'>presente,</span> <span class='ocrx_word' id='word_1_71' title='bbox 1876 992 1956 1054; x_wconf 86' lang='lat' dir='ltr'>qui</span> 
     </span>
     <span class='ocr_line' id='line_1_10' title="bbox 177 1072 909 1124; baseline 0.004 -5"><span class='ocrx_word' id='word_1_72' title='bbox 177 1072 227 1119; x_wconf 93' lang='lat' dir='ltr'>in</span> <span class='ocrx_word' id='word_1_73' title='bbox 248 1072 343 1121; x_wconf 90' lang='lat' dir='ltr'>fine</span> <span class='ocrx_word' id='word_1_74' title='bbox 367 1074 570 1124; x_wconf 90' lang='lat' dir='ltr'>absolvit</span> <span class='ocrx_word' id='word_1_75' title='bbox 592 1091 727 1123; x_wconf 91' lang='lat' dir='ltr'>more</span> <span class='ocrx_word' id='word_1_76' title='bbox 750 1075 909 1123; x_wconf 90' lang='lat' dir='ltr'>solito.</span> 
     </span>
    </p>

    <p class='ocr_par' dir='ltr' id='par_1_4' title="bbox 173 1157 1955 1388">
     <span class='ocr_line' id='line_1_11' title="bbox 241 1157 1955 1221; baseline 0.002 -17"><span class='ocrx_word' id='word_1_77' title='bbox 241 1157 380 1205; x_wconf 89' lang='lat' dir='ltr'>Feria</span> <span class='ocrx_word' id='word_1_78' title='bbox 416 1162 566 1218; x_wconf 87' lang='lat' dir='ltr'>sexta,</span> <span class='ocrx_word' id='word_1_79' title='bbox 606 1163 657 1206; x_wconf 83' lang='lat'>11</span> <span class='ocrx_word' id='word_1_80' title='bbox 694 1158 987 1217; x_wconf 88' lang='lat' dir='ltr'>novembris,</span> <span class='ocrx_word' id='word_1_81' title='bbox 1018 1159 1141 1206; x_wconf 88' lang='lat' dir='ltr'>festa</span> <span class='ocrx_word' id='word_1_82' title='bbox 1170 1175 1209 1205; x_wconf 93' lang='lat' dir='ltr'>s.</span> <span class='ocrx_word' id='word_1_83' title='bbox 1239 1157 1428 1205; x_wconf 85' lang='lat' dir='ltr'>Martini</span> <span class='ocrx_word' id='word_1_84' title='bbox 1458 1157 1692 1221; x_wconf 84' lang='lat' dir='ltr'>episcopi,</span> <span class='ocrx_word' id='word_1_85' title='bbox 1727 1158 1856 1207; x_wconf 88' lang='lat' dir='ltr'>circa</span> <span class='ocrx_word' id='word_1_86' title='bbox 1882 1159 1955 1208; x_wconf 87' lang='lat' dir='ltr'>vel</span> 
     </span>
     <span class='ocr_line' id='line_1_12' title="bbox 173 1240 1951 1305; baseline 0.002 -19"><span class='ocrx_word' id='word_1_87' title='bbox 173 1245 281 1302; x_wconf 89' lang='lat' dir='ltr'>post</span> <span class='ocrx_word' id='word_1_88' title='bbox 313 1240 483 1289; x_wconf 89' lang='lat' dir='ltr'>horam</span> <span class='ocrx_word' id='word_1_89' title='bbox 516 1257 831 1305; x_wconf 90' lang='lat' dir='ltr'>vesperorum</span> <span class='ocrx_word' id='word_1_90' title='bbox 871 1241 985 1289; x_wconf 91' lang='lat' dir='ltr'>obiit</span> <span class='ocrx_word' id='word_1_91' title='bbox 1027 1241 1377 1289; x_wconf 86' lang='lat' dir='ltr'>illustrissimus</span> <span class='ocrx_word' id='word_1_92' title='bbox 1409 1244 1466 1288; x_wconf 89' lang='lat' dir='ltr'>D.</span> <span class='ocrx_word' id='word_1_93' title='bbox 1506 1241 1564 1288; x_wconf 90' lang='lat' dir='ltr'>de</span> <span class='ocrx_word' id='word_1_94' title='bbox 1602 1243 1951 1305; x_wconf 82' lang='lat' dir='ltr'>Montpensier,</span> 
     </span>
     <span class='ocr_line' id='line_1_13' title="bbox 175 1323 1712 1388; baseline 0.001 -17"><span class='ocrx_word' id='word_1_95' title='bbox 175 1340 261 1387; x_wconf 86' lang='lat' dir='ltr'>pro</span> <span class='ocrx_word' id='word_1_96' title='bbox 285 1324 455 1372; x_wconf 87' lang='lat' dir='ltr'>Carolo</span> <span class='ocrx_word' id='word_1_97' title='bbox 480 1341 594 1388; x_wconf 87' lang='lat' dir='ltr'>rege</span> <span class='ocrx_word' id='word_1_98' title='bbox 616 1325 816 1373; x_wconf 88' lang='lat' dir='ltr'>Francie</span> <span class='ocrx_word' id='word_1_99' title='bbox 836 1325 885 1371; x_wconf 92' lang='lat' dir='ltr'>in</span> <span class='ocrx_word' id='word_1_100' title='bbox 906 1340 1056 1387; x_wconf 83' lang='lat' dir='ltr'>regno</span> <span class='ocrx_word' id='word_1_101' title='bbox 1078 1324 1394 1387; x_wconf 88' lang='lat' dir='ltr'>Neapolitano</span> <span class='ocrx_word' id='word_1_102' title='bbox 1416 1323 1608 1372; x_wconf 88' lang='lat' dir='ltr'>vicerex</span> <span class='ocrx_word' id='word_1_103' title='bbox 1632 1323 1712 1388; x_wconf 87' lang='lat'>(1).</span> 
     </span>
    </p>

    <p class='ocr_par' dir='ltr' id='par_1_5' title="bbox 157 1406 1954 2641">
     <span class='ocr_line' id='line_1_14' title="bbox 240 1406 1954 1473; baseline 0.001 -17"><span class='ocrx_word' id='word_1_104' title='bbox 240 1406 469 1467; x_wconf 90' lang='lat' dir='ltr'>Sabbato,</span> <span class='ocrx_word' id='word_1_105' title='bbox 499 1411 556 1455; x_wconf 83' lang='lat'>19</span> <span class='ocrx_word' id='word_1_106' title='bbox 579 1408 870 1467; x_wconf 89' lang='lat' dir='ltr'>novembris,</span> <span class='ocrx_word' id='word_1_107' title='bbox 896 1408 1020 1455; x_wconf 88' lang='lat' dir='ltr'>facta</span> <span class='ocrx_word' id='word_1_108' title='bbox 1046 1411 1118 1456; x_wconf 90' lang='lat' dir='ltr'>est</span> <span class='ocrx_word' id='word_1_109' title='bbox 1147 1407 1433 1471; x_wconf 89' lang='lat' dir='ltr'>compositio</span> <span class='ocrx_word' id='word_1_110' title='bbox 1463 1411 1509 1454; x_wconf 92' lang='lat' dir='ltr'>et</span> <span class='ocrx_word' id='word_1_111' title='bbox 1534 1408 1788 1456; x_wconf 89' lang='lat' dir='ltr'>conventio</span> <span class='ocrx_word' id='word_1_112' title='bbox 1810 1408 1871 1473; x_wconf 74' lang='lat'>(2)</span> <span class='ocrx_word' id='word_1_113' title='bbox 1895 1410 1954 1458; x_wconf 87' lang='lat' dir='ltr'>de</span> 
     </span>
     <span class='ocr_line' id='line_1_15' title="bbox 169 1490 1950 1554; baseline 0.001 -16"><span class='ocrx_word' id='word_1_114' title='bbox 169 1493 327 1539; x_wconf 89' lang='lat' dir='ltr'>castro</span> <span class='ocrx_word' id='word_1_115' title='bbox 359 1491 595 1540; x_wconf 88' lang='lat' dir='ltr'>Gaietano</span> <span class='ocrx_word' id='word_1_116' title='bbox 624 1492 751 1540; x_wconf 89' lang='lat' dir='ltr'>inter</span> <span class='ocrx_word' id='word_1_117' title='bbox 776 1490 1070 1539; x_wconf 89' lang='lat' dir='ltr'>Fridericum</span> <span class='ocrx_word' id='word_1_118' title='bbox 1096 1507 1262 1554; x_wconf 87' lang='lat' dir='ltr'>regem</span> <span class='ocrx_word' id='word_1_119' title='bbox 1290 1490 1661 1554; x_wconf 88' lang='lat' dir='ltr'>Neapolitanum</span> <span class='ocrx_word' id='word_1_120' title='bbox 1694 1495 1741 1539; x_wconf 91' lang='lat' dir='ltr'>et</span> <span class='ocrx_word' id='word_1_121' title='bbox 1773 1492 1950 1551; x_wconf 81' lang='lat' dir='ltr'>Gallos,</span> 
     </span>
     <span class='ocr_line' id='line_1_16' title="bbox 168 1574 1954 1639; baseline 0.002 -18"><span class='ocrx_word' id='word_1_122' title='bbox 168 1574 216 1621; x_wconf 91' lang='lat' dir='ltr'>in</span> <span class='ocrx_word' id='word_1_123' title='bbox 244 1590 355 1622; x_wconf 88' lang='lat' dir='ltr'>arce</span> <span class='ocrx_word' id='word_1_124' title='bbox 385 1574 618 1623; x_wconf 87' lang='lat' dir='ltr'>Gaietana</span> <span class='ocrx_word' id='word_1_125' title='bbox 641 1575 688 1622; x_wconf 91' lang='lat' dir='ltr'>in</span> <span class='ocrx_word' id='word_1_126' title='bbox 717 1579 874 1623; x_wconf 87' lang='lat' dir='ltr'>castro</span> <span class='ocrx_word' id='word_1_127' title='bbox 901 1575 1118 1638; x_wconf 87' lang='lat' dir='ltr'>predicto</span> <span class='ocrx_word' id='word_1_128' title='bbox 1140 1575 1427 1633; x_wconf 81' lang='lat' dir='ltr'>existentes,¹</span> <span class='ocrx_word' id='word_1_129' title='bbox 1447 1575 1506 1623; x_wconf 92' lang='lat' dir='ltr'>de</span> <span class='ocrx_word' id='word_1_130' title='bbox 1534 1575 1824 1639; x_wconf 85' lang='lat' dir='ltr'>assignando</span> <span class='ocrx_word' id='word_1_131' title='bbox 1853 1593 1954 1624; x_wconf 90' lang='lat' dir='ltr'>cas-</span> 
     </span>
     <span class='ocr_line' id='line_1_17' title="bbox 170 1658 1954 1723; baseline 0.002 -18"><span class='ocrx_word' id='word_1_132' title='bbox 170 1663 296 1705; x_wconf 90' lang='lat' dir='ltr'>trum</span> <span class='ocrx_word' id='word_1_133' title='bbox 334 1662 382 1706; x_wconf 93' lang='lat' dir='ltr'>et</span> <span class='ocrx_word' id='word_1_134' title='bbox 415 1674 578 1707; x_wconf 92' lang='lat' dir='ltr'>arcem</span> <span class='ocrx_word' id='word_1_135' title='bbox 611 1658 889 1723; x_wconf 89' lang='lat' dir='ltr'>hujusmodi</span> <span class='ocrx_word' id='word_1_136' title='bbox 925 1658 1014 1722; x_wconf 91' lang='lat' dir='ltr'>ipsi</span> <span class='ocrx_word' id='word_1_137' title='bbox 1046 1659 1150 1722; x_wconf 83' lang='lat' dir='ltr'>regi</span> <span class='ocrx_word' id='word_1_138' title='bbox 1183 1658 1334 1706; x_wconf 88' lang='lat' dir='ltr'>libere</span> <span class='ocrx_word' id='word_1_139' title='bbox 1369 1662 1416 1706; x_wconf 93' lang='lat' dir='ltr'>et</span> <span class='ocrx_word' id='word_1_140' title='bbox 1451 1659 1670 1722; x_wconf 89' lang='lat' dir='ltr'>expedite</span> <span class='ocrx_word' id='word_1_141' title='bbox 1705 1659 1796 1707; x_wconf 90' lang='lat' dir='ltr'>nisi</span> <span class='ocrx_word' id='word_1_142' title='bbox 1830 1660 1954 1709; x_wconf 82' lang='lat' dir='ltr'>infra</span> 
     </span>
     <span class='ocr_line' id='line_1_18' title="bbox 169 1740 1952 1808; baseline 0.002 -20"><span class='ocrx_word' id='word_1_143' title='bbox 169 1740 341 1789; x_wconf 87' lang='lat' dir='ltr'>decem</span> <span class='ocrx_word' id='word_1_144' title='bbox 371 1741 474 1808; x_wconf 84' lang='lat' dir='ltr'>dies</span> <span class='ocrx_word' id='word_1_145' title='bbox 510 1758 570 1790; x_wconf 90' lang='lat' dir='ltr'>ex</span> <span class='ocrx_word' id='word_1_146' title='bbox 596 1746 709 1790; x_wconf 90' lang='lat' dir='ltr'>tunc</span> <span class='ocrx_word' id='word_1_147' title='bbox 743 1742 1020 1790; x_wconf 78' lang='lat' dir='ltr'>immediate</span> <span class='ocrx_word' id='word_1_148' title='bbox 1052 1758 1257 1805; x_wconf 89' lang='lat' dir='ltr'>sequens</span> <span class='ocrx_word' id='word_1_149' title='bbox 1290 1741 1470 1790; x_wconf 88' lang='lat' dir='ltr'>venerit</span> <span class='ocrx_word' id='word_1_150' title='bbox 1495 1742 1612 1805; x_wconf 88' lang='lat' dir='ltr'>ipsis</span> <span class='ocrx_word' id='word_1_151' title='bbox 1644 1743 1790 1790; x_wconf 78' lang='lat' dir='ltr'>Gallis</span> <span class='ocrx_word' id='word_1_152' title='bbox 1818 1744 1952 1791; x_wconf 83' lang='lat' dir='ltr'>susti-</span> 
     </span>
     <span class='ocr_line' id='line_1_19' title="bbox 165 1817 1949 1890; baseline 0.001 -18"><span class='ocrx_word' id='word_1_153' title='bbox 165 1825 297 1873; x_wconf 92' lang='lat' dir='ltr'>ciens</span> <span class='ocrx_word' id='word_1_154' title='bbox 320 1825 587 1873; x_wconf 87' lang='lat' dir='ltr'>subsidium</span> <span class='ocrx_word' id='word_1_155' title='bbox 609 1842 637 1874; x_wconf 94' lang='lat' dir='ltr'>a</span> <span class='ocrx_word' id='word_1_156' title='bbox 656 1817 773 1889; x_wconf 84' lang='lat' dir='ltr'>rege</span> <span class='ocrx_word' id='word_1_157' title='bbox 796 1826 1013 1885; x_wconf 77' lang='lat' dir='ltr'>FrancIe,</span> <span class='ocrx_word' id='word_1_158' title='bbox 1038 1840 1132 1888; x_wconf 92' lang='lat' dir='ltr'>quo</span> <span class='ocrx_word' id='word_1_159' title='bbox 1156 1830 1355 1889; x_wconf 90' lang='lat' dir='ltr'>possent</span> <span class='ocrx_word' id='word_1_160' title='bbox 1384 1841 1434 1872; x_wconf 92' lang='lat' dir='ltr'>se</span> <span class='ocrx_word' id='word_1_161' title='bbox 1463 1829 1631 1873; x_wconf 92' lang='lat' dir='ltr'>contra</span> <span class='ocrx_word' id='word_1_162' title='bbox 1658 1841 1825 1890; x_wconf 83' lang='lat' dir='ltr'>regem</span> <span class='ocrx_word' id='word_1_163' title='bbox 1848 1827 1949 1874; x_wconf 89' lang='lat' dir='ltr'>Fri-</span> 
     </span>
     <span class='ocr_line' id='line_1_20' title="bbox 164 1907 1949 1973; baseline 0.001 -18"><span class='ocrx_word' id='word_1_164' title='bbox 164 1907 384 1956; x_wconf 88' lang='lat' dir='ltr'>dericum</span> <span class='ocrx_word' id='word_1_165' title='bbox 414 1913 684 1973; x_wconf 75' lang='lat' dir='ltr'>opportune</span> <span class='ocrx_word' id='word_1_166' title='bbox 711 1909 858 1967; x_wconf 82' lang='lat' dir='ltr'>tueri3</span> <span class='ocrx_word' id='word_1_167' title='bbox 891 1913 938 1957; x_wconf 87' lang='lat' dir='ltr'>et</span> <span class='ocrx_word' id='word_1_168' title='bbox 972 1909 1069 1956; x_wconf 88' lang='lat' dir='ltr'>dati</span> <span class='ocrx_word' id='word_1_169' title='bbox 1105 1914 1213 1956; x_wconf 91' lang='lat' dir='ltr'>sunt</span> <span class='ocrx_word' id='word_1_170' title='bbox 1242 1908 1431 1972; x_wconf 82' lang='lat' dir='ltr'>ostagii,</span> <span class='ocrx_word' id='word_1_171' title='bbox 1464 1908 1563 1971; x_wconf 90' lang='lat' dir='ltr'>qui,</span> <span class='ocrx_word' id='word_1_172' title='bbox 1592 1908 1740 1972; x_wconf 86' lang='lat' dir='ltr'>lapsis</span> <span class='ocrx_word' id='word_1_173' title='bbox 1779 1910 1949 1957; x_wconf 88' lang='lat' dir='ltr'>diebus</span> 
     </span>
     <span class='ocr_line' id='line_1_21' title="bbox 163 1991 1945 2057; baseline 0.001 -17"><span class='ocrx_word' id='word_1_174' title='bbox 163 1993 462 2057; x_wconf 90' lang='lat' dir='ltr'>hujusmodi,</span> <span class='ocrx_word' id='word_1_175' title='bbox 505 1993 787 2057; x_wconf 86' lang='lat' dir='ltr'>consignato</span> <span class='ocrx_word' id='word_1_176' title='bbox 825 1996 981 2040; x_wconf 91' lang='lat' dir='ltr'>castro</span> <span class='ocrx_word' id='word_1_177' title='bbox 1016 1996 1063 2040; x_wconf 86' lang='lat' dir='ltr'>et</span> <span class='ocrx_word' id='word_1_178' title='bbox 1096 1991 1283 2039; x_wconf 84' lang='lat' dir='ltr'>civitate</span> <span class='ocrx_word' id='word_1_179' title='bbox 1304 1991 1524 2055; x_wconf 88' lang='lat' dir='ltr'>predicta</span> <span class='ocrx_word' id='word_1_180' title='bbox 1544 1992 1647 2056; x_wconf 84' lang='lat' dir='ltr'>regi</span> <span class='ocrx_word' id='word_1_181' title='bbox 1681 1993 1945 2053; x_wconf 88' lang='lat' dir='ltr'>Friderico,</span> 
     </span>
     <span class='ocr_line' id='line_1_22' title="bbox 162 2075 1948 2136; baseline 0.001 -13"><span class='ocrx_word' id='word_1_182' title='bbox 162 2076 358 2124; x_wconf 87' lang='lat' dir='ltr'>fuerunt</span> <span class='ocrx_word' id='word_1_183' title='bbox 380 2077 589 2136; x_wconf 88' lang='lat' dir='ltr'>liberati,</span> <span class='ocrx_word' id='word_1_184' title='bbox 615 2082 661 2125; x_wconf 90' lang='lat' dir='ltr'>et</span> <span class='ocrx_word' id='word_1_185' title='bbox 689 2077 828 2124; x_wconf 89' lang='lat' dir='ltr'>datus</span> <span class='ocrx_word' id='word_1_186' title='bbox 851 2076 975 2124; x_wconf 90' lang='lat' dir='ltr'>liber</span> <span class='ocrx_word' id='word_1_187' title='bbox 1001 2091 1220 2124; x_wconf 89' lang='lat' dir='ltr'>recessus</span> <span class='ocrx_word' id='word_1_188' title='bbox 1250 2075 1394 2123; x_wconf 86' lang='lat' dir='ltr'>Gallis</span> <span class='ocrx_word' id='word_1_189' title='bbox 1422 2075 1603 2123; x_wconf 91' lang='lat' dir='ltr'>ibidem</span> <span class='ocrx_word' id='word_1_190' title='bbox 1629 2075 1948 2124; x_wconf 84' lang='lat' dir='ltr'>existentibus</span> 
     </span>
     <span class='ocr_line' id='line_1_23' title="bbox 161 2152 1948 2223; baseline -0.002 -13"><span class='ocrx_word' id='word_1_191' title='bbox 161 2177 271 2210; x_wconf 92' lang='lat' dir='ltr'>cum</span> <span class='ocrx_word' id='word_1_192' title='bbox 291 2162 431 2210; x_wconf 91' lang='lat' dir='ltr'>bonis</span> <span class='ocrx_word' id='word_1_193' title='bbox 453 2165 502 2209; x_wconf 91' lang='lat' dir='ltr'>et</span> <span class='ocrx_word' id='word_1_194' title='bbox 522 2161 666 2209; x_wconf 89' lang='lat' dir='ltr'>rebus</span> <span class='ocrx_word' id='word_1_195' title='bbox 691 2160 789 2207; x_wconf 92' lang='lat' dir='ltr'>suis</span> <span class='ocrx_word' id='word_1_196' title='bbox 813 2152 900 2223; x_wconf 71' lang='lat' dir='ltr'>p&#39;er</span> <span class='ocrx_word' id='word_1_197' title='bbox 923 2163 1100 2206; x_wconf 88' lang='lat' dir='ltr'>terram</span> <span class='ocrx_word' id='word_1_198' title='bbox 1126 2158 1200 2207; x_wconf 90' lang='lat' dir='ltr'>vel</span> <span class='ocrx_word' id='word_1_199' title='bbox 1227 2174 1315 2222; x_wconf 84' lang='lat' dir='ltr'>per</span> <span class='ocrx_word' id='word_1_200' title='bbox 1342 2174 1475 2206; x_wconf 90' lang='lat' dir='ltr'>mare</span> <span class='ocrx_word' id='word_1_201' title='bbox 1501 2158 1562 2205; x_wconf 90' lang='lat' dir='ltr'>ad</span> <span class='ocrx_word' id='word_1_202' title='bbox 1582 2173 1753 2206; x_wconf 91' lang='lat' dir='ltr'>eorum</span> <span class='ocrx_word' id='word_1_203' title='bbox 1778 2160 1948 2208; x_wconf 93' lang='lat' dir='ltr'>volun—</span> 
     </span>
     <span class='ocr_line' id='line_1_24' title="bbox 160 2242 1948 2308; baseline -0.001 -16"><span class='ocrx_word' id='word_1_204' title='bbox 160 2249 333 2305; x_wconf 79' lang='lat' dir='ltr'>tatem3</span> <span class='ocrx_word' id='word_1_205' title='bbox 368 2260 575 2308; x_wconf 91' lang='lat' dir='ltr'>quorum</span> <span class='ocrx_word' id='word_1_206' title='bbox 610 2243 784 2292; x_wconf 91' lang='lat' dir='ltr'>deinde</span> <span class='ocrx_word' id='word_1_207' title='bbox 816 2247 1125 2291; x_wconf 85' lang='lat' dir='ltr'>recesserunt</span> <span class='ocrx_word' id='word_1_208' title='bbox 1162 2257 1247 2306; x_wconf 88' lang='lat' dir='ltr'>per</span> <span class='ocrx_word' id='word_1_209' title='bbox 1281 2258 1412 2290; x_wconf 89' lang='lat' dir='ltr'>mare</span> <span class='ocrx_word' id='word_1_210' title='bbox 1445 2257 1556 2290; x_wconf 92' lang='lat' dir='ltr'>cum</span> <span class='ocrx_word' id='word_1_211' title='bbox 1587 2242 1733 2289; x_wconf 88' lang='lat' dir='ltr'>rebus</span> <span class='ocrx_word' id='word_1_212' title='bbox 1771 2243 1869 2290; x_wconf 89' lang='lat' dir='ltr'>suis</span> <span class='ocrx_word' id='word_1_213' title='bbox 1900 2248 1948 2291; x_wconf 86' lang='lat' dir='ltr'>et</span> 
     </span>
     <span class='ocr_line' id='line_1_25' title="bbox 160 2325 1947 2392; baseline -0.001 -17"><span class='ocrx_word' id='word_1_214' title='bbox 160 2328 315 2386; x_wconf 91' lang='lat' dir='ltr'>bonis,</span> <span class='ocrx_word' id='word_1_215' title='bbox 336 2343 543 2392; x_wconf 87' lang='lat' dir='ltr'>persone</span> <span class='ocrx_word' id='word_1_216' title='bbox 564 2327 757 2376; x_wconf 89' lang='lat' dir='ltr'>circiter</span> <span class='ocrx_word' id='word_1_217' title='bbox 775 2343 939 2386; x_wconf 85' lang='lat' dir='ltr'>cccxx,</span> <span class='ocrx_word' id='word_1_218' title='bbox 958 2326 1037 2390; x_wconf 89' lang='lat' dir='ltr'>qui</span> <span class='ocrx_word' id='word_1_219' title='bbox 1060 2341 1246 2385; x_wconf 86' lang='lat' dir='ltr'>omnes,</span> <span class='ocrx_word' id='word_1_220' title='bbox 1273 2326 1480 2389; x_wconf 91' lang='lat' dir='ltr'>demptis</span> <span class='ocrx_word' id='word_1_221' title='bbox 1502 2325 1695 2374; x_wconf 86' lang='lat' dir='ltr'>circiter</span> <span class='ocrx_word' id='word_1_222' title='bbox 1715 2342 1802 2385; x_wconf 85' lang='lat' dir='ltr'>xx,</span> <span class='ocrx_word' id='word_1_223' title='bbox 1822 2327 1947 2390; x_wconf 88' lang='lat' dir='ltr'>apud</span> 
     </span>
     <span class='ocr_line' id='line_1_26' title="bbox 157 2409 1945 2475; baseline -0.002 -15"><span class='ocrx_word' id='word_1_224' title='bbox 157 2411 484 2470; x_wconf 85' lang='lat' dir='ltr'>Terracinam,</span> <span class='ocrx_word' id='word_1_225' title='bbox 510 2412 660 2475; x_wconf 89' lang='lat' dir='ltr'>ruptis</span> <span class='ocrx_word' id='word_1_226' title='bbox 682 2427 740 2459; x_wconf 90' lang='lat' dir='ltr'>ex</span> <span class='ocrx_word' id='word_1_227' title='bbox 762 2411 954 2459; x_wconf 84' lang='lat' dir='ltr'>fortuna</span> <span class='ocrx_word' id='word_1_228' title='bbox 974 2411 1121 2458; x_wconf 89' lang='lat' dir='ltr'>maris</span> <span class='ocrx_word' id='word_1_229' title='bbox 1142 2409 1303 2473; x_wconf 86' lang='lat' dir='ltr'>lignis,</span> <span class='ocrx_word' id='word_1_230' title='bbox 1327 2409 1564 2457; x_wconf 84' lang='lat' dir='ltr'>submersi</span> <span class='ocrx_word' id='word_1_231' title='bbox 1587 2413 1697 2456; x_wconf 92' lang='lat' dir='ltr'>sunt</span> <span class='ocrx_word' id='word_1_232' title='bbox 1722 2425 1732 2456; x_wconf 90' lang='lat'>:</span> <span class='ocrx_word' id='word_1_233' title='bbox 1761 2409 1819 2457; x_wconf 91' lang='lat' dir='ltr'>de</span> <span class='ocrx_word' id='word_1_234' title='bbox 1849 2426 1945 2472; x_wconf 92' lang='lat' dir='ltr'>quo</span> 
     </span>
     <span class='ocr_line' id='line_1_27' title="bbox 160 2492 1941 2558; baseline -0.001 -17"><span class='ocrx_word' id='word_1_235' title='bbox 160 2496 288 2558; x_wconf 92' lang='lat' dir='ltr'>Papa</span> <span class='ocrx_word' id='word_1_236' title='bbox 321 2494 491 2543; x_wconf 90' lang='lat' dir='ltr'>habuit</span> <span class='ocrx_word' id='word_1_237' title='bbox 521 2494 708 2553; x_wconf 82' lang='lat' dir='ltr'>literas,</span> <span class='ocrx_word' id='word_1_238' title='bbox 750 2494 940 2543; x_wconf 88' lang='lat' dir='ltr'>veneris</span> <span class='ocrx_word' id='word_1_239' title='bbox 981 2498 1007 2541; x_wconf 78' lang='lat'><strong>2</strong></span> <span class='ocrx_word' id='word_1_240' title='bbox 1047 2493 1343 2551; x_wconf 85' lang='lat' dir='ltr'>decembris,</span> <span class='ocrx_word' id='word_1_241' title='bbox 1384 2497 1494 2541; x_wconf 89' lang='lat' dir='ltr'>ante</span> <span class='ocrx_word' id='word_1_242' title='bbox 1534 2493 1705 2540; x_wconf 89' lang='lat' dir='ltr'>horam</span> <span class='ocrx_word' id='word_1_243' title='bbox 1754 2492 1941 2540; x_wconf 84' lang='lat' dir='ltr'>consis-</span> 
     </span>
     <span class='ocr_line' id='line_1_28' title="bbox 161 2576 368 2641; baseline 0.005 -17"><span class='ocrx_word' id='word_1_244' title='bbox 161 2576 266 2625; x_wconf 90' lang='lat' dir='ltr'>torii</span> <span class='ocrx_word' id='word_1_245' title='bbox 289 2576 368 2641; x_wconf 85' lang='lat'><strong>(3).</strong></span> 
     </span>
    </p>

    <p class='ocr_par' dir='ltr' id='par_1_6' title="bbox 154 2658 1943 3142">
     <span class='ocr_line' id='line_1_29' title="bbox 223 2658 1943 2719; baseline 0.001 -13"><span class='ocrx_word' id='word_1_246' title='bbox 223 2659 362 2708; x_wconf 86' lang='lat' dir='ltr'>Feria</span> <span class='ocrx_word' id='word_1_247' title='bbox 389 2659 547 2719; x_wconf 86' lang='lat' dir='ltr'>tertia,</span> <span class='ocrx_word' id='word_1_248' title='bbox 573 2663 633 2708; x_wconf 78' lang='lat'>22</span> <span class='ocrx_word' id='word_1_249' title='bbox 668 2660 848 2708; x_wconf 90' lang='lat' dir='ltr'>mensis</span> <span class='ocrx_word' id='word_1_250' title='bbox 878 2659 1168 2718; x_wconf 87' lang='lat' dir='ltr'>novembris,</span> <span class='ocrx_word' id='word_1_251' title='bbox 1192 2660 1366 2707; x_wconf 79' lang='lat' dir='ltr'>testum</span> <span class='ocrx_word' id='word_1_252' title='bbox 1396 2675 1434 2706; x_wconf 88' lang='lat' dir='ltr'>s.</span> <span class='ocrx_word' id='word_1_253' title='bbox 1457 2658 1658 2718; x_wconf 85' lang='lat' dir='ltr'>Cecilie,</span> <span class='ocrx_word' id='word_1_254' title='bbox 1690 2661 1744 2706; x_wconf 83' lang='lat' dir='ltr'>R.</span> <span class='ocrx_word' id='word_1_255' title='bbox 1774 2661 1829 2706; x_wconf 91' lang='lat' dir='ltr'>D.</span> <span class='ocrx_word' id='word_1_256' title='bbox 1858 2662 1943 2708; x_wconf 87' lang='lat' dir='ltr'>Pe-</span> 
     </span>
     <span class='ocr_line' id='line_1_30' title="bbox 158 2742 1937 2810; baseline 0 -20"><span class='ocrx_word' id='word_1_257' title='bbox 158 2747 258 2791; x_wconf 83' lang='lat' dir='ltr'>trus</span> <span class='ocrx_word' id='word_1_258' title='bbox 288 2742 488 2803; x_wconf 75' lang='lat' dir='ltr'>Paulus„</span> <span class='ocrx_word' id='word_1_259' title='bbox 506 2743 759 2808; x_wconf 90' lang='lat' dir='ltr'>episcopus</span> <span class='ocrx_word' id='word_1_260' title='bbox 787 2761 825 2791; x_wconf 88' lang='lat' dir='ltr'>s.</span> <span class='ocrx_word' id='word_1_261' title='bbox 856 2744 1061 2807; x_wconf 82' lang='lat' dir='ltr'>Agathe,</span> <span class='ocrx_word' id='word_1_262' title='bbox 1085 2742 1344 2791; x_wconf 90' lang='lat' dir='ltr'>celebravit</span> <span class='ocrx_word' id='word_1_263' title='bbox 1370 2742 1568 2789; x_wconf 87' lang='lat' dir='ltr'>missam</span> <span class='ocrx_word' id='word_1_264' title='bbox 1598 2742 1868 2810; x_wconf 89' lang='lat' dir='ltr'>solemnem</span> <span class='ocrx_word' id='word_1_265' title='bbox 1892 2743 1937 2790; x_wconf 90' lang='lat' dir='ltr'>in</span> 
     </span>
     <span class='ocr_line' id='line_1_31' title="bbox 156 2826 1940 2895; baseline -0.001 -20"><span class='ocrx_word' id='word_1_266' title='bbox 156 2826 363 2875; x_wconf 90' lang='lat' dir='ltr'>ecclesia</span> <span class='ocrx_word' id='word_1_267' title='bbox 383 2844 422 2875; x_wconf 91' lang='lat' dir='ltr'>s.</span> <span class='ocrx_word' id='word_1_268' title='bbox 449 2827 643 2876; x_wconf 88' lang='lat' dir='ltr'>Cecilie.</span> <span class='ocrx_word' id='word_1_269' title='bbox 670 2827 862 2875; x_wconf 86' lang='lat' dir='ltr'>RRmis.</span> <span class='ocrx_word' id='word_1_270' title='bbox 890 2829 988 2875; x_wconf 92' lang='lat' dir='ltr'>DD.</span> <span class='ocrx_word' id='word_1_271' title='bbox 1019 2843 1057 2874; x_wconf 92' lang='lat' dir='ltr'>s.</span> <span class='ocrx_word' id='word_1_272' title='bbox 1082 2826 1253 2890; x_wconf 84' lang='lat' dir='ltr'>Angeli</span> <span class='ocrx_word' id='word_1_273' title='bbox 1282 2831 1330 2874; x_wconf 89' lang='lat' dir='ltr'>et</span> <span class='ocrx_word' id='word_1_274' title='bbox 1351 2827 1693 2895; x_wconf 82' lang='lat' dir='ltr'>Beneventano</span> <span class='ocrx_word' id='word_1_275' title='bbox 1721 2826 1940 2874; x_wconf 89' lang='lat' dir='ltr'>cardina-</span> 
     </span>
     <span class='ocr_line' id='line_1_32' title="bbox 154 2909 1940 2975; baseline 0 -17"><span class='ocrx_word' id='word_1_276' title='bbox 154 2909 280 2958; x_wconf 89' lang='lat' dir='ltr'>libus</span> <span class='ocrx_word' id='word_1_277' title='bbox 300 2911 607 2975; x_wconf 90' lang='lat' dir='ltr'>presentibus</span> <span class='ocrx_word' id='word_1_278' title='bbox 633 2928 643 2959; x_wconf 92' lang='lat'>:</span> <span class='ocrx_word' id='word_1_279' title='bbox 670 2911 787 2959; x_wconf 88' lang='lat' dir='ltr'>dixit</span> <span class='ocrx_word' id='word_1_280' title='bbox 815 2926 959 2959; x_wconf 86' lang='lat' dir='ltr'>unam</span> <span class='ocrx_word' id='word_1_281' title='bbox 988 2910 1256 2958; x_wconf 86' lang='lat' dir='ltr'>orationem</span> <span class='ocrx_word' id='word_1_282' title='bbox 1284 2913 1487 2968; x_wconf 87' lang='lat' dir='ltr'>tantum,</span> <span class='ocrx_word' id='word_1_283' title='bbox 1510 2909 1693 2972; x_wconf 85' lang='lat' dir='ltr'>absque</span> <span class='ocrx_word' id='word_1_284' title='bbox 1722 2926 1940 2958; x_wconf 89' lang='lat' dir='ltr'>comme-</span> 
     </span>
     <span class='ocr_line' id='line_1_33' title="bbox 159 2993 1936 3044; baseline 0 -3"><span class='ocrx_word' id='word_1_285' title='bbox 159 2994 430 3043; x_wconf 86' lang='lat' dir='ltr'>moratione</span> <span class='ocrx_word' id='word_1_286' title='bbox 461 2995 693 3043; x_wconf 86' lang='lat' dir='ltr'>adventus</span> <span class='ocrx_word' id='word_1_287' title='bbox 715 2999 762 3044; x_wconf 90' lang='lat' dir='ltr'>et</span> <span class='ocrx_word' id='word_1_288' title='bbox 788 2995 955 3043; x_wconf 82' lang='lat' dir='ltr'>Credo.</span> <span class='ocrx_word' id='word_1_289' title='bbox 986 2993 1118 3042; x_wconf 88' lang='lat' dir='ltr'>Sedit</span> <span class='ocrx_word' id='word_1_290' title='bbox 1145 2994 1193 3040; x_wconf 90' lang='lat' dir='ltr'>in</span> <span class='ocrx_word' id='word_1_291' title='bbox 1225 2993 1490 3041; x_wconf 84' lang='lat' dir='ltr'>faldistorio</span> <span class='ocrx_word' id='word_1_292' title='bbox 1522 2993 1644 3041; x_wconf 85' lang='lat' dir='ltr'>facie</span> <span class='ocrx_word' id='word_1_293' title='bbox 1673 2994 1862 3041; x_wconf 85' lang='lat' dir='ltr'>tribune</span> <span class='ocrx_word' id='word_1_294' title='bbox 1892 3001 1936 3041; x_wconf 87' lang='lat' dir='ltr'>et</span> 
     </span>
     <span class='ocr_line' id='line_1_34' title="bbox 157 3076 1938 3142; baseline -0.001 -18"><span class='ocrx_word' id='word_1_295' title='bbox 157 3076 353 3125; x_wconf 89' lang='lat' dir='ltr'>renibus</span> <span class='ocrx_word' id='word_1_296' title='bbox 366 3078 543 3142; x_wconf 91' lang='lat' dir='ltr'>populo</span> <span class='ocrx_word' id='word_1_297' title='bbox 562 3078 735 3138; x_wconf 82' lang='lat' dir='ltr'>versis3</span> <span class='ocrx_word' id='word_1_298' title='bbox 759 3078 869 3127; x_wconf 89' lang='lat' dir='ltr'>data</span> <span class='ocrx_word' id='word_1_299' title='bbox 885 3093 972 3142; x_wconf 90' lang='lat' dir='ltr'>per</span> <span class='ocrx_word' id='word_1_300' title='bbox 993 3094 1103 3126; x_wconf 89' lang='lat' dir='ltr'>eum</span> <span class='ocrx_word' id='word_1_301' title='bbox 1125 3076 1490 3135; x_wconf 80' lang='lat' dir='ltr'>benedictione,</span> <span class='ocrx_word' id='word_1_302' title='bbox 1508 3077 1765 3140; x_wconf 86' lang='lat' dir='ltr'>publicavit</span> <span class='ocrx_word' id='word_1_303' title='bbox 1787 3077 1938 3124; x_wconf 88' lang='lat' dir='ltr'>indul-</span> 
     </span>
    </p>
   </div>
   <div class='ocr_carea' id='block_1_3' title="bbox 152 3245 1935 3474">
    <p class='ocr_par' dir='ltr' id='par_1_7' title="bbox 152 3245 1935 3353">
     <span class='ocr_line' id='line_1_35' title="bbox 198 3245 1935 3297; baseline 0 -14"><span class='ocrx_word' id='word_1_304' title='bbox 198 3246 235 3284; x_wconf 90' lang='lat'>1.</span> <span class='ocrx_word' id='word_1_305' title='bbox 263 3245 358 3295; x_wconf 83' lang='lat' dir='ltr'>Voy.</span> <span class='ocrx_word' id='word_1_306' title='bbox 382 3245 551 3284; x_wconf 87' lang='lat' dir='ltr'>Comines</span> <span class='ocrx_word' id='word_1_307' title='bbox 573 3259 581 3284; x_wconf 80' lang='lat' dir='ltr'>z</span> <span class='ocrx_word' id='word_1_308' title='bbox 606 3250 807 3291; x_wconf 64' lang='lat' dir='ltr'>Memoc&#39;res,</span> <span class='ocrx_word' id='word_1_309' title='bbox 831 3248 892 3287; x_wconf 83' lang='lat' dir='ltr'>liv.</span> <span class='ocrx_word' id='word_1_310' title='bbox 913 3248 993 3295; x_wconf 87' lang='lat' dir='ltr'>VII,</span> <span class='ocrx_word' id='word_1_311' title='bbox 1016 3249 1122 3297; x_wconf 85' lang='lat' dir='ltr'>chap.</span> <span class='ocrx_word' id='word_1_312' title='bbox 1145 3260 1227 3290; x_wconf 67' lang='lat' dir='ltr'>xm:</span> <span class='ocrx_word' id='word_1_313' title='bbox 1251 3247 1341 3283; x_wconf 83' lang='lat' dir='ltr'>Paul</span> <span class='ocrx_word' id='word_1_314' title='bbox 1357 3248 1446 3283; x_wconf 78' lang='lat' dir='ltr'>Jove</span> <span class='ocrx_word' id='word_1_315' title='bbox 1471 3258 1478 3281; x_wconf 94' lang='lat'>:</span> <span class='ocrx_word' id='word_1_316' title='bbox 1499 3248 1642 3283; x_wconf 71' lang='lat' dir='ltr'>Histor.</span> <span class='ocrx_word' id='word_1_317' title='bbox 1667 3248 1727 3282; x_wconf 67' lang='lat' dir='ltr'>sua·</span> <span class='ocrx_word' id='word_1_318' title='bbox 1748 3246 1935 3291; x_wconf 51' lang='lat' dir='ltr'>{culpari-&lt;1</span> 
     </span>
     <span class='ocr_line' id='line_1_36' title="bbox 152 3305 1611 3353; baseline 0.001 -11"><span class='ocrx_word' id='word_1_319' title='bbox 152 3305 213 3343; x_wconf 83' lang='lat' dir='ltr'>liv.</span> <span class='ocrx_word' id='word_1_320' title='bbox 232 3306 298 3352; x_wconf 91' lang='lat' dir='ltr'>IV;</span> <span class='ocrx_word' id='word_1_321' title='bbox 321 3306 529 3351; x_wconf 83' lang='lat' dir='ltr'>Brantome‚</span> <span class='ocrx_word' id='word_1_322' title='bbox 551 3308 616 3345; x_wconf 83' lang='lat' dir='ltr'>Vie</span> <span class='ocrx_word' id='word_1_323' title='bbox 634 3309 695 3344; x_wconf 82' lang='lat' dir='ltr'>des</span> <span class='ocrx_word' id='word_1_324' title='bbox 714 3309 871 3345; x_wconf 80' lang='lat' dir='ltr'>hommes</span> <span class='ocrx_word' id='word_1_325' title='bbox 891 3311 1065 3352; x_wconf 78' lang='lat' dir='ltr'>illustres,</span> <span class='ocrx_word' id='word_1_326' title='bbox 1087 3309 1144 3345; x_wconf 81' lang='lat' dir='ltr'>ed.</span> <span class='ocrx_word' id='word_1_327' title='bbox 1170 3308 1274 3352; x_wconf 73' lang='lat'>1740,</span> <span class='ocrx_word' id='word_1_328' title='bbox 1297 3312 1322 3344; x_wconf 87' lang='lat' dir='ltr'>t.</span> <span class='ocrx_word' id='word_1_329' title='bbox 1347 3306 1445 3350; x_wconf 83' lang='lat' dir='ltr'>VIII,</span> <span class='ocrx_word' id='word_1_330' title='bbox 1468 3317 1502 3353; x_wconf 94' lang='lat' dir='ltr'>p.</span> <span class='ocrx_word' id='word_1_331' title='bbox 1526 3306 1611 3344; x_wconf 88' lang='grc'><strong>303.</strong></span> 
     </span>
    </p>

    <p class='ocr_par' dir='ltr' id='par_1_8' title="bbox 202 3365 1096 3415">
     <span class='ocr_line' id='line_1_37' title="bbox 202 3365 1096 3415; baseline 0.002 -12"><span class='ocrx_word' id='word_1_332' title='bbox 202 3368 238 3403; x_wconf 77' lang='grc'>2.</span> <span class='ocrx_word' id='word_1_333' title='bbox 266 3365 360 3415; x_wconf 83' lang='lat' dir='ltr'>Voy.</span> <span class='ocrx_word' id='word_1_334' title='bbox 382 3368 432 3405; x_wconf 89' lang='lat' dir='ltr'>M.</span> <span class='ocrx_word' id='word_1_335' title='bbox 458 3368 611 3412; x_wconf 86' lang='lat' dir='ltr'>Sanuto,</span> <span class='ocrx_word' id='word_1_336' title='bbox 633 3369 763 3410; x_wconf 76' lang='lat' dir='ltr'>Diarit&#39;,</span> <span class='ocrx_word' id='word_1_337' title='bbox 786 3372 812 3406; x_wconf 91' lang='lat' dir='ltr'>t.</span> <span class='ocrx_word' id='word_1_338' title='bbox 836 3369 865 3414; x_wconf 97' lang='lat' dir='ltr'>I,</span> <span class='ocrx_word' id='word_1_339' title='bbox 887 3368 954 3406; x_wconf 89' lang='lat' dir='ltr'>col.</span> <span class='ocrx_word' id='word_1_340' title='bbox 977 3369 1096 3405; x_wconf 81' lang='lat'>391-4.</span> 
     </span>
    </p>

    <p class='ocr_par' dir='ltr' id='par_1_9' title="bbox 200 3426 1103 3474">
     <span class='ocr_line' id='line_1_38' title="bbox 200 3426 1103 3474; baseline 0.003 -13"><span class='ocrx_word' id='word_1_341' title='bbox 200 3427 235 3464; x_wconf 89' lang='lat'>3.</span> <span class='ocrx_word' id='word_1_342' title='bbox 266 3426 358 3474; x_wconf 80' lang='lat' dir='ltr'>Voy.</span> <span class='ocrx_word' id='word_1_343' title='bbox 384 3428 433 3464; x_wconf 81' lang='lat' dir='ltr'>M.</span> <span class='ocrx_word' id='word_1_344' title='bbox 457 3426 610 3472; x_wconf 84' lang='lat' dir='ltr'>Sanuto,</span> <span class='ocrx_word' id='word_1_345' title='bbox 632 3428 767 3472; x_wconf 70' lang='lat' dir='ltr'>Dim-ii,</span> <span class='ocrx_word' id='word_1_346' title='bbox 788 3430 814 3464; x_wconf 87' lang='lat' dir='ltr'>t.</span> <span class='ocrx_word' id='word_1_347' title='bbox 839 3428 865 3472; x_wconf 88' lang='grc' dir='ltr'>Ι,</span> <span class='ocrx_word' id='word_1_348' title='bbox 889 3427 955 3464; x_wconf 87' lang='lat' dir='ltr'>col.</span> <span class='ocrx_word' id='word_1_349' title='bbox 978 3428 1103 3464; x_wconf 76' lang='lat'><strong>394-5.</strong></span> 
     </span>
    </p>
   </div>
  </div>
 </body>
</html>
