2202 3926
263 360 308 394 86
869 352 1103 390 ιΙΟΗΑΝΝΙΞ
1137 351 1434 400 BURCHARDI,
1771 351 1929 393 [Janvier
1950 353 2046 393 1494]

265 460 401 508 vince
424 474 593 507 omnes
611 474 705 523 que
727 463 837 507 sunt
857 459 904 506 in
926 458 1074 522 pratis
1095 458 1236 522 plene
1257 457 1451 505 fuerunt
1471 455 1724 513 inundate;
1747 457 1794 502 et
1815 453 1864 501 in
1884 454 2041 518 burgo

270 543 464 593 Sutrino
492 543 580 592 fuit
614 543 720 591 talis
754 543 926 591 alluvio
957 541 1086 604 quod
1115 556 1142 588 a
1174 538 1497 587 fundamentis
1525 536 1784 599 asportavit
1813 536 1940 587 circa
1959 537 2048 585 tri-

271 628 402 692 ginta
423 628 592 676 domos
615 628 679 675 ibi
706 627 965 675 existentes
985 625 1112 672 intra
1138 639 1256 686 quas
1288 626 1422 671 erant
1450 625 1548 669 tres
1580 620 1803 681 ecclesie,
1826 620 1893 669 ita
1920 619 2050 684 quod

267 711 475 760 nonfuit
505 711 751 774 cognitum
781 708 861 756 ubi
889 707 1110 755 edificate
1139 710 1301 764 erant3
1331 709 1378 754 et
1405 704 1576 753 decem
1610 708 1657 753 et
1686 708 1795 754 octo
1821 704 2048 753 homines

273 795 398 843 inter
429 810 587 842 mares
625 797 672 841 et
707 791 913 840 feminas
953 805 1155 853 magnos
1198 793 1245 836 et
1277 803 1449 852 parvos
1483 787 1703 836 suffocati
1737 791 1785 836 et
1818 787 2049 851 asportati

266 879 460 926 fuerunt
487 877 529 924 vi
558 875 805 924 alluvionis
832 874 1067 938 predicte,
1093 879 1141 921 et
1171 872 1220 919 in
1251 871 1488 935 aliquibus
1521 871 1642 920 locis
1669 871 1808 936 juxta
1834 870 2048 920 Tiberim

266 961 403 1010 vinee
425 961 610 1024 integre
634 964 680 1008 et
701 962 907 1007 canneta
927 958 1085 1005 ablata
1106 960 1244 1016 sunt;
1276 959 1324 1004 et
1345 955 1529 1004 duravit
1555 954 1717 1004 multis
1739 954 1929 1004 diebuS.

335 1047 388 1093 In
424 1044 639 1109 partibus
679 1042 965 1091 Lombardie
1000 1041 1145 1089 etiam
1180 1040 1338 1104 alique
1372 1040 1511 1089 vinee
1547 1043 1594 1089 et
1627 1042 1783 1088 castra
1813 1038 2048 1088 suffocata

269 1130 481 1188 fuerunt,
505 1132 551 1177 et
572 1128 635 1175 ibi
654 1127 805 1176 multa
823 1125 972 1174 millia
991 1124 1244 1172 hominum
1267 1123 1533 1188 perierunt.
1559 1126 1615 1172 Et
1638 1122 1719 1171 hic
1746 1125 1899 1172 Rome
1922 1122 2052 1172 ceci-

269 1214 442 1262 derunt
472 1212 623 1261 multa
654 1211 862 1275 fulgura,
898 1210 1118 1273 interque
1159 1208 1335 1258 cecidit
1367 1223 1516 1261 unum
1548 1207 1598 1255 in
1633 1206 1865 1271 palatium
1896 1207 2050 1255 sancti

270 1296 395 1346 Petri
418 1295 467 1343 in
489 1311 681 1344 camera
700 1310 821 1360 pape
852 1293 1110 1343 Alexandri
1129 1297 1176 1343 et
1207 1293 1287 1340 ubi
1315 1293 1417 1357 ipse
1444 1294 1574 1350 erat;
1602 1294 1650 1339 et
1666 1290 1804 1340 valde
1822 1290 1981 1338 timuit
2002 1294 2050 1339 et

268 1382 554 1445 perterritus
575 1380 678 1439 fuit,
704 1380 769 1427 ita
787 1377 918 1442 quod
937 1393 1035 1426 non
1055 1376 1355 1442 potuitloqui
1375 1381 1422 1425 et
1436 1376 1531 1425 duo
1550 1391 1609 1425 ex
1623 1374 1722 1423 suis
1738 1374 2050 1424 servitoribus

271 1465 551 1514 ceciderunt
571 1465 620 1512 in
640 1469 839 1522 terram,
862 1462 999 1526 quasi
1021 1461 1215 1522 mortui,
1241 1461 1327 1510 sed
1347 1465 1454 1525 post
1475 1459 1594 1507 nihil
1614 1459 1906 1508 habuerunt.

337 1548 422 1596 Die
444 1552 496 1596 21
526 1548 755 1607 octobris,
781 1552 999 1596 mortuus
1023 1550 1097 1595 est
1114 1545 1369 1595 cardinalis
1388 1546 1446 1594 de
1467 1544 1730 1595 Comitibus
1750 1547 1903 1608 peste.

337 1634 422 1681 Die
467 1637 526 1681 26
570 1632 804 1697 ejusdem,
838 1648 962 1696 papa
997 1630 1270 1680 Alexander
1301 1630 1504 1679 recessit
1541 1630 1600 1677 ab
1634 1629 1761 1678 Urbe
1795 1643 1905 1676 cum
1940 1632 2050 1676 octo

271 1715 607 1775 cardinalibus,
633 1719 679 1764 et
704 1714 820 1762 dixit
842 1729 892 1762 se
914 1713 1034 1762 velle
1057 1713 1278 1762 conferre
1305 1714 1593 1774 Viterbium,
1619 1717 1667 1762 et
1693 1717 1864 1777 postea
1886 1727 2049 1761 rever-

273 1816 351 1847 sus
375 1799 484 1861 est.]

904 1967 1419 2015 MCCCCLXXXXIIH.

335 2115 474 2161 Anno
498 2114 691 2163 Domini
713 2116 1231 2174 MCCCCLXXXXIIII,
1259 2114 1336 2163 die
1358 2114 1543 2163 sabbati
1570 2119 1622 2164 11
1649 2116 1831 2164 mensis
1846 2116 2056 2181 januarii

272 2197 551 2261 supradicti,
576 2199 699 2246 hora
717 2215 843 2246 xxnn
864 2199 938 2247 vel
960 2199 1107 2256 circa,
1132 2213 1219 2261 per
1238 2202 1428 2260 portam
1450 2198 1590 2246 beate
1617 2198 1766 2245 Marie
1789 2197 1848 2247 de
1871 2199 2054 2262 Populo

271 2279 398 2327 venit
431 2280 492 2327 ad
524 2281 703 2328 Urbem
737 2280 1024 2344 magnificus
1061 2283 1117 2328 D.
1149 2280 1465 2344 Marquardus
1500 2280 1559 2329 de
1593 2281 1854 2346 Breysach,
1887 2282 2058 2331 doctor

273 2368 320 2411 et
359 2362 517 2423 miles,
562 2363 859 2412 serenissimi
901 2367 959 2412 D.
993 2363 1303 2411 Maximiliani
1336 2367 1666 2412 Romanorum
1695 2365 1825 2428 regis
1862 2380 2058 2431 semper
2150 2409 2154 2411 a

274 2447 461 2510 augusti
496 2450 680 2507 orator,
716 2463 826 2495 cum
859 2447 1176 2495 familiaribus
1201 2463 1302 2495 xl111
1329 2448 1405 2496 vel
1435 2448 1578 2507 circa,
1613 2453 1662 2496 et
1688 2448 1851 2496 salmis
1872 2449 2057 2498 duabus

272 2546 435 2578 rerum
458 2546 651 2579 suarum
677 2548 686 2580 :
713 2531 789 2580 cui
811 2532 998 2579 obviam
1019 2531 1254 2590 venimus,
1280 2535 1337 2580 D.
1364 2531 1656 2581 Philibertus
1683 2532 1916 2582 Naturelli
1945 2549 2055 2581 ora-

274 2618 349 2662 tor
369 2614 678 2661 illustrissimi
708 2614 844 2662 ducis
866 2614 1093 2679 Philippi,
1123 2614 1326 2679 predicti
1348 2615 1476 2678 regis
1498 2614 1619 2674 Filii,
1645 2615 1856 2664 decanus
1877 2619 1925 2664 et
1947 2615 2055 2679 qui-

276 2698 386 2745 dam
408 2698 670 2745 canonicus
693 2697 1016 2758 TridentinuS,
1049 2698 1098 2745 in
1120 2698 1247 2746 Urbe
1268 2714 1357 2762 pro
1380 2698 1749 2748 confirmatione
1777 2699 1892 2748 dicti
1915 2699 2056 2748 electi

274 2781 539 2830 Tridentini
562 2780 840 2841 existenteS,
868 2784 925 2829 D.
958 2781 1182 2830 Nicolaus
1210 2781 1494 2830 Crutzinach
1530 2786 1577 2830 et
1608 2798 1750 2846 ergo;
1782 2787 1830 2832 et
1855 2799 1968 2831 eum
1996 2781 2057 2831 ad

275 2865 472 2913 domum
500 2865 743 2928 quondam
777 2868 833 2913 D.
861 2865 987 2914 Petri
1012 2865 1070 2914 de
1093 2865 1328 2923 Perreria,
1355 2865 1602 2932 scriptoris
1630 2870 1678 2915 et
1706 2866 2050 2916 abbreviatoris

276 2949 523 2997 literarum
546 2949 939 3012 apostolicarum,
964 2949 1013 2996 in
1035 2964 1130 3012 qua
1148 2948 1381 3011 hospitari
1405 2949 1570 3008 voluit,
1595 2950 1954 2998 associavimus.

343 3032 480 3080 Feria
500 3037 651 3091 sexta,
677 3035 738 3080 24
760 3031 872 3079 dicti
897 3032 1077 3080 mensis
1097 3031 1323 3096 Januarii‚
1357 3032 1439 3079 SS.
1466 3033 1521 3078 D.
1547 3033 1603 3079 N.
1633 3032 1906 3081 Alexander
1931 3049 2056 3097 papa

279 3120 442 3163 sextus
464 3131 541 3164 me
570 3116 630 3164 ad
655 3119 897 3164 secretum
922 3115 1263 3163 consistorium
1282 3118 1504 3163 vocatum
1527 3113 1838 3179 interrogavit
1865 3116 2056 3180 quando

278 3203 325 3247 et
359 3198 563 3262 qualiter
594 3200 771 3249 festum
803 3198 1151 3264 purificationis
1188 3198 1326 3246 beate
1360 3197 1509 3246 Marie
1541 3197 1755 3261 virginis,
1793 3200 1922 3263 quod
1961 3200 2056 3248 hoc

278 3297 403 3329 anno
424 3281 473 3328 in
494 3282 735 3331 dominica
756 3282 1054 3347 sexagesime
1081 3281 1257 3341 veniet,
1285 3285 1413 3330 esset
1433 3282 1783 3346 peragendum.
1811 3283 2056 3347 Respondi

280 3364 526 3411 Sanctitati
564 3380 648 3412 sue
682 3365 810 3413 idem
843 3367 1020 3415 festum
1059 3370 1276 3430 tempore
1312 3365 1464 3413 felicis
1492 3367 1841 3415 recordationis
1880 3365 2058 3415 Urbani

281 3464 401 3513 pape
428 3451 469 3497 V
473 3451 509 3505 I,
541 3464 666 3495 anno
689 3454 856 3515 quarto
878 3449 1185 3512 pontificatus
1207 3449 1298 3507 sui,
1322 3449 1511 3498 venisse
1532 3450 1580 3497 in
1602 3450 1844 3499 dominica
1866 3453 2060 3513 septua-
