2222 3926
279 331 349 366 212
886 330 1118 367 ιΙΟΗΑΝΝΙΞ
1150 331 1445 376 BURCHARm,
1727 332 1932 372 [Decembre
1955 333 2050 372 1494]

282 430 408 478 mala
436 429 625 489 fecisse,
656 432 791 495 cujus
820 432 888 478 rei
929 436 1175 480 auctorem
1207 431 1431 479 dicebant
1457 430 1604 477 fuisse
1641 431 1857 478 nonnulli
1892 433 2050 480 cardi-

279 514 438 562 nalem
475 516 786 574 Gurcensem,
823 514 1074 577 ipsumque
1110 514 1190 560 illa
1225 517 1365 560 nocte
1399 512 1447 558 in
1481 527 1690 574 persona
1723 528 1817 560 non
1844 514 1989 577 longe
2024 532 2051 562 a

280 602 420 660 porta
447 597 584 645 Urbis
612 597 797 645 venisse
831 613 905 654 ac,
941 600 1080 643 vento
1103 595 1411 657 impediente,
1437 595 1777 644 retrocessisse
1803 612 1812 643 :
1839 596 1880 643 is
1904 597 2049 644 etiam

280 680 490 727 maxima
529 696 674 727 causa
710 679 796 727 fuit
825 693 1135 741 progresssus
1166 677 1292 740 regis
1318 692 1485 725 versus
1515 678 1710 726 Urbem.
1743 682 2052 728 Converterat

281 762 409 809 enim
429 760 820 823 Aquependentis
843 764 890 807 et
911 759 1111 806 aliarum
1133 764 1369 807 terrarum
1389 761 1603 809 Ecclesie
1624 761 1806 810 incolas
1828 763 1888 810 ad
1902 763 2053 811 intro-

279 843 566 891 mittendum
607 859 771 907 regem
810 843 1028 901 Francie,
1071 844 1208 907 cujus
1247 848 1294 890 et
1336 843 1491 906 gentis
1540 858 1622 891 sue
1662 844 1967 892 honestatem
2007 849 2054 892 et

278 927 573 990 legalitatem
604 926 861 975 extollebat
894 926 954 975 ad
987 942 1207 990 superos,
1248 926 1530 989 dicens-‘eos
1562 927 1707 975 etiam
1739 943 1885 975 unam
1917 927 2054 990 galli-

279 1026 408 1070 nam,
444 1026 583 1058 ovum
609 1011 682 1058 vel
710 1010 839 1074 quod
869 1010 1123 1057 minimum
1153 1010 1212 1057 ab
1242 1009 1312 1057 eis
1342 1025 1440 1057 non
1476 1015 1754 1074 recepturos
1785 1010 1886 1058 sine
1913 1010 2056 1074 plena

281 1094 542 1154 solutione;
569 1109 791 1142 asserens
813 1093 957 1141 etiam
981 1095 1064 1141 SS.
1092 1096 1149 1140 D.
1174 1095 1393 1140 nostrum
1414 1092 1571 1156 ipsum
1603 1093 1663 1140 ad
1684 1108 1851 1157 regem
1873 1092 2054 1157 promi-

279 1178 398 1225 sisse
427 1182 476 1224 ut
498 1177 587 1224 sibi
609 1177 789 1225 aditum
812 1181 858 1225 et
879 1176 1133 1225 transitum
1154 1192 1242 1240 per
1272 1180 1423 1224 terras
1452 1175 1665 1223 Ecclesie
1693 1180 2050 1239 procuraretur,

279 1259 442 1323 sicque
466 1265 512 1309 et
539 1260 641 1309 aliis
671 1260 828 1308 verbis
851 1265 899 1307 et
919 1259 1076 1306 modis
1098 1258 1283 1306 induxit
1307 1259 1512 1323 populos
1542 1257 1603 1305 ad
1633 1259 2053 1307 intromittendum

277 1358 442 1406 regem
472 1344 630 1408 ipsum
660 1348 707 1392 et
731 1347 900 1407 gentes
923 1359 1033 1390 suas
1055 1347 1224 1390 contra
1245 1358 1440 1390 omnem
1464 1342 1708 1405 pontificis
1735 1342 2052 1401 voluntatem,

276 1430 339 1485 et,
365 1430 414 1473 ut
436 1427 693 1476 curialibus
710 1426 915 1475 nationis
931 1426 1218 1475 Germanice
1237 1426 1285 1472 in
1306 1426 1422 1474 urbe
1439 1426 1758 1473 existentibus
1779 1426 1925 1474 etiam
1943 1442 2054 1490 per-

277 1511 500 1559 suaderet
530 1511 745 1575 ipsorum
776 1527 937 1559 curam
973 1510 1173 1568 habere,
1197 1509 1386 1572 scripsit
1412 1514 1636 1572 patentes
1655 1510 1823 1557 literas
1854 1525 1972 1572 quas
1997 1508 2056 1556 ad

277 1594 446 1643 urbem
467 1595 596 1643 misit
618 1595 756 1643 nobis
778 1593 1118 1659 principalibus
1137 1593 1485 1657 presentandas
1512 1609 1521 1639 :

341 1678 648 1726 Charissimis
668 1678 892 1725 fratribus
912 1680 957 1724 et
971 1675 1137 1724 amicis
1155 1676 1351 1740 prelatis
1375 1680 1420 1723 et
1436 1675 1540 1723 aliis
1557 1674 1816 1722 curialibus
1846 1673 2059 1722 nationis

274 1761 506 1810 Alemane
538 1765 585 1809 et
614 1761 939 1809 dominiorum
968 1759 1275 1807 illustrissimi
1305 1758 1577 1807 archiducis
1607 1757 1813 1821 Philippi
1848 1757 1897 1804 in
1931 1757 2058 1805 Urbe

272 1843 616 1892 habitantibus.

340 1928 601 1986 Carissimi,
642 1928 732 1976 etsi
769 1933 911 1992 prout
950 1929 1082 1976 testis
1117 1932 1189 1976 est
1224 1929 1369 1986 DeUS,
1406 1925 1487 1990 qui
1521 1925 1775 1975 hominum
1811 1931 2049 1976 scrutatur

274 2009 420 2057 corda
441 2015 488 2058 et
508 2025 668 2069 renes,
700 2011 892 2073 qualem
913 2011 1159 2074 potuimus
1187 2010 1390 2058 fecimus
1419 2009 1717 2072 diligentiam
1750 2026 1865 2074 erga
1894 2010 2048 2059 chris-

271 2092 593 2141 tianissimum
625 2109 811 2157 regem,
853 2095 1186 2142 tum'nomine
1224 2092 1400 2141 summi
1436 2093 1679 2156 pontificis
1716 2098 1815 2141 tum
1852 2094 2047 2142 nomine

272 2180 438 2224 nostro
464 2192 473 2222 :
500 2176 720 2225 dedimus
743 2192 942 2240 operam
963 2178 1023 2225 ad
1043 2177 1314 2224 faciendam
1338 2176 1516 2223 bonam
1539 2176 1815 2239 opinionem
1839 2182 1885 2224 et
1906 2176 2047 2224 intel-

272 2258 521 2322 ligentiam
543 2260 666 2308 inter
683 2260 841 2323 ipsum
861 2276 1101 2308 summum
1119 2259 1400 2324 pontificem
1423 2262 1471 2304 et
1493 2259 1858 2306 serenissimum
1881 2275 2045 2323 regem

274 2345 568 2392 Francorum
608 2344 921 2393 nihilominus
953 2359 1158 2407 quorum
1197 2344 1336 2407 culpa
1375 2341 1557 2402 nescio,
1595 2342 1829 2391 hactenus
1868 2343 2046 2391 fuimus

273 2426 508 2490 impediti,
531 2443 630 2476 non
651 2443 739 2491 per
757 2428 914 2491 ipsum
936 2425 1389 2474 christianissimum
1411 2443 1596 2491 regem,
1621 2444 1731 2475 cum
1752 2427 1870 2476 nihil
1888 2429 2048 2492 cupiat

273 2526 416 2572 quam
439 2527 490 2558 se
514 2510 875 2559 devotissimum
903 2510 1054 2557 filium
1076 2525 1245 2573 gerere
1275 2525 1390 2572 erga
1417 2526 1659 2559 summum
1689 2512 1971 2576 pontificem
1999 2517 2065 2560 et*

274 2599 490 2643 sanctam
513 2595 696 2655 sedem,
735 2578 931 2643 suorum
954 2593 1389 2658 primogenitorum
1410 2609 1568 2653 more;
1596 2595 1680 2643 sed
1702 2595 1849 2644 timeo
1871 2595 1999 2659 quod
2019 2611 2046 2643 a

273 2679 374 2726 Deo
394 2679 721 2743 principaliter
749 2683 946 2743 propter
974 2682 1176 2742 peccata
1201 2682 1368 2725 nostra
1398 2683 1445 2725 et
1474 2677 1709 2726 demerita
1735 2679 1942 2743 graviter
1971 2679 2045 2727 of-

271 2760 409 2807 fenso
440 2762 841 2825 impedimentum
870 2761 994 2810 dicte
1029 2761 1220 2809 unionis
1246 2761 1556 2825 processerit,
1595 2762 1673 2824 qui
1701 2762 1791 2809 nisi
1819 2762 2044 2826 precibus

234 2863 236 2865 ’
271 2841 551 2891 devotarum
572 2860 888 2907 personarum
919 2844 1064 2892 fuerit
1092 2845 1325 2908 placatuS,
1361 2843 1487 2891 dicta
1508 2844 1620 2891 unio
1645 2860 1820 2907 neque,
1845 2861 1905 2893 ex
1925 2860 2042 2893 con-

272 2926 507 2988 sequenti,
532 2943 625 2990 pax
645 2928 771 2976 inter
791 2928 1080 2976 christianos
1092 2927 1334 2991 principes
1354 2926 1458 2974 fieri
1474 2927 1915 2989 poterit.-Ceterum
1932 2942 2041 2974 cum

271 3005 416 3055 timor
436 3008 496 3056 sit
516 3009 575 3057 de
598 3009 842 3058 invasione
876 3011 1015 3058 Urbis
1043 3026 1129 3074 per
1150 3011 1417 3074 armigeros
1441 3009 1566 3072 regis
1592 3009 1974 3058 christianissimi
1997 3015 2044 3057 et

272 3105 469 3139 suorum
505 3091 943 3152 confederatorum,
985 3093 1023 3139 si
1060 3093 1187 3141 dicta
1225 3092 1338 3140 unio
1375 3092 1423 3139 in
1460 3092 1564 3139 dies
1601 3092 1768 3141 breves
1808 3109 1905 3142 non
1941 3093 2039 3152 fiat,

271 3178 468 3237 propter
498 3172 665 3221 hostes
699 3174 849 3238 ipsius
884 3160 1270 3223 christianissimi
1295 3175 1421 3238 regis
1451 3174 1530 3237 qui
1566 3180 1691 3223 stant
1730 3177 1775 3223 in
1815 3176 1956 3235 Urbe,
1995 3181 2044 3223 ut

271 3255 462 3316 dicitur,
498 3257 565 3305 sic
594 3258 719 3305 effici
746 3258 871 3322 apud
900 3258 1350 3307 christianissimum
1383 3274 1564 3321 regem,
1597 3276 1657 3306 ne
1683 3260 1842 3323 aliqua
1868 3258 2042 3307 damna

269 3338 534 3388 inferantur
552 3357 579 3388 a
593 3341 690 3388 suis
710 3341 961 3405 armigeris
981 3341 1360 3404 quibuscumque
1377 3342 1629 3405 partisanis
1651 3344 1696 3391 in
1714 3344 1837 3393 Urbe
1855 3358 2041 3392 moram

270 3420 586 3483 trahentibus,
613 3439 769 3486 neque
801 3424 945 3471 etiam
977 3423 1150 3471 ceteris
1181 3424 1570 3487 quibuscunque,
1594 3414 1930 3489 undecumque
1949 3425 2042 3472 sint
