2222 3926
147 287 418 329 [JmVier1495]
501 339 505 342 ι
584 287 754 325 RERUM
787 286 1090 324 URBANARUM
1121 287 1471 325 COMMENTARII.
1851 290 1922 328 239

147 389 290 440 tionis
311 389 430 440 Sixti
452 405 574 455 pape
595 389 769 454 quarti,
792 394 840 439 et
861 389 1019 453 ipsum
1047 388 1443 439 Bartholomeum
1471 403 1582 436 cum
1610 403 1705 437 uno
1733 404 1793 438 ex
1814 389 1923 438 filiis

149 473 248 521 suis
287 474 469 538 recepit
506 474 716 539 captivos
762 477 811 523 et
849 473 910 522 ad
948 476 1161 522 castrum
1202 471 1450 521 Bracciani
1489 471 1639 536 patris
1677 471 1751 519 sui
1790 476 1927 522 extra

150 556 326 606 Urbem
356 573 521 606 secum
549 558 684 607 duxit
710 562 760 607 et
787 556 851 605 ibi
880 560 931 606 ut
961 556 1173 621 captivos
1204 555 1382 615 tenuit;
1407 555 1530 604 alius
1565 554 1691 603 filius
1720 557 1778 603 D.
1805 557 1923 604 Bar-

147 639 379 690 tholomei
402 641 451 689 in
478 641 650 691 eadem
672 641 816 690 domo
838 642 1050 690 existens
1072 639 1325 690 abscondit
1346 655 1398 690 se
1425 639 1474 687 in
1501 639 1711 703 quodam
1732 638 1923 689 camino

147 722 196 770 in
217 739 314 787 quo
336 725 486 773 evasit
506 726 788 790 hujusmodi
808 725 1096 790 periculum.

211 807 396 857 Eodem
423 824 533 858 sero
564 809 862 859 intraverunt
892 809 1070 859 Urbem
1099 824 1185 872 per
1211 810 1401 871 portam
1430 806 1655 857 Viridarii
1689 806 1785 856 duo
1814 822 1925 857 ora-

144 893 274 940 tores
304 892 601 942 serenissimi
631 896 958 942 Romanorum
986 892 1113 956 regis
1144 907 1336 955 semper
1356 890 1566 954 augusti,
1598 889 1728 938 circa
1754 888 1926 938 horam

142 974 425 1038 vigesimam
450 981 689 1040 quartam,
709 976 932 1024 videlicet
951 978 1007 1023 D.
1028 978 1052 1022 J
1057 975 1275 1022 ohannes
1294 972 1577 1039 Bontacius(
1585 972 1645 1038 1),
1668 973 1926 1022 thesaura-

142 1058 241 1106 rius
252 1059 529 1123 Burgundie
542 1076 652 1108 cum
664 1059 775 1118 alio,
788 1059 899 1108 ituri
914 1059 976 1107 ad
984 1058 1159 1123 sregem
1178 1058 1399 1116 Francie,
1419 1071 1517 1106 non
1533 1055 1596 1104 ad
1608 1055 1890 1120 pontificem
1911 1075 1922 1107 :

143 1147 380 1190 venerunt
405 1142 474 1190 eis
493 1142 683 1210 obviam
711 1142 890 1191 familie
911 1142 1183 1205 aliquorum
1205 1141 1541 1200 cardinalium,
1566 1144 1743 1189 etcum
1763 1144 1928 1190 essent

142 1239 293 1288 prope
316 1229 516 1290 pontem
539 1226 638 1275 sive
667 1225 965 1291 ponticulum
992 1224 1156 1290 palatii
1183 1225 1242 1273 de
1270 1223 1514 1288 SpinelliS,
1539 1225 1668 1288 Papa
1689 1239 1747 1273 ex
1769 1228 1927 1272 castro

145 1324 185 1355 s.
220 1309 393 1373 Angeli
425 1324 513 1374 per
540 1309 665 1358 viam
685 1312 901 1374 ⁵Sposate
930 1308 1147 1369 venienS,
1182 1323 1266 1358 eos
1296 1323 1384 1372 per
1413 1306 1597 1354 dictum
1627 1304 1927 1369 ponticulum

144 1392 395 1455 precessit,
423 1408 479 1442 ac
500 1393 616 1458 ipsis
646 1392 827 1442 ibidem
854 1398 1113 1458 propterea
1134 1408 1186 1441 se
1207 1391 1509 1440 firmantibus
1537 1388 1783 1438 benedixit
1810 1388 1928 1444 nihil

145 1474 330 1537 dicens,
370 1477 431 1525 ad
449 1476 680 1540 palatium
713 1493 855 1525 suum
891 1477 1142 1541 equitans3
1180 1479 1414 1525 venerunt
1450 1473 1598 1524 etiam
1634 1473 1704 1521 eis
1740 1472 1930 1522 obviam

145 1559 326 1608 domini
347 1560 518 1625 prelati
539 1561 700 1625 palatii
725 1577 836 1610 cum
861 1565 997 1625 parte
1024 1560 1204 1609 familie
1234 1562 1362 1624 Pape
1391 1560 1515 1608 intra
1537 1557 1717 1606 dictam
1740 1558 1928 1619 portam

145 1643 387 1704 Viridarii,
413 1645 494 1708 qui
516 1661 600 1693 eos
621 1661 716 1693 una
742 1661 851 1693 cum
872 1645 1054 1694 familia
1074 1644 1390 1694 cardinalium
1411 1642 1593 1692 ibidem
1614 1639 1927 1690 existentium

145 1728 444 1777 associarunt
464 1745 616 1793 usque
647 1730 708 1778 ad
727 1730 957 1794 palatium
987 1729 1114 1779 Rmi.
1154 1731 1211 1777 D.
1237 1727 1434 1779 Ascanii
1454 1723 1854 1782 vicecancellarii,
1880 1722 1927 1768 in

145 1827 239 1876 quo
270 1816 381 1862 sunt
409 1812 655 1877 hospitati.
688 1813 783 1878 Ipsi
810 1814 904 1862 duo
933 1818 1150 1863 oratores
1180 1813 1454 1877 equitarunt
1482 1815 1531 1860 et
1559 1812 1670 1875 post
1701 1823 1786 1857 eos
1815 1821 1927 1871 pre-

144 1894 246 1956 lati,
280 1899 332 1944 ut
360 1896 591 1957 intellexi,
624 1897 736 1961 quia
756 1913 926 1947 eorum
946 1898 1154 1946 adventu
1174 1897 1389 1962 ignarus,
1419 1912 1517 1945 non
1546 1892 1758 1944 interfui.
1792 1891 1925 1940 Idem

147 1984 365 2029 oratores
392 1985 698 2030 recesserunt
746 1997 806 2029 ex
850 1981 976 2030 Urbe
1014 1980 1258 2030 dominica
1290 1983 1310 2027 1
1346 1979 1574 2030 februarii
1623 1981 1731 2042 post
1780 1991 1925 2041 pran-

149 2062 300 2123 dium,
324 2069 374 2112 et
403 2079 515 2113 cum
544 2063 615 2112 eis
639 2067 740 2112 DD.
772 2064 1093 2129 Hieronymus
1115 2062 1385 2123 Porcarius,
1407 2063 1619 2112 decanus
1649 2060 1924 2109 auditorum

149 2151 273 2206 rote,
297 2149 562 2196 Coronatus
592 2147 651 2196 de
673 2147 868 2207 Planca,
901 2146 1173 2196 auditorum
1193 2145 1583 2196 consistorialum
1613 2144 1843 2203 decanuS,
1876 2146 1926 2191 et

145 2230 354 2280 Jacobus
386 2231 447 2281 de
486 2231 762 2290 SinibalbiS,
798 2231 1030 2295 magister
1060 2230 1262 2295 plumbi,
1299 2229 1410 2278 ituri
1440 2229 1503 2278 ad
1530 2244 1697 2293 regem
1724 2226 1924 2276 Francie

145 2407 282 2446 essen-si
303 2407 437 2457 partito
456 2419 526 2446 con
549 2420 617 2445 sua
646 2412 778 2457 saputa
798 2420 808 2445 ;
834 2412 871 2445 et
888 2408 956 2445 che
975 2412 995 2446 e
1021 2422 1086 2458 per
1112 2410 1184 2446 fare
1210 2412 1307 2446 tucte
1333 2407 1453 2458 quelle
1473 2404 1779 2445 demonstrationi
1806 2405 1873 2442 che
1894 2398 1926 2441 el

145 2467 458 2506 Christianissimo
484 2468 538 2506 Re
566 2471 674 2519 sopra
698 2468 944 2516 adimandare,
968 2468 1048 2507 sino
1074 2482 1095 2506 a
1120 2469 1242 2507 venire
1271 2468 1322 2506 lui
1348 2467 1386 2504 in
1412 2479 1571 2516 persona
1600 2478 1608 2503 :
1635 2471 1671 2504 et
1698 2468 1774 2503 cosi
1794 2468 1926 2514 questa

146 2539 234 2564 cosa
254 2527 287 2565 la
305 2527 413 2575 quale
438 2531 458 2565 e
481 2528 518 2564 di
542 2528 788 2577 grandissima
813 2530 1059 2579 importantia,
1081 2530 1140 2566 chi
1159 2529 1194 2566 la
1214 2528 1406 2566 considera
1424 2529 1531 2573 bene,
1556 2539 1596 2564 se
1615 2526 1790 2563 n’andera
1807 2525 1844 2561 in
1865 2537 1924 2561 ce-

147 2587 317 2634 rimonie3
339 2592 375 2625 et
394 2587 478 2625 dall·
506 2600 579 2625 uno
604 2594 712 2627 canto
738 2601 822 2638 pare
851 2590 962 2627 molto
989 2590 1155 2636 stimata;
1177 2589 1260 2627 dall’
1287 2589 1379 2626 altro
1405 2600 1480 2625 non
1506 2588 1554 2624 ha
1582 2586 1701 2635 quelle
1727 2583 1927 2634 provisioni

147 2646 214 2683 che
239 2646 478 2684 meriterabbe
502 2648 649 2696 quando
674 2648 769 2686 fussi
794 2650 953 2688 indicata
978 2650 1194 2699 importante
1223 2663 1231 2687 :
1261 2649 1305 2687 Di
1330 2650 1398 2686 che
1427 2647 1550 2697 questi
1576 2641 1654 2694 Sigi
1681 2643 1864 2683 Cardinali
1890 2646 1926 2679 et

148 2704 344 2742 Colonnesi
374 2717 445 2743 non
472 2718 516 2743 ne
550 2711 680 2745 stanno
711 2713 827 2757 punto
860 2709 1051 2755 satisfacti,
1088 2714 1123 2746 et
1153 2709 1204 2747 sel
1228 2710 1283 2746 Re
1317 2721 1391 2746 non
1426 2705 1560 2743 manda
1591 2718 1612 2742 o
1643 2717 1717 2742 non
1747 2709 1853 2741 torna
1886 2702 1923 2738 in

148 2767 257 2804 modo
282 2766 386 2804 siano
413 2767 532 2805 securi
557 2768 594 2805 di
621 2769 740 2818 quello
766 2773 865 2807 resta
887 2782 909 2807 a
934 2770 1063 2806 drieto.
1091 2768 1326 2818 Aggiungesi
1345 2768 1506 2805 anchora
1531 2777 1632 2803 come
1661 2764 1685 2801 il
1713 2764 1798 2813 Sigr
1818 2762 1925 2800 Carlo

150 2825 281 2863 Ursino
301 2827 338 2863 in
358 2826 476 2864 Roma
494 2827 531 2864 in
550 2840 637 2866 casa
662 2829 739 2867 loro
757 2829 874 2866 havea
891 2841 999 2878 preso
1019 2829 1090 2865 due
1110 2826 1250 2876 figluoli
1272 2825 1331 2863 del
1352 2825 1433 2873 Sigr
1452 2822 1706 2875 Bartholomeo
1731 2821 1749 2858 J
1756 2821 1867 2867 ubba,
1889 2824 1927 2858 et

147 2886 198 2934 gli
228 2886 343 2924 havea
375 2887 510 2925 menati
536 2888 627 2926 fuori
653 2901 718 2938 per
742 2889 905 2926 riliavere
925 2901 994 2927 con
1019 2888 1093 2925 essi
1120 2889 1334 2926 Monterano
1361 2889 1397 2922 et
1421 2883 1574 2929 Luiano,
1609 2881 1858 2931 apartenentie
1887 2879 1924 2917 di

149 2945 345 2994 Cerveteri,
367 2951 404 2984 ct
436 2948 578 2985 stimasi
607 2949 705 2986 labbi
725 2950 904 2996 rihavuto,
927 2954 962 2987 et
981 2949 1057 2987 cosi
1077 2949 1125 2986 fia
1144 2947 1365 2997 reintegrato
1386 2945 1423 2981 di
1443 2944 1497 2980 cio
1517 2944 1584 2980 che
1621 2947 1806 2980 tenevano
1833 2940 1870 2976 di
1889 2940 1923 2977 la

148 3005 196 3042 da
210 3006 348 3044 Tevere
367 3006 391 3043 li
418 3007 541 3045 Ursini
579 3013 703 3046 contro
729 3009 800 3046 alla
824 3009 996 3058 opinione
1020 3009 1112 3047 delle
1136 3018 1324 3056 promesse
1356 3005 1390 3042 fa
1414 3005 1481 3041 che
1501 3017 1523 3042 a
1548 3002 1666 3052 questi
1686 3001 1765 3049 Sigi
1787 2999 1920 3037 Colon-

150 3076 243 3102 nesi.

202 3141 220 3159 «
242 3126 296 3163 Ex
314 3127 475 3176 Velletri,
495 3130 620 3169 ultima
637 3131 656 3168 J
661 3132 801 3170 anuarii
822 3133 974 3181 149415.

387 3188 592 3229 Servitores

497 3251 539 3287 F.
560 3251 766 3301 Episcopus
787 3252 1044 3290 Volaterranus

460 3313 496 3346 et
516 3310 646 3347 Nerius
666 3310 887 3361 Capponius‚
909 3313 1099 3350 Oratores.

198 3368 321 3414 (At-ch.
343 3368 502 3406 Fiorent.
523 3369 664 3407 Lettere
681 3373 722 3407 ai
739 3373 772 3408 X
789 3372 830 3407 di
848 3373 955 3408 Batia
977 3383 986 3408 ε
1007 3371 1094 3408 clas.
1120 3371 1164 3407 X.
1190 3370 1232 3406 Di
1249 3374 1296 3406 st.
1320 3369 1356 3412 4,
1379 3375 1421 3402 11⁰
1440 3365 1500 3401 39·
1522 3375 1543 3400 a
1561 3375 1580 3400 C
1603 3365 1678 3409 98)·

202 3429 236 3464 1.
265 3428 354 3464 Jean
376 3427 589 3476 Bontemps,
611 3429 782 3467 tresorier
801 3431 846 3468 de
866 3431 1100 3478 Bourgogne.
