<?xml version="1.0" encoding="UTF-8"?>
<!DOCTYPE html PUBLIC "-//W3C//DTD XHTML 1.0 Transitional//EN"
    "http://www.w3.org/TR/xhtml1/DTD/xhtml1-transitional.dtd">
<html xmlns="http://www.w3.org/1999/xhtml" xml:lang="en" lang="en">
 <head>
  <title>
</title>
<meta http-equiv="Content-Type" content="text/html;charset=utf-8" />
  <meta name='ocr-system' content='tesseract 3.04.00' />
  <meta name='ocr-capabilities' content='ocr_page ocr_carea ocr_par ocr_line ocrx_word'/>
</head>
<body>
  <div class='ocr_page' id='page_1' title='image "./diariumsivererum02burcuoft_0544.png"; bbox 0 0 2216 3886; ppageno 0'>
   <div class='ocr_carea' id='block_1_1' title="bbox 327 342 2100 387">
    <p class='ocr_par' dir='ltr' id='par_1_1' title="bbox 327 342 2100 387">
     <span class='ocr_line' id='line_1_1' title="bbox 327 342 2100 387; baseline -0.003 -2"><span class='ocrx_word' id='word_1_1' title='bbox 327 349 396 385; x_wconf 81' lang='lat'>532</span> <span class='ocrx_word' id='word_1_2' title='bbox 929 345 1161 381; x_wconf 80' lang='lat' dir='ltr'><strong>JOHANNIS</strong></span> <span class='ocrx_word' id='word_1_3' title='bbox 1196 342 1490 387; x_wconf 81' lang='lat' dir='ltr'>BURCHARDI,</span> <span class='ocrx_word' id='word_1_4' title='bbox 1902 346 1984 385; x_wconf 85' lang='lat' dir='ltr'>[Mai</span> <span class='ocrx_word' id='word_1_5' title='bbox 2007 347 2100 387; x_wconf 83' lang='lat'>1499]</span> 
     </span>
    </p>
   </div>
   <div class='ocr_carea' id='block_1_2' title="bbox 318 444 2104 2926">
    <p class='ocr_par' dir='ltr' id='par_1_2' title="bbox 324 444 2100 912">
     <span class='ocr_line' id='line_1_2' title="bbox 326 444 2091 514; baseline -0.001 -15"><span class='ocrx_word' id='word_1_6' title='bbox 326 450 536 514; x_wconf 75' lang='lat' dir='ltr'>vesperis</span> <span class='ocrx_word' id='word_1_7' title='bbox 563 464 704 512; x_wconf 89' lang='lat' dir='ltr'>quam</span> <span class='ocrx_word' id='word_1_8' title='bbox 729 448 873 495; x_wconf 89' lang='lat' dir='ltr'>hodie</span> <span class='ocrx_word' id='word_1_9' title='bbox 902 448 949 494; x_wconf 91' lang='lat' dir='ltr'>in</span> <span class='ocrx_word' id='word_1_10' title='bbox 974 448 1137 506; x_wconf 87' lang='lat' dir='ltr'>missa,</span> <span class='ocrx_word' id='word_1_11' title='bbox 1161 447 1210 493; x_wconf 91' lang='lat' dir='ltr'>in</span> <span class='ocrx_word' id='word_1_12' title='bbox 1234 446 1393 494; x_wconf 92' lang='lat' dir='ltr'>medio</span> <span class='ocrx_word' id='word_1_13' title='bbox 1419 444 1620 501; x_wconf 87' lang='lat' dir='ltr'>tribuni;</span> <span class='ocrx_word' id='word_1_14' title='bbox 1644 444 1993 495; x_wconf 72' lang='lat' dir='ltr'>descendentes</span> <span class='ocrx_word' id='word_1_15' title='bbox 2015 450 2091 498; x_wconf 89' lang='lat' dir='ltr'>alii</span> 
     </span>
     <span class='ocr_line' id='line_1_3' title="bbox 324 526 2090 593; baseline -0.001 -12"><span class='ocrx_word' id='word_1_16' title='bbox 324 534 383 582; x_wconf 90' lang='lat' dir='ltr'>ad</span> <span class='ocrx_word' id='word_1_17' title='bbox 417 533 656 580; x_wconf 78' lang='lat' dir='ltr'>sinistram</span> <span class='ocrx_word' id='word_1_18' title='bbox 691 532 871 593; x_wconf 87' lang='lat' dir='ltr'>pariter</span> <span class='ocrx_word' id='word_1_19' title='bbox 904 545 991 578; x_wconf 90' lang='grc'>5110</span> <span class='ocrx_word' id='word_1_20' title='bbox 1031 529 1198 577; x_wconf 93' lang='lat' dir='ltr'>ordine</span> <span class='ocrx_word' id='word_1_21' title='bbox 1232 527 1480 576; x_wconf 82' lang='lat' dir='ltr'>sedebant.</span> <span class='ocrx_word' id='word_1_22' title='bbox 1518 526 1775 575; x_wconf 87' lang='lat' dir='ltr'>Celebrans</span> <span class='ocrx_word' id='word_1_23' title='bbox 1812 527 2009 578; x_wconf 86' lang='lat' dir='ltr'>sedebat</span> <span class='ocrx_word' id='word_1_24' title='bbox 2041 532 2090 579; x_wconf 92' lang='lat' dir='ltr'>in</span> 
     </span>
     <span class='ocr_line' id='line_1_4' title="bbox 326 609 2088 677; baseline -0.002 -13"><span class='ocrx_word' id='word_1_25' title='bbox 326 615 607 673; x_wconf 87' lang='lat' dir='ltr'>faldistorio,</span> <span class='ocrx_word' id='word_1_26' title='bbox 638 614 685 660; x_wconf 92' lang='lat' dir='ltr'>in</span> <span class='ocrx_word' id='word_1_27' title='bbox 717 613 968 677; x_wconf 81' lang='lat' dir='ltr'>posteriori</span> <span class='ocrx_word' id='word_1_28' title='bbox 1001 627 1149 660; x_wconf 90' lang='lat' dir='ltr'>cornu</span> <span class='ocrx_word' id='word_1_29' title='bbox 1180 610 1398 674; x_wconf 85' lang='lat' dir='ltr'>epistole,</span> <span class='ocrx_word' id='word_1_30' title='bbox 1435 609 1555 658; x_wconf 90' lang='lat' dir='ltr'>facie</span> <span class='ocrx_word' id='word_1_31' title='bbox 1587 610 1907 659; x_wconf 79' lang='lat' dir='ltr'>cardinalibus</span> <span class='ocrx_word' id='word_1_32' title='bbox 1937 626 2088 660; x_wconf 90' lang='lat' dir='ltr'>versa.</span> 
     </span>
     <span class='ocr_line' id='line_1_5' title="bbox 327 692 2095 757; baseline -0.002 -11"><span class='ocrx_word' id='word_1_33' title='bbox 327 699 472 746; x_wconf 91' lang='lat' dir='ltr'>Missa</span> <span class='ocrx_word' id='word_1_34' title='bbox 492 697 627 744; x_wconf 87' lang='lat' dir='ltr'>finita</span> <span class='ocrx_word' id='word_1_35' title='bbox 655 700 702 744; x_wconf 88' lang='lat' dir='ltr'>et</span> <span class='ocrx_word' id='word_1_36' title='bbox 730 695 1066 744; x_wconf 89' lang='lat' dir='ltr'>benedictione</span> <span class='ocrx_word' id='word_1_37' title='bbox 1097 710 1184 757; x_wconf 90' lang='lat' dir='ltr'>per</span> <span class='ocrx_word' id='word_1_38' title='bbox 1209 693 1535 742; x_wconf 78' lang='lat' dir='ltr'>celebrantem</span> <span class='ocrx_word' id='word_1_39' title='bbox 1562 693 1690 753; x_wconf 88' lang='lat' dir='ltr'>data,</span> <span class='ocrx_word' id='word_1_40' title='bbox 1714 692 1913 757; x_wconf 88' lang='lat' dir='ltr'>quilibet</span> <span class='ocrx_word' id='word_1_41' title='bbox 1939 694 2095 742; x_wconf 88' lang='lat' dir='ltr'>cardi-</span> 
     </span>
     <span class='ocr_line' id='line_1_6' title="bbox 326 774 2100 843; baseline -0.001 -15"><span class='ocrx_word' id='word_1_42' title='bbox 326 781 504 829; x_wconf 88' lang='lat' dir='ltr'>nalium</span> <span class='ocrx_word' id='word_1_43' title='bbox 524 779 851 843; x_wconf 87' lang='lat' dir='ltr'>predictorum</span> <span class='ocrx_word' id='word_1_44' title='bbox 874 778 1003 827; x_wconf 80' lang='lat' dir='ltr'>dedit</span> <span class='ocrx_word' id='word_1_45' title='bbox 1033 776 1432 826; x_wconf 86' lang='lat' dir='ltr'>interessentibus</span> <span class='ocrx_word' id='word_1_46' title='bbox 1454 776 1820 840; x_wconf 82' lang='lat' dir='ltr'>indulgentiam,</span> <span class='ocrx_word' id='word_1_47' title='bbox 1836 774 1991 841; x_wconf 75' lang='lat' dir='ltr'>quain</span> <span class='ocrx_word' id='word_1_48' title='bbox 2011 794 2100 843; x_wconf 90' lang='lat' dir='ltr'>pu-</span> 
     </span>
     <span class='ocr_line' id='line_1_7' title="bbox 328 862 1126 912; baseline -0.003 -1"><span class='ocrx_word' id='word_1_49' title='bbox 328 864 517 912; x_wconf 87' lang='lat' dir='ltr'>blicavit</span> <span class='ocrx_word' id='word_1_50' title='bbox 539 863 790 912; x_wconf 88' lang='lat' dir='ltr'>celebrans</span> <span class='ocrx_word' id='word_1_51' title='bbox 813 877 947 910; x_wconf 89' lang='lat' dir='ltr'>more</span> <span class='ocrx_word' id='word_1_52' title='bbox 970 862 1126 910; x_wconf 88' lang='lat' dir='ltr'>solito.</span> 
     </span>
    </p>

    <p class='ocr_par' dir='ltr' id='par_1_3' title="bbox 322 945 2104 1924">
     <span class='ocr_line' id='line_1_8' title="bbox 391 945 2102 1008; baseline -0.001 -13"><span class='ocrx_word' id='word_1_53' title='bbox 391 947 569 995; x_wconf 90' lang='lat' dir='ltr'>Eadem</span> <span class='ocrx_word' id='word_1_54' title='bbox 592 946 668 994; x_wconf 90' lang='lat' dir='ltr'>die</span> <span class='ocrx_word' id='word_1_55' title='bbox 695 946 824 994; x_wconf 89' lang='lat' dir='ltr'>venit</span> <span class='ocrx_word' id='word_1_56' title='bbox 850 962 1017 993; x_wconf 90' lang='lat' dir='ltr'>cursor</span> <span class='ocrx_word' id='word_1_57' title='bbox 1047 962 1104 993; x_wconf 91' lang='lat' dir='ltr'>ex</span> <span class='ocrx_word' id='word_1_58' title='bbox 1131 945 1350 1004; x_wconf 86' lang='lat' dir='ltr'>Francia,</span> <span class='ocrx_word' id='word_1_59' title='bbox 1372 945 1453 1008; x_wconf 87' lang='lat' dir='ltr'>qui</span> <span class='ocrx_word' id='word_1_60' title='bbox 1483 945 1714 994; x_wconf 87' lang='lat' dir='ltr'>nuntiavit</span> <span class='ocrx_word' id='word_1_61' title='bbox 1742 948 1826 994; x_wconf 89' lang='lat' dir='ltr'>SS.</span> <span class='ocrx_word' id='word_1_62' title='bbox 1854 948 1910 993; x_wconf 91' lang='lat' dir='ltr'>D.</span> <span class='ocrx_word' id='word_1_63' title='bbox 1935 951 2102 994; x_wconf 89' lang='lat' dir='ltr'>nostro</span> 
     </span>
     <span class='ocr_line' id='line_1_9' title="bbox 326 1029 2104 1090; baseline 0 -11"><span class='ocrx_word' id='word_1_64' title='bbox 326 1031 478 1079; x_wconf 89' lang='lat' dir='ltr'>filium</span> <span class='ocrx_word' id='word_1_65' title='bbox 509 1045 667 1090; x_wconf 91' lang='lat' dir='ltr'>suum,</span> <span class='ocrx_word' id='word_1_66' title='bbox 702 1030 815 1077; x_wconf 91' lang='lat' dir='ltr'>olim</span> <span class='ocrx_word' id='word_1_67' title='bbox 844 1029 1136 1077; x_wconf 88' lang='lat' dir='ltr'>cardinalem</span> <span class='ocrx_word' id='word_1_68' title='bbox 1166 1029 1496 1089; x_wconf 83' lang='lat' dir='ltr'>Valentinum,</span> <span class='ocrx_word' id='word_1_69' title='bbox 1527 1029 1822 1077; x_wconf 87' lang='lat' dir='ltr'>contraxisse</span> <span class='ocrx_word' id='word_1_70' title='bbox 1855 1029 2104 1079; x_wconf 90' lang='lat' dir='ltr'>matrimo-</span> 
     </span>
     <span class='ocr_line' id='line_1_10' title="bbox 326 1111 2102 1176; baseline -0.001 -14"><span class='ocrx_word' id='word_1_71' title='bbox 326 1116 456 1162; x_wconf 88' lang='lat' dir='ltr'>nium</span> <span class='ocrx_word' id='word_1_72' title='bbox 479 1130 587 1162; x_wconf 89' lang='lat' dir='ltr'>cum</span> <span class='ocrx_word' id='word_1_73' title='bbox 608 1112 865 1176; x_wconf 85' lang='lat' dir='ltr'>Magnifica</span> <span class='ocrx_word' id='word_1_74' title='bbox 886 1113 1081 1161; x_wconf 89' lang='lat' dir='ltr'>domina</span> <span class='ocrx_word' id='word_1_75' title='bbox 1103 1112 1366 1176; x_wconf 81' lang='lat' dir='ltr'>[d’Albret],</span> <span class='ocrx_word' id='word_1_76' title='bbox 1389 1128 1416 1160; x_wconf 89' lang='lat' dir='ltr'>a</span> <span class='ocrx_word' id='word_1_77' title='bbox 1437 1111 1512 1159; x_wconf 93' lang='lat' dir='ltr'>die</span> <span class='ocrx_word' id='word_1_78' title='bbox 1536 1112 1629 1176; x_wconf 74' lang='lat'>[12]</span> <span class='ocrx_word' id='word_1_79' title='bbox 1654 1112 1893 1176; x_wconf 85' lang='lat' dir='ltr'>presentis</span> <span class='ocrx_word' id='word_1_80' title='bbox 1920 1114 2102 1162; x_wconf 90' lang='lat' dir='ltr'>mensis</span> 
     </span>
     <span class='ocr_line' id='line_1_11' title="bbox 327 1195 2102 1261; baseline 0 -16"><span class='ocrx_word' id='word_1_81' title='bbox 327 1204 371 1246; x_wconf 82' lang='lat' dir='ltr'>et</span> <span class='ocrx_word' id='word_1_82' title='bbox 405 1198 522 1246; x_wconf 93' lang='lat' dir='ltr'>illud</span> <span class='ocrx_word' id='word_1_83' title='bbox 558 1196 798 1246; x_wconf 88' lang='lat' dir='ltr'>dominica</span> <span class='ocrx_word' id='word_1_84' title='bbox 831 1197 1049 1261; x_wconf 88' lang='lat' dir='ltr'>ejusdem</span> <span class='ocrx_word' id='word_1_85' title='bbox 1083 1196 1264 1244; x_wconf 88' lang='lat' dir='ltr'>mensis</span> <span class='ocrx_word' id='word_1_86' title='bbox 1305 1211 1668 1244; x_wconf 88' lang='lat' dir='ltr'>consummasse</span> <span class='ocrx_word' id='word_1_87' title='bbox 1703 1200 1751 1245; x_wconf 90' lang='lat' dir='ltr'>et</span> <span class='ocrx_word' id='word_1_88' title='bbox 1790 1195 1964 1245; x_wconf 85' lang='lat' dir='ltr'>fecisse</span> <span class='ocrx_word' id='word_1_89' title='bbox 1991 1201 2102 1245; x_wconf 92' lang='lat' dir='ltr'>octo</span> 
     </span>
     <span class='ocr_line' id='line_1_12' title="bbox 322 1278 2098 1345; baseline -0.001 -16"><span class='ocrx_word' id='word_1_90' title='bbox 322 1281 449 1329; x_wconf 89' lang='lat' dir='ltr'>vices</span> <span class='ocrx_word' id='word_1_91' title='bbox 472 1279 738 1329; x_wconf 92' lang='lat' dir='ltr'>successive</span> <span class='ocrx_word' id='word_1_92' title='bbox 763 1279 842 1345; x_wconf 84' lang='lat'><strong>(1).</strong></span> <span class='ocrx_word' id='word_1_93' title='bbox 868 1280 1011 1329; x_wconf 89' lang='lat' dir='ltr'>Venit</span> <span class='ocrx_word' id='word_1_94' title='bbox 1034 1279 1154 1328; x_wconf 87' lang='lat' dir='ltr'>alius</span> <span class='ocrx_word' id='word_1_95' title='bbox 1176 1279 1410 1327; x_wconf 92' lang='lat' dir='ltr'>nuncians</span> <span class='ocrx_word' id='word_1_96' title='bbox 1433 1279 1560 1342; x_wconf 91' lang='lat' dir='ltr'>quod</span> <span class='ocrx_word' id='word_1_97' title='bbox 1584 1278 1633 1326; x_wconf 94' lang='lat' dir='ltr'>in</span> <span class='ocrx_word' id='word_1_98' title='bbox 1658 1278 1734 1327; x_wconf 91' lang='lat' dir='ltr'>die</span> <span class='ocrx_word' id='word_1_99' title='bbox 1766 1281 2098 1340; x_wconf 88' lang='lat' dir='ltr'>Pentecostes,</span> 
     </span>
     <span class='ocr_line' id='line_1_13' title="bbox 323 1362 2101 1428; baseline 0 -17"><span class='ocrx_word' id='word_1_100' title='bbox 323 1381 404 1412; x_wconf 81' lang='lat' dir='ltr'>xlx</span> <span class='ocrx_word' id='word_1_101' title='bbox 420 1364 564 1427; x_wconf 89' lang='lat' dir='ltr'>hujus</span> <span class='ocrx_word' id='word_1_102' title='bbox 585 1364 783 1423; x_wconf 90' lang='lat' dir='ltr'>mensis,</span> <span class='ocrx_word' id='word_1_103' title='bbox 810 1380 894 1411; x_wconf 88' lang='lat' dir='ltr'>rex</span> <span class='ocrx_word' id='word_1_104' title='bbox 921 1363 1121 1411; x_wconf 85' lang='lat' dir='ltr'>Francie</span> <span class='ocrx_word' id='word_1_105' title='bbox 1143 1363 1402 1428; x_wconf 87' lang='lat' dir='ltr'>assumpsit</span> <span class='ocrx_word' id='word_1_106' title='bbox 1427 1362 1606 1411; x_wconf 89' lang='lat' dir='ltr'>dictum</span> <span class='ocrx_word' id='word_1_107' title='bbox 1637 1362 1810 1410; x_wconf 90' lang='lat' dir='ltr'>ducem</span> <span class='ocrx_word' id='word_1_108' title='bbox 1832 1362 1881 1409; x_wconf 93' lang='lat' dir='ltr'>in</span> <span class='ocrx_word' id='word_1_109' title='bbox 1909 1363 2101 1411; x_wconf 89' lang='lat' dir='ltr'>confra-</span> 
     </span>
     <span class='ocr_line' id='line_1_14' title="bbox 323 1446 2092 1510; baseline -0.001 -15"><span class='ocrx_word' id='word_1_110' title='bbox 323 1452 446 1495; x_wconf 90' lang='lat' dir='ltr'>trem</span> <span class='ocrx_word' id='word_1_111' title='bbox 469 1446 872 1495; x_wconf 88' lang='lat' dir='ltr'>confraternitatis</span> <span class='ocrx_word' id='word_1_112' title='bbox 895 1463 934 1494; x_wconf 91' lang='grc'>5.</span> <span class='ocrx_word' id='word_1_113' title='bbox 959 1446 1226 1506; x_wconf 81' lang='lat' dir='ltr'>MichaeliS,</span> <span class='ocrx_word' id='word_1_114' title='bbox 1252 1463 1344 1510; x_wconf 91' lang='lat' dir='ltr'>que</span> <span class='ocrx_word' id='word_1_115' title='bbox 1365 1451 1436 1495; x_wconf 91' lang='lat' dir='ltr'>est</span> <span class='ocrx_word' id='word_1_116' title='bbox 1461 1446 1594 1510; x_wconf 84' lang='lat' dir='ltr'>regia</span> <span class='ocrx_word' id='word_1_117' title='bbox 1620 1450 1667 1494; x_wconf 89' lang='lat' dir='ltr'>et</span> <span class='ocrx_word' id='word_1_118' title='bbox 1687 1446 1848 1509; x_wconf 83' lang='lat' dir='ltr'>magni</span> <span class='ocrx_word' id='word_1_119' title='bbox 1876 1446 2092 1494; x_wconf 85' lang='grc'>110110115.</span> 
     </span>
     <span class='ocr_line' id='line_1_15' title="bbox 325 1529 2098 1593; baseline 0.002 -18"><span class='ocrx_word' id='word_1_120' title='bbox 325 1530 535 1576; x_wconf 89' lang='lat' dir='ltr'>Fuerunt</span> <span class='ocrx_word' id='word_1_121' title='bbox 555 1533 751 1592; x_wconf 89' lang='lat' dir='ltr'>propter</span> <span class='ocrx_word' id='word_1_122' title='bbox 772 1543 828 1576; x_wconf 88' lang='lat' dir='ltr'>ea</span> <span class='ocrx_word' id='word_1_123' title='bbox 858 1532 904 1576; x_wconf 92' lang='lat' dir='ltr'>et</span> <span class='ocrx_word' id='word_1_124' title='bbox 931 1544 989 1576; x_wconf 83' lang='lat' dir='ltr'>ex</span> <span class='ocrx_word' id='word_1_125' title='bbox 1011 1529 1237 1578; x_wconf 88' lang='lat' dir='ltr'>mandato</span> <span class='ocrx_word' id='word_1_126' title='bbox 1263 1533 1310 1578; x_wconf 89' lang='lat' dir='ltr'>et</span> <span class='ocrx_word' id='word_1_127' title='bbox 1338 1529 1678 1578; x_wconf 91' lang='lat' dir='ltr'>commissione</span> <span class='ocrx_word' id='word_1_128' title='bbox 1702 1531 1784 1577; x_wconf 90' lang='lat' dir='ltr'>SS.</span> <span class='ocrx_word' id='word_1_129' title='bbox 1811 1531 1866 1577; x_wconf 89' lang='lat' dir='ltr'>D.</span> <span class='ocrx_word' id='word_1_130' title='bbox 1892 1531 1949 1578; x_wconf 91' lang='lat' dir='ltr'>N.</span> <span class='ocrx_word' id='word_1_131' title='bbox 1974 1545 2098 1593; x_wconf 86' lang='lat' dir='ltr'>pape</span> 
     </span>
     <span class='ocr_line' id='line_1_16' title="bbox 327 1610 2099 1675; baseline 0.001 -17"><span class='ocrx_word' id='word_1_132' title='bbox 327 1611 463 1659; x_wconf 90' lang='lat' dir='ltr'>multi</span> <span class='ocrx_word' id='word_1_133' title='bbox 491 1611 628 1674; x_wconf 86' lang='lat' dir='ltr'>ignes</span> <span class='ocrx_word' id='word_1_134' title='bbox 648 1627 734 1675; x_wconf 92' lang='lat' dir='ltr'>per</span> <span class='ocrx_word' id='word_1_135' title='bbox 755 1610 949 1671; x_wconf 91' lang='lat' dir='ltr'>Urbem,</span> <span class='ocrx_word' id='word_1_136' title='bbox 975 1612 1194 1661; x_wconf 90' lang='lat' dir='ltr'>videlicet</span> <span class='ocrx_word' id='word_1_137' title='bbox 1221 1616 1330 1661; x_wconf 87' lang='lat' dir='ltr'>ante</span> <span class='ocrx_word' id='word_1_138' title='bbox 1363 1612 1533 1660; x_wconf 91' lang='lat' dir='ltr'>domos</span> <span class='ocrx_word' id='word_1_139' title='bbox 1555 1615 1842 1660; x_wconf 90' lang='lat' dir='ltr'>RRmorum.</span> <span class='ocrx_word' id='word_1_140' title='bbox 1870 1616 1968 1661; x_wconf 93' lang='lat' dir='ltr'>DD.</span> <span class='ocrx_word' id='word_1_141' title='bbox 1995 1630 2099 1662; x_wconf 88' lang='lat' dir='ltr'>car-</span> 
     </span>
     <span class='ocr_line' id='line_1_17' title="bbox 325 1694 2098 1759; baseline 0.002 -19"><span class='ocrx_word' id='word_1_142' title='bbox 325 1694 555 1741; x_wconf 88' lang='lat' dir='ltr'>dinalium</span> <span class='ocrx_word' id='word_1_143' title='bbox 588 1694 763 1752; x_wconf 89' lang='lat' dir='ltr'>Ursini,</span> <span class='ocrx_word' id='word_1_144' title='bbox 789 1710 827 1742; x_wconf 91' lang='lat' dir='ltr'>s.</span> <span class='ocrx_word' id='word_1_145' title='bbox 854 1695 1087 1759; x_wconf 86' lang='lat' dir='ltr'>Dionysii,</span> <span class='ocrx_word' id='word_1_146' title='bbox 1113 1695 1211 1744; x_wconf 89' lang='lat' dir='ltr'>filie</span> <span class='ocrx_word' id='word_1_147' title='bbox 1242 1699 1388 1759; x_wconf 90' lang='lat' dir='ltr'>Pape,</span> <span class='ocrx_word' id='word_1_148' title='bbox 1413 1700 1461 1744; x_wconf 92' lang='lat' dir='ltr'>et</span> <span class='ocrx_word' id='word_1_149' title='bbox 1490 1695 1752 1742; x_wconf 88' lang='lat' dir='ltr'>multorum</span> <span class='ocrx_word' id='word_1_150' title='bbox 1775 1695 2098 1759; x_wconf 88' lang='lat' dir='ltr'>Hispanorum</span> 
     </span>
     <span class='ocr_line' id='line_1_18' title="bbox 324 1777 2100 1841; baseline 0.002 -17"><span class='ocrx_word' id='word_1_151' title='bbox 324 1778 371 1824; x_wconf 92' lang='lat' dir='ltr'>in</span> <span class='ocrx_word' id='word_1_152' title='bbox 395 1793 502 1825; x_wconf 91' lang='lat' dir='ltr'>sero</span> <span class='ocrx_word' id='word_1_153' title='bbox 525 1777 776 1840; x_wconf 86' lang='lat' dir='ltr'>dieijovis,</span> <span class='ocrx_word' id='word_1_154' title='bbox 801 1792 915 1823; x_wconf 81' lang='lat' dir='ltr'>xxm</span> <span class='ocrx_word' id='word_1_155' title='bbox 943 1778 1123 1825; x_wconf 89' lang='lat' dir='ltr'>mensis</span> <span class='ocrx_word' id='word_1_156' title='bbox 1153 1778 1284 1837; x_wconf 88' lang='lat' dir='ltr'>maii,</span> <span class='ocrx_word' id='word_1_157' title='bbox 1307 1778 1355 1824; x_wconf 92' lang='lat' dir='ltr'>in</span> <span class='ocrx_word' id='word_1_158' title='bbox 1383 1777 1574 1841; x_wconf 84' lang='lat' dir='ltr'>signum</span> <span class='ocrx_word' id='word_1_159' title='bbox 1604 1778 1780 1841; x_wconf 88' lang='lat' dir='ltr'>gaudii,</span> <span class='ocrx_word' id='word_1_160' title='bbox 1807 1777 1893 1827; x_wconf 89' lang='lat' dir='ltr'>sed</span> <span class='ocrx_word' id='word_1_161' title='bbox 1918 1778 1967 1826; x_wconf 93' lang='lat' dir='ltr'>in</span> <span class='ocrx_word' id='word_1_162' title='bbox 1997 1794 2100 1827; x_wconf 91' lang='lat' dir='ltr'>ma-</span> 
     </span>
     <span class='ocr_line' id='line_1_19' title="bbox 324 1860 1866 1924; baseline 0.002 -17"><span class='ocrx_word' id='word_1_163' title='bbox 324 1875 472 1924; x_wconf 84' lang='lat' dir='ltr'>gnum</span> <span class='ocrx_word' id='word_1_164' title='bbox 494 1860 705 1909; x_wconf 90' lang='lat' dir='ltr'>dedecus</span> <span class='ocrx_word' id='word_1_165' title='bbox 728 1864 773 1907; x_wconf 92' lang='lat' dir='ltr'>et</span> <span class='ocrx_word' id='word_1_166' title='bbox 794 1861 1134 1908; x_wconf 89' lang='lat' dir='ltr'>verecundiam</span> <span class='ocrx_word' id='word_1_167' title='bbox 1155 1862 1238 1909; x_wconf 90' lang='lat' dir='ltr'>SS.</span> <span class='ocrx_word' id='word_1_168' title='bbox 1263 1863 1319 1908; x_wconf 93' lang='lat' dir='ltr'>D.</span> <span class='ocrx_word' id='word_1_169' title='bbox 1346 1863 1401 1909; x_wconf 92' lang='lat' dir='ltr'>N.</span> <span class='ocrx_word' id='word_1_170' title='bbox 1425 1864 1471 1909; x_wconf 91' lang='lat' dir='ltr'>et</span> <span class='ocrx_word' id='word_1_171' title='bbox 1491 1861 1633 1924; x_wconf 87' lang='lat' dir='ltr'>hujus</span> <span class='ocrx_word' id='word_1_172' title='bbox 1655 1877 1693 1909; x_wconf 92' lang='lat' dir='ltr'>s.</span> <span class='ocrx_word' id='word_1_173' title='bbox 1721 1862 1866 1910; x_wconf 91' lang='lat' dir='ltr'>sedis.</span> 
     </span>
    </p>

    <p class='ocr_par' dir='ltr' id='par_1_4' title="bbox 322 1943 2099 2425">
     <span class='ocr_line' id='line_1_20' title="bbox 388 1943 2081 2008; baseline 0.001 -17"><span class='ocrx_word' id='word_1_174' title='bbox 388 1943 567 1992; x_wconf 90' lang='lat' dir='ltr'>Eadem</span> <span class='ocrx_word' id='word_1_175' title='bbox 590 1944 684 1999; x_wconf 89' lang='lat' dir='ltr'>die,</span> <span class='ocrx_word' id='word_1_176' title='bbox 705 1943 833 1992; x_wconf 90' lang='lat' dir='ltr'>circa</span> <span class='ocrx_word' id='word_1_177' title='bbox 847 1943 1017 1991; x_wconf 88' lang='lat' dir='ltr'>horam</span> <span class='ocrx_word' id='word_1_178' title='bbox 1036 1960 1133 2004; x_wconf 68' lang='lat' dir='ltr'>xm,</span> <span class='ocrx_word' id='word_1_179' title='bbox 1158 1944 1346 1991; x_wconf 85' lang='lat' dir='ltr'>intravit</span> <span class='ocrx_word' id='word_1_180' title='bbox 1369 1944 1546 1992; x_wconf 88' lang='lat' dir='ltr'>Urbem</span> <span class='ocrx_word' id='word_1_181' title='bbox 1564 1961 1651 2008; x_wconf 93' lang='lat' dir='ltr'>per</span> <span class='ocrx_word' id='word_1_182' title='bbox 1670 1949 1859 2008; x_wconf 88' lang='lat' dir='ltr'>portam</span> <span class='ocrx_word' id='word_1_183' title='bbox 1875 1945 2081 1995; x_wconf 86' lang='lat' dir='ltr'>Viridari</span> 
     </span>
     <span class='ocr_line' id='line_1_21' title="bbox 323 2027 2099 2091; baseline 0.002 -17"><span class='ocrx_word' id='word_1_184' title='bbox 323 2027 606 2090; x_wconf 90' lang='lat' dir='ltr'>Spectabilis</span> <span class='ocrx_word' id='word_1_185' title='bbox 631 2030 687 2075; x_wconf 89' lang='lat' dir='ltr'>D.</span> <span class='ocrx_word' id='word_1_186' title='bbox 714 2027 889 2075; x_wconf 88' lang='lat' dir='ltr'>Paulus</span> <span class='ocrx_word' id='word_1_187' title='bbox 911 2027 1122 2091; x_wconf 88' lang='lat' dir='ltr'>Capello,</span> <span class='ocrx_word' id='word_1_188' title='bbox 1148 2027 1316 2076; x_wconf 91' lang='lat' dir='ltr'>doctor</span> <span class='ocrx_word' id='word_1_189' title='bbox 1343 2032 1390 2076; x_wconf 86' lang='lat' dir='ltr'>et</span> <span class='ocrx_word' id='word_1_190' title='bbox 1419 2027 1576 2087; x_wconf 89' lang='lat' dir='ltr'>miles,</span> <span class='ocrx_word' id='word_1_191' title='bbox 1599 2032 1759 2077; x_wconf 86' lang='lat' dir='ltr'>orator</span> <span class='ocrx_word' id='word_1_192' title='bbox 1786 2028 1984 2076; x_wconf 90' lang='lat' dir='ltr'>dominii</span> <span class='ocrx_word' id='word_1_193' title='bbox 2002 2032 2099 2079; x_wconf 89' lang='lat' dir='ltr'>Ve-</span> 
     </span>
     <span class='ocr_line' id='line_1_22' title="bbox 322 2110 2095 2176; baseline 0.002 -19"><span class='ocrx_word' id='word_1_194' title='bbox 322 2114 543 2158; x_wconf 87' lang='lat' dir='ltr'>netorum</span> <span class='ocrx_word' id='word_1_195' title='bbox 575 2111 635 2159; x_wconf 86' lang='lat' dir='ltr'>ad</span> <span class='ocrx_word' id='word_1_196' title='bbox 663 2112 745 2159; x_wconf 89' lang='lat' dir='ltr'>SS.</span> <span class='ocrx_word' id='word_1_197' title='bbox 783 2113 840 2158; x_wconf 89' lang='lat' dir='ltr'>D.</span> <span class='ocrx_word' id='word_1_198' title='bbox 875 2113 931 2158; x_wconf 91' lang='lat' dir='ltr'>N.</span> <span class='ocrx_word' id='word_1_199' title='bbox 964 2110 1157 2170; x_wconf 91' lang='lat' dir='ltr'>missus,</span> <span class='ocrx_word' id='word_1_200' title='bbox 1192 2111 1253 2159; x_wconf 89' lang='lat' dir='ltr'>ad</span> <span class='ocrx_word' id='word_1_201' title='bbox 1279 2127 1458 2159; x_wconf 89' lang='lat' dir='ltr'>annum</span> <span class='ocrx_word' id='word_1_202' title='bbox 1491 2111 1540 2159; x_wconf 93' lang='lat' dir='ltr'>in</span> <span class='ocrx_word' id='word_1_203' title='bbox 1575 2112 1699 2160; x_wconf 90' lang='lat' dir='ltr'>Urbe</span> <span class='ocrx_word' id='word_1_204' title='bbox 1732 2128 2095 2176; x_wconf 88' lang='lat' dir='ltr'>permansurus,</span> 
     </span>
     <span class='ocr_line' id='line_1_23' title="bbox 324 2194 2093 2259; baseline 0.002 -20"><span class='ocrx_word' id='word_1_205' title='bbox 324 2208 458 2241; x_wconf 91' lang='lat' dir='ltr'>more</span> <span class='ocrx_word' id='word_1_206' title='bbox 482 2209 650 2242; x_wconf 91' lang='lat' dir='ltr'>eorum</span> <span class='ocrx_word' id='word_1_207' title='bbox 674 2194 838 2254; x_wconf 86' lang='lat' dir='ltr'>solito;</span> <span class='ocrx_word' id='word_1_208' title='bbox 865 2195 945 2257; x_wconf 90' lang='lat' dir='ltr'>qui</span> <span class='ocrx_word' id='word_1_209' title='bbox 968 2199 1190 2259; x_wconf 90' lang='lat' dir='ltr'>receptus</span> <span class='ocrx_word' id='word_1_210' title='bbox 1211 2195 1296 2243; x_wconf 83' lang='lat' dir='ltr'>fuit</span> <span class='ocrx_word' id='word_1_211' title='bbox 1317 2199 1363 2243; x_wconf 91' lang='lat' dir='ltr'>et</span> <span class='ocrx_word' id='word_1_212' title='bbox 1386 2195 1649 2243; x_wconf 89' lang='lat' dir='ltr'>associatus</span> <span class='ocrx_word' id='word_1_213' title='bbox 1668 2212 1696 2243; x_wconf 90' lang='lat' dir='ltr'>a</span> <span class='ocrx_word' id='word_1_214' title='bbox 1715 2195 1905 2244; x_wconf 89' lang='lat' dir='ltr'>familiis</span> <span class='ocrx_word' id='word_1_215' title='bbox 1926 2197 2010 2244; x_wconf 88' lang='lat' dir='ltr'>SS.</span> <span class='ocrx_word' id='word_1_216' title='bbox 2036 2198 2093 2243; x_wconf 93' lang='lat' dir='ltr'>D.</span> 
     </span>
     <span class='ocr_line' id='line_1_24' title="bbox 322 2278 2098 2343; baseline 0.001 -19"><span class='ocrx_word' id='word_1_217' title='bbox 322 2278 377 2324; x_wconf 93' lang='lat' dir='ltr'>N.</span> <span class='ocrx_word' id='word_1_218' title='bbox 407 2281 455 2343; x_wconf 82' lang='lat' dir='ltr'>et</span> <span class='ocrx_word' id='word_1_219' title='bbox 485 2280 776 2324; x_wconf 87' lang='lat' dir='ltr'>RRmorum.</span> <span class='ocrx_word' id='word_1_220' title='bbox 802 2280 901 2325; x_wconf 87' lang='lat' dir='ltr'>DD.</span> <span class='ocrx_word' id='word_1_221' title='bbox 928 2278 1257 2337; x_wconf 88' lang='lat' dir='ltr'>cardinalium,</span> <span class='ocrx_word' id='word_1_222' title='bbox 1285 2282 1427 2342; x_wconf 84' lang='lat' dir='ltr'>prout</span> <span class='ocrx_word' id='word_1_223' title='bbox 1461 2282 1675 2327; x_wconf 89' lang='lat' dir='ltr'>oratores</span> <span class='ocrx_word' id='word_1_224' title='bbox 1703 2294 1789 2342; x_wconf 89' lang='lat' dir='ltr'>pro</span> <span class='ocrx_word' id='word_1_225' title='bbox 1821 2278 2098 2327; x_wconf 87' lang='lat' dir='ltr'>obedientia</span> 
     </span>
     <span class='ocr_line' id='line_1_25' title="bbox 322 2360 1638 2425; baseline 0.002 -19"><span class='ocrx_word' id='word_1_226' title='bbox 322 2360 581 2422; x_wconf 88' lang='lat' dir='ltr'>prestanda</span> <span class='ocrx_word' id='word_1_227' title='bbox 600 2360 847 2409; x_wconf 87' lang='lat' dir='ltr'>venientes</span> <span class='ocrx_word' id='word_1_228' title='bbox 869 2361 1018 2425; x_wconf 85' lang='lat' dir='ltr'>recipi</span> <span class='ocrx_word' id='word_1_229' title='bbox 1038 2366 1405 2421; x_wconf 82' lang='lat' dir='ltr'>consueverunt,</span> <span class='ocrx_word' id='word_1_230' title='bbox 1432 2366 1477 2409; x_wconf 91' lang='lat' dir='ltr'>et</span> <span class='ocrx_word' id='word_1_231' title='bbox 1496 2361 1638 2410; x_wconf 89' lang='lat' dir='ltr'>male.</span> 
     </span>
    </p>

    <p class='ocr_par' dir='ltr' id='par_1_5' title="bbox 318 2443 2096 2675">
     <span class='ocr_line' id='line_1_26' title="bbox 390 2443 2096 2508; baseline -0.001 -15"><span class='ocrx_word' id='word_1_232' title='bbox 390 2444 617 2502; x_wconf 85' lang='lat' dir='ltr'>Sabbato,</span> <span class='ocrx_word' id='word_1_233' title='bbox 644 2447 702 2491; x_wconf 76' lang='lat'>25</span> <span class='ocrx_word' id='word_1_234' title='bbox 729 2443 840 2492; x_wconf 88' lang='lat' dir='ltr'>dicti</span> <span class='ocrx_word' id='word_1_235' title='bbox 869 2444 1048 2492; x_wconf 91' lang='lat' dir='ltr'>mensis</span> <span class='ocrx_word' id='word_1_236' title='bbox 1077 2444 1207 2505; x_wconf 89' lang='lat' dir='ltr'>maii,</span> <span class='ocrx_word' id='word_1_237' title='bbox 1233 2444 1389 2508; x_wconf 86' lang='lat' dir='ltr'>vigilia</span> <span class='ocrx_word' id='word_1_238' title='bbox 1418 2447 1743 2505; x_wconf 89' lang='lat' dir='ltr'>Pentecostes,</span> <span class='ocrx_word' id='word_1_239' title='bbox 1769 2446 1963 2493; x_wconf 89' lang='lat' dir='ltr'>fuerunt</span> <span class='ocrx_word' id='word_1_240' title='bbox 1988 2460 2096 2494; x_wconf 87' lang='lat' dir='ltr'>ves-</span> 
     </span>
     <span class='ocr_line' id='line_1_27' title="bbox 318 2526 2093 2592; baseline 0.002 -19"><span class='ocrx_word' id='word_1_241' title='bbox 318 2541 433 2589; x_wconf 89' lang='lat' dir='ltr'>pere</span> <span class='ocrx_word' id='word_1_242' title='bbox 462 2526 704 2575; x_wconf 90' lang='lat' dir='ltr'>solemnes</span> <span class='ocrx_word' id='word_1_243' title='bbox 737 2527 786 2574; x_wconf 89' lang='lat' dir='ltr'>in</span> <span class='ocrx_word' id='word_1_244' title='bbox 815 2528 999 2591; x_wconf 87' lang='lat' dir='ltr'>capella</span> <span class='ocrx_word' id='word_1_245' title='bbox 1028 2529 1213 2592; x_wconf 88' lang='lat' dir='ltr'>majore</span> <span class='ocrx_word' id='word_1_246' title='bbox 1239 2528 1418 2592; x_wconf 86' lang='lat' dir='ltr'>palatii,</span> <span class='ocrx_word' id='word_1_247' title='bbox 1454 2530 1582 2592; x_wconf 90' lang='lat' dir='ltr'>Papa</span> <span class='ocrx_word' id='word_1_248' title='bbox 1610 2533 1853 2592; x_wconf 83' lang='lat' dir='ltr'>presente,</span> <span class='ocrx_word' id='word_1_249' title='bbox 1883 2527 1980 2592; x_wconf 90' lang='lat' dir='ltr'>qui,</span> <span class='ocrx_word' id='word_1_250' title='bbox 2014 2543 2093 2577; x_wconf 89' lang='lat' dir='ltr'>me</span> 
     </span>
     <span class='ocr_line' id='line_1_28' title="bbox 320 2610 1330 2675; baseline 0.002 -18"><span class='ocrx_word' id='word_1_251' title='bbox 320 2610 634 2673; x_wconf 84' lang='lat' dir='ltr'>interrogato,</span> <span class='ocrx_word' id='word_1_252' title='bbox 659 2610 807 2659; x_wconf 90' lang='lat' dir='ltr'>voluit</span> <span class='ocrx_word' id='word_1_253' title='bbox 827 2611 1059 2675; x_wconf 81' lang='lat' dir='ltr'>hymnum</span> <span class='ocrx_word' id='word_1_254' title='bbox 1082 2612 1330 2661; x_wconf 88' lang='lat' dir='ltr'>inchoare.</span> 
     </span>
    </p>

    <p class='ocr_par' dir='ltr' id='par_1_6' title="bbox 320 2694 2097 2926">
     <span class='ocr_line' id='line_1_29' title="bbox 386 2694 2097 2757; baseline 0.001 -17"><span class='ocrx_word' id='word_1_255' title='bbox 386 2696 439 2740; x_wconf 90' lang='lat' dir='ltr'>In</span> <span class='ocrx_word' id='word_1_256' title='bbox 461 2694 535 2742; x_wconf 92' lang='lat' dir='ltr'>die</span> <span class='ocrx_word' id='word_1_257' title='bbox 556 2699 803 2757; x_wconf 90' lang='lat' dir='ltr'>sequente,</span> <span class='ocrx_word' id='word_1_258' title='bbox 826 2695 1002 2743; x_wconf 83' lang='lat' dir='ltr'>festum</span> <span class='ocrx_word' id='word_1_259' title='bbox 1025 2698 1355 2756; x_wconf 81' lang='lat' dir='ltr'>PentecosteS,</span> <span class='ocrx_word' id='word_1_260' title='bbox 1380 2697 1466 2744; x_wconf 87' lang='lat' dir='ltr'>suit</span> <span class='ocrx_word' id='word_1_261' title='bbox 1487 2696 1634 2744; x_wconf 88' lang='lat' dir='ltr'>missa</span> <span class='ocrx_word' id='word_1_262' title='bbox 1651 2695 1878 2744; x_wconf 91' lang='lat' dir='ltr'>solemnis</span> <span class='ocrx_word' id='word_1_263' title='bbox 1899 2695 1947 2742; x_wconf 92' lang='lat' dir='ltr'>in</span> <span class='ocrx_word' id='word_1_264' title='bbox 1969 2694 2097 2743; x_wconf 89' lang='lat' dir='ltr'>basi-</span> 
     </span>
     <span class='ocr_line' id='line_1_30' title="bbox 320 2763 2090 2842; baseline -0.001 -17"><span class='ocrx_word' id='word_1_265' title='bbox 320 2777 413 2825; x_wconf 91' lang='lat' dir='ltr'>lica</span> <span class='ocrx_word' id='word_1_266' title='bbox 445 2763 680 2841; x_wconf 55' lang='lat' dir='ltr'>&#39;principis</span> <span class='ocrx_word' id='word_1_267' title='bbox 722 2780 1051 2842; x_wconf 87' lang='lat' dir='ltr'>apostolorum</span> <span class='ocrx_word' id='word_1_268' title='bbox 1085 2779 1144 2827; x_wconf 87' lang='lat' dir='ltr'>de</span> <span class='ocrx_word' id='word_1_269' title='bbox 1179 2780 1323 2839; x_wconf 85' lang='lat' dir='ltr'>Urbe,</span> <span class='ocrx_word' id='word_1_270' title='bbox 1358 2795 1500 2842; x_wconf 88' lang='lat' dir='ltr'>quam</span> <span class='ocrx_word' id='word_1_271' title='bbox 1538 2778 1794 2827; x_wconf 87' lang='lat' dir='ltr'>celebravit</span> <span class='ocrx_word' id='word_1_272' title='bbox 1833 2781 1997 2826; x_wconf 91' lang='lat' dir='ltr'>Rmus.</span> <span class='ocrx_word' id='word_1_273' title='bbox 2033 2780 2090 2824; x_wconf 89' lang='lat' dir='ltr'>D.</span> 
     </span>
     <span class='ocr_line' id='line_1_31' title="bbox 325 2858 2094 2926; baseline -0.001 -19"><span class='ocrx_word' id='word_1_274' title='bbox 325 2860 579 2908; x_wconf 84' lang='lat' dir='ltr'>cardinalis</span> <span class='ocrx_word' id='word_1_275' title='bbox 620 2861 987 2926; x_wconf 58' lang='lat' dir='ltr'>Recanatensisf,</span> <span class='ocrx_word' id='word_1_276' title='bbox 1025 2866 1250 2924; x_wconf 89' lang='lat' dir='ltr'>presente</span> <span class='ocrx_word' id='word_1_277' title='bbox 1291 2861 1434 2910; x_wconf 88' lang='lat' dir='ltr'>etiam</span> <span class='ocrx_word' id='word_1_278' title='bbox 1475 2864 1618 2925; x_wconf 86' lang='lat' dir='ltr'>Papa.</span> <span class='ocrx_word' id='word_1_279' title='bbox 1662 2864 1946 2909; x_wconf 89' lang='lat' dir='ltr'>Sermonem</span> <span class='ocrx_word' id='word_1_280' title='bbox 1982 2858 2094 2907; x_wconf 84' lang='lat' dir='ltr'>fecit</span> 
     </span>
    </p>
   </div>
   <div class='ocr_carea' id='block_1_3' title="bbox 318 3041 2095 3508">
    <p class='ocr_par' dir='ltr' id='par_1_7' title="bbox 318 3041 2095 3508">
     <span class='ocr_line' id='line_1_32' title="bbox 373 3041 2095 3091; baseline -0.001 -10"><span class='ocrx_word' id='word_1_281' title='bbox 373 3046 405 3081; x_wconf 89' lang='lat'>1.</span> <span class='ocrx_word' id='word_1_282' title='bbox 435 3043 462 3079; x_wconf 91' lang='lat' dir='ltr'>Il</span> <span class='ocrx_word' id='word_1_283' title='bbox 483 3041 580 3080; x_wconf 85' lang='lat' dir='ltr'>avait</span> <span class='ocrx_word' id='word_1_284' title='bbox 598 3054 643 3079; x_wconf 91' lang='lat' dir='ltr'>eu</span> <span class='ocrx_word' id='word_1_285' title='bbox 663 3045 833 3091; x_wconf 84' lang='lat' dir='ltr'>pourtant</span> <span class='ocrx_word' id='word_1_286' title='bbox 852 3053 922 3078; x_wconf 89' lang='lat' dir='ltr'>une</span> <span class='ocrx_word' id='word_1_287' title='bbox 944 3043 1021 3079; x_wconf 81' lang='lat' dir='ltr'>nuit</span> <span class='ocrx_word' id='word_1_288' title='bbox 1040 3043 1084 3078; x_wconf 86' lang='lat' dir='ltr'>de</span> <span class='ocrx_word' id='word_1_289' title='bbox 1104 3054 1213 3079; x_wconf 85' lang='lat' dir='ltr'>noces</span> <span class='ocrx_word' id='word_1_290' title='bbox 1233 3044 1303 3080; x_wconf 84' lang='lat' dir='ltr'>sort</span> <span class='ocrx_word' id='word_1_291' title='bbox 1322 3043 1495 3089; x_wconf 79' lang='lat' dir='ltr'>troublee,</span> <span class='ocrx_word' id='word_1_292' title='bbox 1511 3055 1557 3080; x_wconf 88' lang='lat' dir='ltr'>au</span> <span class='ocrx_word' id='word_1_293' title='bbox 1573 3042 1649 3079; x_wconf 86' lang='lat' dir='ltr'>dire</span> <span class='ocrx_word' id='word_1_294' title='bbox 1669 3043 1719 3079; x_wconf 89' lang='lat' dir='ltr'>du</span> <span class='ocrx_word' id='word_1_295' title='bbox 1739 3043 1910 3091; x_wconf 84' lang='lat' dir='ltr'>seigneur</span> <span class='ocrx_word' id='word_1_296' title='bbox 1929 3043 1974 3080; x_wconf 88' lang='lat' dir='ltr'>de</span> <span class='ocrx_word' id='word_1_297' title='bbox 1993 3042 2095 3081; x_wconf 82' lang='lat' dir='ltr'>Fleu-</span> 
     </span>
     <span class='ocr_line' id='line_1_33' title="bbox 325 3101 2093 3153; baseline -0.001 -12"><span class='ocrx_word' id='word_1_298' title='bbox 325 3116 437 3153; x_wconf 82' lang='lat' dir='ltr'>range</span> <span class='ocrx_word' id='word_1_299' title='bbox 461 3117 468 3141; x_wconf 92' lang='lat'><strong>:</strong></span> <span class='ocrx_word' id='word_1_300' title='bbox 494 3119 508 3138; x_wconf 77' lang='grc' dir='ltr'><strong>α</strong></span> <span class='ocrx_word' id='word_1_301' title='bbox 594 3101 639 3140; x_wconf 87' lang='grc' dir='ltr'>Ε1</span> <span class='ocrx_word' id='word_1_302' title='bbox 659 3113 749 3151; x_wconf 90' lang='lat' dir='ltr'>pour</span> <span class='ocrx_word' id='word_1_303' title='bbox 768 3114 859 3140; x_wconf 86' lang='lat' dir='ltr'>vous</span> <span class='ocrx_word' id='word_1_304' title='bbox 879 3108 1004 3140; x_wconf 88' lang='grc'>0011101</span> <span class='ocrx_word' id='word_1_305' title='bbox 1022 3105 1087 3140; x_wconf 87' lang='lat' dir='ltr'>dos</span> <span class='ocrx_word' id='word_1_306' title='bbox 1108 3115 1216 3141; x_wconf 89' lang='lat' dir='ltr'>noces</span> <span class='ocrx_word' id='word_1_307' title='bbox 1237 3105 1362 3141; x_wconf 87' lang='lat' dir='ltr'>dudict</span> <span class='ocrx_word' id='word_1_308' title='bbox 1378 3105 1447 3141; x_wconf 88' lang='lat' dir='ltr'>duc</span> <span class='ocrx_word' id='word_1_309' title='bbox 1466 3104 1511 3140; x_wconf 89' lang='lat' dir='ltr'>de</span> <span class='ocrx_word' id='word_1_310' title='bbox 1524 3102 1763 3148; x_wconf 85' lang='lat' dir='ltr'>Valentinois,</span> <span class='ocrx_word' id='word_1_311' title='bbox 1786 3102 1811 3138; x_wconf 87' lang='lat' dir='ltr'>il</span> <span class='ocrx_word' id='word_1_312' title='bbox 1831 3102 2010 3139; x_wconf 82' lang='lat' dir='ltr'>demanda</span> <span class='ocrx_word' id='word_1_313' title='bbox 2027 3104 2093 3140; x_wconf 87' lang='lat' dir='ltr'>des</span> 
     </span>
     <span class='ocr_line' id='line_1_34' title="bbox 326 3162 2093 3213; baseline -0.001 -12"><span class='ocrx_word' id='word_1_314' title='bbox 326 3165 452 3213; x_wconf 83' lang='lat' dir='ltr'>pilules</span> <span class='ocrx_word' id='word_1_315' title='bbox 472 3167 493 3200; x_wconf 77' lang='lat' dir='ltr'>a</span> <span class='ocrx_word' id='word_1_316' title='bbox 513 3163 759 3211; x_wconf 77' lang='lat' dir='ltr'>l&#39;apothicaIre</span> <span class='ocrx_word' id='word_1_317' title='bbox 779 3175 870 3211; x_wconf 88' lang='lat' dir='ltr'>pour</span> <span class='ocrx_word' id='word_1_318' title='bbox 899 3163 1057 3212; x_wconf 82' lang='lat' dir='ltr'>sestoyer</span> <span class='ocrx_word' id='word_1_319' title='bbox 1084 3176 1123 3200; x_wconf 85' lang='lat' dir='ltr'>sa</span> <span class='ocrx_word' id='word_1_320' title='bbox 1150 3165 1266 3210; x_wconf 85' lang='lat' dir='ltr'>dame,</span> <span class='ocrx_word' id='word_1_321' title='bbox 1288 3164 1323 3201; x_wconf 75' lang='lat' dir='ltr'>la</span> <span class='ocrx_word' id='word_1_322' title='bbox 1345 3167 1392 3201; x_wconf 77' lang='lat' dir='ltr'>ou</span> <span class='ocrx_word' id='word_1_323' title='bbox 1411 3168 1493 3200; x_wconf 88' lang='lat' dir='ltr'>eust</span> <span class='ocrx_word' id='word_1_324' title='bbox 1512 3164 1556 3199; x_wconf 89' lang='lat' dir='ltr'>de</span> <span class='ocrx_word' id='word_1_325' title='bbox 1577 3175 1662 3212; x_wconf 81' lang='lat' dir='ltr'>gros</span> <span class='ocrx_word' id='word_1_326' title='bbox 1683 3163 1788 3209; x_wconf 88' lang='lat' dir='ltr'>abus,</span> <span class='ocrx_word' id='word_1_327' title='bbox 1810 3175 1871 3199; x_wconf 85' lang='lat' dir='ltr'>car</span> <span class='ocrx_word' id='word_1_328' title='bbox 1890 3174 1937 3200; x_wconf 82' lang='lat' dir='ltr'>au</span> <span class='ocrx_word' id='word_1_329' title='bbox 1956 3162 2028 3199; x_wconf 92' lang='lat' dir='ltr'>lieu</span> <span class='ocrx_word' id='word_1_330' title='bbox 2047 3163 2093 3199; x_wconf 90' lang='lat' dir='ltr'>de</span> 
     </span>
     <span class='ocr_line' id='line_1_35' title="bbox 321 3215 2094 3272; baseline -0.001 -13"><span class='ocrx_word' id='word_1_331' title='bbox 321 3225 382 3272; x_wconf 82' lang='lat' dir='ltr'>luy</span> <span class='ocrx_word' id='word_1_332' title='bbox 411 3225 550 3260; x_wconf 83' lang='lat' dir='ltr'>donner</span> <span class='ocrx_word' id='word_1_333' title='bbox 577 3235 615 3260; x_wconf 90' lang='lat' dir='ltr'>ce</span> <span class='ocrx_word' id='word_1_334' title='bbox 643 3222 730 3272; x_wconf 73' lang='lat' dir='ltr'>qu&#39;il</span> <span class='ocrx_word' id='word_1_335' title='bbox 757 3223 977 3270; x_wconf 73' lang='lat' dir='ltr'>demandoit,</span> <span class='ocrx_word' id='word_1_336' title='bbox 1000 3223 1061 3271; x_wconf 86' lang='lat' dir='ltr'>luy</span> <span class='ocrx_word' id='word_1_337' title='bbox 1088 3223 1209 3260; x_wconf 87' lang='lat' dir='ltr'>donna</span> <span class='ocrx_word' id='word_1_338' title='bbox 1235 3225 1299 3260; x_wconf 91' lang='lat' dir='ltr'>des</span> <span class='ocrx_word' id='word_1_339' title='bbox 1325 3223 1454 3272; x_wconf 87' lang='lat' dir='ltr'>pilules</span> <span class='ocrx_word' id='word_1_340' title='bbox 1484 3223 1674 3269; x_wconf 80' lang='lat' dir='ltr'>laxatives,</span> <span class='ocrx_word' id='word_1_341' title='bbox 1696 3222 1878 3259; x_wconf 89' lang='lat' dir='ltr'>tellement</span> <span class='ocrx_word' id='word_1_342' title='bbox 1898 3233 1967 3270; x_wconf 89' lang='lat' dir='ltr'>que</span> <span class='ocrx_word' id='word_1_343' title='bbox 1993 3215 2094 3259; x_wconf 84' lang='lat' dir='ltr'>toute</span> 
     </span>
     <span class='ocr_line' id='line_1_36' title="bbox 321 3281 2093 3330; baseline -0.002 -10"><span class='ocrx_word' id='word_1_344' title='bbox 321 3284 354 3320; x_wconf 86' lang='lat' dir='ltr'>la</span> <span class='ocrx_word' id='word_1_345' title='bbox 386 3284 486 3320; x_wconf 86' lang='lat' dir='ltr'>nuict</span> <span class='ocrx_word' id='word_1_346' title='bbox 515 3284 539 3319; x_wconf 92' lang='lat' dir='ltr'>il</span> <span class='ocrx_word' id='word_1_347' title='bbox 571 3296 617 3320; x_wconf 85' lang='lat' dir='ltr'>ne</span> <span class='ocrx_word' id='word_1_348' title='bbox 652 3294 757 3320; x_wconf 84' lang='lat' dir='ltr'>cessa</span> <span class='ocrx_word' id='word_1_349' title='bbox 789 3283 913 3320; x_wconf 88' lang='lat' dir='ltr'>d&#39;aller</span> <span class='ocrx_word' id='word_1_350' title='bbox 943 3295 988 3319; x_wconf 86' lang='lat' dir='ltr'>au</span> <span class='ocrx_word' id='word_1_351' title='bbox 1014 3283 1172 3330; x_wconf 85' lang='lat' dir='ltr'>retraict,</span> <span class='ocrx_word' id='word_1_352' title='bbox 1202 3295 1338 3320; x_wconf 90' lang='lat' dir='ltr'>comme</span> <span class='ocrx_word' id='word_1_353' title='bbox 1371 3295 1415 3320; x_wconf 90' lang='lat' dir='ltr'>en</span> <span class='ocrx_word' id='word_1_354' title='bbox 1447 3283 1555 3319; x_wconf 76' lang='grc'>1110111</span> <span class='ocrx_word' id='word_1_355' title='bbox 1579 3282 1632 3319; x_wconf 91' lang='grc'>105</span> <span class='ocrx_word' id='word_1_356' title='bbox 1659 3283 1783 3320; x_wconf 85' lang='lat' dir='ltr'>dames</span> <span class='ocrx_word' id='word_1_357' title='bbox 1811 3281 1845 3318; x_wconf 90' lang='lat' dir='ltr'>le</span> <span class='ocrx_word' id='word_1_358' title='bbox 1873 3284 2021 3329; x_wconf 85' lang='lat' dir='ltr'>rapport</span> <span class='ocrx_word' id='word_1_359' title='bbox 2047 3292 2093 3317; x_wconf 82' lang='lat' dir='ltr'>au</span> 
     </span>
     <span class='ocr_line' id='line_1_37' title="bbox 319 3341 2090 3391; baseline 0 -13"><span class='ocrx_word' id='word_1_360' title='bbox 319 3343 444 3380; x_wconf 76' lang='lat' dir='ltr'>inatin.</span> <span class='ocrx_word' id='word_1_361' title='bbox 469 3358 487 3376; x_wconf 87' lang='lat'>»</span> <span class='ocrx_word' id='word_1_362' title='bbox 515 3344 701 3379; x_wconf 39' lang='lat' dir='ltr'>Memorio-es</span> <span class='ocrx_word' id='word_1_363' title='bbox 734 3343 778 3379; x_wconf 89' lang='lat' dir='ltr'>de</span> <span class='ocrx_word' id='word_1_364' title='bbox 810 3342 948 3379; x_wconf 80' lang='lat' dir='ltr'>Robert</span> <span class='ocrx_word' id='word_1_365' title='bbox 985 3342 1029 3378; x_wconf 86' lang='lat' dir='ltr'>de</span> <span class='ocrx_word' id='word_1_366' title='bbox 1063 3342 1096 3378; x_wconf 85' lang='lat' dir='ltr'>la</span> <span class='ocrx_word' id='word_1_367' title='bbox 1135 3343 1254 3388; x_wconf 84' lang='lat' dir='ltr'>Mark,</span> <span class='ocrx_word' id='word_1_368' title='bbox 1285 3342 1457 3391; x_wconf 87' lang='lat' dir='ltr'>seigneur</span> <span class='ocrx_word' id='word_1_369' title='bbox 1490 3343 1535 3378; x_wconf 87' lang='lat' dir='ltr'>de</span> <span class='ocrx_word' id='word_1_370' title='bbox 1574 3342 1790 3390; x_wconf 83' lang='lat' dir='ltr'>Fleurange.</span> <span class='ocrx_word' id='word_1_371' title='bbox 1825 3341 1967 3389; x_wconf 75' lang='lat' dir='ltr'>(Pcmth.</span> <span class='ocrx_word' id='word_1_372' title='bbox 2001 3341 2090 3384; x_wconf 68' lang='lat' dir='ltr'>litt„</span> 
     </span>
     <span class='ocr_line' id='line_1_38' title="bbox 318 3399 2092 3451; baseline -0.001 -14"><span class='ocrx_word' id='word_1_373' title='bbox 318 3402 375 3439; x_wconf 86' lang='lat' dir='ltr'>ch.</span> <span class='ocrx_word' id='word_1_374' title='bbox 395 3403 455 3447; x_wconf 83' lang='lat' dir='ltr'>lv,</span> <span class='ocrx_word' id='word_1_375' title='bbox 477 3415 513 3450; x_wconf 86' lang='lat' dir='ltr'>p.</span> <span class='ocrx_word' id='word_1_376' title='bbox 535 3404 633 3448; x_wconf 81' lang='grc'>218.)</span> <span class='ocrx_word' id='word_1_377' title='bbox 655 3402 748 3450; x_wconf 85' lang='lat' dir='ltr'>Voy.</span> <span class='ocrx_word' id='word_1_378' title='bbox 771 3403 814 3438; x_wconf 88' lang='lat' dir='ltr'>de</span> <span class='ocrx_word' id='word_1_379' title='bbox 836 3401 995 3447; x_wconf 81' lang='lat' dir='ltr'>Maulde‚</span> <span class='ocrx_word' id='word_1_380' title='bbox 1017 3402 1122 3450; x_wconf 86' lang='lat' dir='ltr'>chap.</span> <span class='ocrx_word' id='word_1_381' title='bbox 1146 3403 1209 3448; x_wconf 89' lang='lat' dir='ltr'>IX,</span> <span class='ocrx_word' id='word_1_382' title='bbox 1231 3415 1267 3451; x_wconf 90' lang='lat' dir='ltr'>p.</span> <span class='ocrx_word' id='word_1_383' title='bbox 1290 3403 1425 3448; x_wconf 81' lang='lat'>361-6;</span> <span class='ocrx_word' id='word_1_384' title='bbox 1446 3405 1482 3439; x_wconf 87' lang='lat' dir='ltr'>et</span> <span class='ocrx_word' id='word_1_385' title='bbox 1502 3401 1555 3438; x_wconf 91' lang='lat' dir='ltr'>les</span> <span class='ocrx_word' id='word_1_386' title='bbox 1580 3402 1832 3439; x_wconf 80' lang='lat' dir='ltr'>Ordonnances</span> <span class='ocrx_word' id='word_1_387' title='bbox 1855 3401 1916 3437; x_wconf 81' lang='lat' dir='ltr'>des</span> <span class='ocrx_word' id='word_1_388' title='bbox 1940 3400 2028 3438; x_wconf 86' lang='lat' dir='ltr'>Rois</span> <span class='ocrx_word' id='word_1_389' title='bbox 2047 3399 2092 3436; x_wconf 84' lang='lat' dir='ltr'>de</span> 
     </span>
     <span class='ocr_line' id='line_1_39' title="bbox 318 3455 1011 3508; baseline 0.001 -11"><span class='ocrx_word' id='word_1_390' title='bbox 318 3455 466 3502; x_wconf 71' lang='lat' dir='ltr'>Franco,</span> <span class='ocrx_word' id='word_1_391' title='bbox 490 3465 516 3497; x_wconf 87' lang='lat' dir='ltr'>t.</span> <span class='ocrx_word' id='word_1_392' title='bbox 540 3460 638 3505; x_wconf 90' lang='lat' dir='ltr'>XXI,</span> <span class='ocrx_word' id='word_1_393' title='bbox 660 3472 695 3508; x_wconf 91' lang='lat' dir='ltr'>p.</span> <span class='ocrx_word' id='word_1_394' title='bbox 718 3462 801 3508; x_wconf 86' lang='grc'>210,</span> <span class='ocrx_word' id='word_1_395' title='bbox 823 3462 906 3507; x_wconf 87' lang='grc'>213,</span> <span class='ocrx_word' id='word_1_396' title='bbox 929 3462 1011 3498; x_wconf 91' lang='grc'>227.</span> 
     </span>
    </p>
   </div>
  </div>
 </body>
</html>
