2216 3886
306 264 377 299 592
911 265 1144 302 ,IOHANNIS
1177 264 1469 301 BURCHARDI.
1751 265 1957 303 [Decembre
1978 267 2072 305 1499]

309 364 413 428 ipsa
439 365 650 429 primeva
680 364 980 413 ordinatione
1014 365 1100 414 fuit
1130 364 1387 423 institutus,
1414 367 1462 411 et
1491 363 1538 410 in
1566 379 1661 425 quo
1686 380 1853 430 omnes
1879 365 2074 427 quibus-

310 463 515 511 cumque
563 446 706 495 etiam
751 446 1037 509 gravissimis
1082 446 1267 494 delictis
1311 445 1529 503 obnoxii,
1570 461 1682 494 vere
1719 447 1989 510 penitentes
2025 451 2073 495 et

310 531 535 588 confessi,
561 529 792 579 visitando
819 529 1041 577 basilicas
1073 533 1121 577 et
1153 529 1383 577 ecclesias
1416 528 1542 576 alme
1575 528 1713 576 Urbis
1745 533 1792 577 et
1819 533 1951 577 extra
1971 545 2076 577 eam

311 615 370 662 ad
396 614 443 661 id
464 614 732 676 deputatas,
755 614 1084 677 plenissimam
1112 613 1326 661 omnium
1355 617 1665 676 peccatorum
1697 627 1892 660 suorum
1921 611 2078 659 indul-

311 697 520 760 gentiam
562 701 919 759 consequantur
958 702 1005 745 et
1040 700 1236 760 propter
1271 711 1329 744 ea
1360 711 1388 743 a
1422 696 1608 744 cunctis
1648 695 1820 743 Christi
1854 694 2077 743 fidelibus

267 782 270 785 ’
305 778 598 843 peramplius
626 784 672 827 et
704 795 814 827 cum
847 780 1032 843 majore
1066 779 1339 843 frequentia
1368 795 1463 827 non
1493 779 1734 829 immerito
1769 778 2075 837 celebrando,

311 860 529 924 cupimus
562 866 661 909 toto
696 861 852 909 cordis
886 861 1060 909 affectu
1095 861 1278 909 animas
1301 862 1515 910 Creatori
1543 862 1846 922 lucrifacere,
1874 862 2080 910 dictum-

312 959 405 1006 que
433 959 610 991 annum
628 943 798 1007 jubilei
829 945 888 992 ab
910 944 1024 1008 ipsis
1046 945 1270 993 fidelibus
1300 960 1410 992 cum
1439 946 1567 993 omni
1600 945 1759 994 debita
1781 948 1828 993 et
1855 944 2081 1008 singulari

311 1027 564 1075 devotione
587 1027 899 1089 frequentari,
926 1031 973 1076 et
1000 1027 1167 1075 fideles
1197 1028 1327 1091 ipsos
1354 1027 1415 1075 ad
1444 1028 1620 1077 dictam
1646 1028 1824 1077 Urbem
1845 1043 1931 1092 pro
1953 1043 2082 1075 reve-

310 1109 464 1178 rentia
493 1108 745 1157 beatorum
779 1111 906 1159 Petri
940 1115 988 1159 et
1020 1110 1153 1159 Pauli
1180 1111 1505 1174 apostolorum
1539 1111 1828 1175 principum,
1859 1110 1939 1174 qui
1973 1126 2080 1159 eam

310 1208 395 1239 suo
429 1193 657 1255 martyrio
700 1198 1106 1243 consecraverunt
1138 1209 1194 1241 ac
1225 1193 1533 1258 indulgentiis
1566 1194 1678 1242 dicti
1704 1193 1873 1258 jubilei
1909 1209 2082 1242 conse-

310 1275 529 1338 quendis,
556 1276 894 1340 undecumque
914 1276 1232 1341 personaliter
1253 1275 1483 1324 accedere
1503 1280 1549 1324 et
1573 1291 1623 1323 se
1646 1275 1706 1323 ad
1727 1276 1773 1323 id
1786 1277 1888 1340 jam
1909 1291 2082 1340 prepa-

310 1373 435 1406 rare.
470 1361 583 1418 Nos,
616 1359 711 1422 qui,
748 1360 860 1409 licet
892 1359 1134 1419 immeriti,
1167 1358 1294 1407 vices
1325 1358 1497 1406 Christi
1528 1362 1749 1406 tenemus
1778 1358 1827 1405 in
1857 1358 1995 1406 terris
2025 1373 2081 1406 ac

310 1440 586 1490 facultatum
609 1446 656 1490 et
679 1443 1048 1491 concessionum
1070 1441 1305 1489 hactenus
1330 1455 1358 1487 a
1376 1441 1533 1500 nobis,
1555 1457 1582 1488 a
1604 1439 1743 1488 dictis
1764 1440 2080 1503 predecesso-

311 1524 441 1573 ribus
464 1525 640 1573 nostris
662 1527 1028 1576 commissarum
1053 1523 1424 1585 multitudinem,
1445 1525 1493 1572 in
1513 1525 1607 1574 hoc
1626 1529 1722 1573 tam
1745 1527 1910 1573 sancto
1933 1538 2079 1586 opere

309 1609 571 1658 reddantur
589 1611 820 1659 tardiores
839 1610 1119 1658 eorumdem
1135 1610 1532 1673 predecessorum
1549 1608 1760 1671 vestigiis
1778 1608 2073 1666 inherentes,

308 1691 472 1740 habita
493 1709 603 1741 cum
623 1693 977 1742 venerabilibus
998 1692 1221 1740 fratribus
1252 1691 1425 1741 nostris
1454 1708 1492 1737 s.
1518 1694 1730 1738 Romane
1753 1690 1957 1738 ecclesie
1980 1706 2081 1738 car-

312 1775 548 1824 dinalibus
581 1774 929 1824 deliberatione
956 1779 1145 1822 matura
1174 1774 1233 1823 de
1267 1775 1468 1822 fratrum
1499 1772 1782 1821 eorumdem
1807 1773 2007 1821 consilio
2035 1776 2082 1820 et

312 1860 573 1921 apostolice
602 1859 894 1908 auctoritatis
924 1857 1238 1922 plenitudine,
1263 1857 1502 1922 predictas
1531 1860 1579 1904 et
1607 1856 1723 1904 alias
1753 1855 2081 1920 plenissimam

312 1942 422 1989 anni
439 1943 608 2006 jubilei
630 1941 977 2006 indulgentiam
998 1945 1348 1990 concernentes
1367 1956 1395 1988 a
1410 1940 1523 1988 sede
1543 1939 1808 2004 apostolica
1823 1954 2080 1987 concessas

309 2024 512 2085 litteras,
537 2041 737 2089 quarum
759 2030 972 2084 tenoreS,
998 2040 1052 2072 ac
1075 2025 1112 2072 si
1135 2024 1193 2073 de
1222 2025 1369 2072 verbo
1399 2023 1702 2088 presentibus
1733 2023 2077 2082 insererentur,

311 2108 481 2156 haberi
501 2109 718 2157 volumus
748 2125 834 2173 pro
863 2107 1160 2157 sufficienter
1180 2107 1417 2172 expressis
1445 2111 1492 2155 et
1521 2107 1731 2166 insertis,
1757 2106 2078 2170 approbantes

310 2196 358 2240 et
396 2193 679 2241 innovantes
708 2207 877 2241 omnes
917 2198 964 2242 et
995 2193 1207 2257 singulas
1245 2193 1360 2240 alias
1390 2177 1711 2254 indulgentias
1750 2189 1989 2253 plenarias
2026 2205 2081 2237 ac

313 2275 656 2322 commutanda
687 2281 813 2336 vota,
845 2281 892 2325 et
926 2293 1069 2340 super
1102 2276 1170 2325 eis
1205 2280 1252 2324 et
1281 2276 1407 2324 male
1441 2274 1611 2322 oblatis
1644 2272 1854 2332 insertis,
1886 2277 1966 2320 aut
1997 2288 2084 2336 per

314 2357 581 2405 usurariam
613 2360 897 2422 pravitatem
927 2361 999 2408 vel
1027 2358 1172 2406 alium
1199 2358 1415 2406 illicitum
1445 2357 1643 2405 modum
1671 2356 1868 2404 extortis
1890 2357 2083 2420 dispen-

317 2438 451 2486 sandi
483 2443 561 2487 aut
589 2439 669 2488 illa
699 2441 785 2489 sub
816 2442 960 2489 certis
993 2442 1136 2490 modo
1165 2446 1212 2489 et
1241 2441 1396 2489 forma
1422 2441 1694 2489 remittendi
1722 2456 1776 2489 ac
1802 2439 2079 2504 deputandi,

313 2525 359 2568 et
400 2521 606 2585 eligendi
652 2523 954 2572 confessores
1003 2525 1149 2572 etiam
1190 2524 1238 2571 in
1281 2524 1436 2582 forma
1480 2524 1737 2571 beatissime
1780 2524 1931 2572 Pater
1973 2538 2082 2571 cum

313 2609 552 2666 potestate
594 2606 869 2655 absolvendi
910 2623 964 2655 ac
1005 2607 1195 2655 casibus
1228 2606 1368 2655 nobis
1406 2611 1454 2655 et
1493 2606 1650 2655 eidem
1685 2606 1785 2655 sedi
1828 2605 2082 2655 reservatis

315 2685 561 2736 facultates
583 2692 630 2736 et
650 2690 989 2738 concessiones
1012 2707 1038 2738 a
1059 2690 1197 2738 nobis
1220 2695 1265 2738 et
1288 2689 1458 2738 eadem
1485 2690 1597 2738 sede
1625 2690 1698 2738 vel
1724 2690 1850 2738 illius
1876 2688 2082 2738 auctori-

314 2773 425 2829 tate,
450 2771 692 2833 quibusvis
722 2773 955 2833 ecclesiis,
981 2773 1286 2821 monasteriis
1316 2773 1390 2821 vel
1423 2772 1643 2820 domibus
1674 2773 1981 2836 hospitalium
2008 2772 2081 2820 vel

313 2852 416 2899 aliis
438 2853 691 2916 religiosiS,
710 2856 853 2903 etiam
874 2846 1151 2904 militiarum
1174 2870 1588 2918 quarumcumque
1610 2859 1657 2903 et
1677 2856 1918 2918 piislocis,
1938 2855 2081 2903 etiam

312 2934 538 2999 hospitali
559 2941 725 2985 nostro
748 2938 898 2986 sancti
921 2939 1126 3002 Spiritus
1146 2939 1193 2986 in
1217 2938 1359 2987 Saxia
1378 2938 1436 2987 de
1462 2939 1603 2998 Urbe,
1630 2938 1810 2986 ordinis
1831 2954 1868 2986 s.
1893 2939 2083 3001 Augus-

313 3017 418 3076 tini,
442 3018 712 3083 horumque
740 3020 987 3080 membris,
1011 3020 1397 3069 universitatibus
1429 3025 1475 3069 et
1498 3020 1820 3084 singularibus
1841 3020 2078 3084 personis,

315 3100 458 3149 etiam
485 3102 717 3166 cujusque
747 3103 989 3167 dignitatis
1011 3108 1058 3153 et
1080 3104 1254 3168 gradus
1274 3103 1464 3152 ordinis.
1481 3104 1550 3152 vel
1578 3103 1864 3152 conditionis
1895 3107 1940 3151 et
1962 3118 2087 3166 qua--

315 3198 519 3248 cumque
552 3186 774 3245 ecclesia,
806 3187 880 3235 vel
906 3187 1150 3235 mundana
1179 3186 1480 3250 prefulgeant
1515 3187 1762 3249 dignitate,
1798 3185 2080 3234 excellentia

316 3271 363 3314 et
394 3269 694 3330 auctoritate,
730 3274 826 3318 tam
862 3270 910 3317 in
949 3275 1235 3335 perpetuum
1274 3285 1416 3332 quam
1454 3269 1514 3316 ad
1552 3274 1762 3333 tempus,
1800 3269 1848 3316 in
1882 3268 1977 3317 vita
2006 3266 2077 3316 vel

314 3350 485 3398 mortis
518 3350 736 3412 articulo,
771 3354 937 3417 quovis
969 3354 1112 3402 modo
1147 3357 1193 3401 et
1226 3369 1282 3400 ex
1320 3352 1481 3416 quavis
1519 3369 1663 3401 causa
1692 3352 1767 3401 vel
1800 3351 2000 3409 ratione,
2030 3353 2080 3397 et
