2248 3906
233 315 398 357 [octobre
421 315 515 354 1497]
672 309 841 348 RERUM
874 306 1179 346 URBANARUM
1212 304 1566 342 COMMENTARII.
1942 306 2012 342 407

227 419 416 465 Fratres
457 414 585 462 illius
625 413 885 461 conventus
923 409 1153 455 venerunt
1192 404 1281 452 sibi
1316 404 1503 453 obviam
1543 419 1696 467 usque
1736 403 1797 451 ad
1832 404 2010 454 ostium

226 499 432 548 ecclesie
452 497 533 546 ubi
553 512 676 544 unus
696 508 882 551 eorum,
906 491 1031 540 facta
1058 490 1116 538 de
1139 504 1284 537 cruce
1306 487 1458 552 proba
1484 487 1580 535 sive
1609 487 1873 546 credentia,
1896 503 2009 551 por-

225 583 347 632 rexit
370 597 477 630 eam
507 578 737 629 cardinali
758 578 817 626 de
841 574 1041 625 Sabellis
1063 578 1110 622 et
1130 573 1209 621 ille
1230 571 1446 636 pontifici
1468 569 1778 619 osculandam
1798 586 1807 630 ;
1832 585 1929 618 non
1955 586 2005 618 se

225 666 429 731 aspersit
459 679 617 728 neque
646 663 923 711 incensatus
952 658 1057 707 fuit.
1085 660 1206 705 Tum
1231 656 1403 704 fratres
1430 655 1520 719 ipsi
1549 658 1862 702 cantaverunt
1883 655 2006 702 anti-

223 751 435 815 phonam
459 767 467 797 :
492 748 618 796 Ecce
649 745 861 794 sacerdos
888 758 1108 806 maqnus.
1135 744 1280 805 Papa,
1309 739 1436 788 facta
1462 743 1572 786 ante
1606 738 1755 786 altare
1787 738 2004 786 oratione

223 835 272 882 in
291 837 461 898 parato
484 831 572 879 sibi
594 829 878 888 faldistorio,
904 826 1035 875 stetit
1056 830 1103 874 et
1128 824 1239 872 fecit
1261 823 1619 872 confessionem
1642 837 1753 870 cum
1775 822 2004 886 episcopo

222 914 567 967 Assisinatensi
619 913 922 962 celebraturo
975 910 1077 957 sine
1124 907 1481 972 pontificalibus
1539 907 1739 954 missam
1789 905 2000 955 bassam.

224 1000 501 1050 Cardinales
541 999 600 1047 de
640 995 841 1046 Sabellis
881 998 928 1042 et
968 993 1201 1042 Columna
1239 991 1540 1050 assistentes,
1580 990 1661 1053 qui
1701 994 1864 1039 tamen
1907 1005 2004 1036 non

222 1084 466 1134 debebant
490 1082 733 1139 assistere,
758 1078 1129 1143 genuflexerunt
1156 1079 1283 1124 retro
1310 1075 1610 1139 pontificem,
1641 1078 1689 1123 et
1715 1073 1860 1134 male,
1885 1088 2006 1138 quo-

224 1168 353 1216 niam
373 1166 413 1214 si
434 1165 658 1214 assistere
676 1164 945 1221 voluerunt,
964 1176 1062 1208 non
1084 1160 1411 1224 genuflectere
1433 1159 1723 1207 debuerunt.
1742 1157 1834 1212 Alii
1856 1157 2008 1207 cardi-

223 1253 358 1300 nales
381 1252 620 1299 steterunt
641 1247 769 1312 apud
787 1260 982 1294 scamna
1007 1243 1120 1291 hinc
1140 1243 1250 1291 inde
1278 1242 1478 1290 inferius
1497 1247 1633 1291 extra
1651 1241 2005 1306 presbyterium

224 1336 339 1400 ipsis
370 1336 610 1399 paratum,
631 1331 852 1380 videlicet
888 1346 897 1377 :
935 1345 974 1376 s.
1005 1327 1193 1391 Angeli,
1226 1326 1511 1390 episcopus3
1550 1343 1588 1374 s.
1621 1325 1899 1384 Clementis,
1927 1327 2006 1373 Ja-

222 1418 439 1478 nuensis,
475 1435 514 1467 S.
550 1415 795 1474 Praxedis,
830 1431 869 1462 s.
904 1411 1140 1478 Dionysii,
1162 1409 1532 1469 Alexandrinus,
1558 1409 1675 1458 etin
1696 1408 1792 1457 fine
1809 1408 2006 1457 alterius

223 1502 399 1551 banchi
419 1518 586 1552 versus
604 1501 809 1550 chorum
831 1482 1106 1562 episcopale
1125 1493 1471 1559 Agrigentinus
1494 1498 1539 1542 et
1564 1492 1844 1554 Perusinus,
1868 1508 2006 1556 pres-

222 1587 409 1652 byteri;
435 1590 482 1635 et
501 1587 550 1635 in
577 1585 732 1649 capite
761 1582 978 1647 ejusdem
1002 1579 1196 1638 banchi,
1220 1577 1522 1639 ValentinUS,
1549 1577 1803 1627 Cesarinus
1831 1581 1877 1626 et
1898 1577 2006 1626 Gri-

223 1687 412 1731 manuS,
440 1670 660 1730 diaconi3
692 1683 836 1732 supra
868 1681 1006 1729 qUOS,
1038 1665 1176 1714 finita
1204 1663 1530 1722 confessione,
1565 1677 1617 1711 se
1649 1662 1886 1722 locarunt,
1918 1677 2005 1709 suo

225 1755 411 1814 ordine,
445 1748 510 1802 dc'
542 1752 743 1801 Sabellis
776 1756 824 1799 et
855 1750 915 1798 de
949 1748 1183 1797 Columna
1208 1747 1429 1812 predicti.
1467 1741 1683 1807 Interim,
1719 1743 1833 1794 dum
1866 1745 2007 1794 fieret

228 1838 469 1888 confessio
509 1853 597 1901 per
634 1833 915 1900 pontificem
958 1838 1005 1882 et
1047 1832 1398 1892 celebrantem,
1433 1817 1653 1879 ordinavi
1684 1830 2006 1878 faldistorium

225 1939 337 1971 cum
363 1937 449 1970 suo
475 1920 685 1969 scabello
706 1934 794 1983 pro
818 1917 1065 1982 pontifice,
1091 1920 1199 1964 ante
1222 1916 1398 1964 ostium
1424 1915 1658 1974 sacristia,
1683 1913 1840 1978 posito
1869 1913 2007 1963 desu-

224 2022 312 2071 per
340 2007 464 2054 libro
495 2003 707 2061 missali3
738 2002 819 2050 ubi
849 2004 994 2065 Papa,
1020 2000 1173 2060 finita,
1198 1999 1462 2064 genuflexit
1489 1998 1591 2047 sine
1622 1990 1830 2062 cujusvis
1860 1996 2007 2045 assis-

150 2128 153 2129 ⁷
226 2089 390 2150 tentia,
427 2089 494 2137 ita
532 2087 662 2151 quod
691 2086 974 2150 genuflexus
1010 2084 1184 2132 faciem
1225 2099 1378 2132 cornu
1412 2082 1643 2146 evangelii
1677 2081 1839 2129 altaris
1875 2085 2006 2130 recte

224 2172 487 2236 respiceret
521 2188 530 2219 :
565 2170 735 2235 prelati
770 2171 1005 2218 steterunt
1038 2168 1140 2217 sine
1177 2167 1344 2216 ordine
1380 2171 1492 2231 post
1522 2166 1671 2215 finem
1702 2165 2005 2216 banchorum

223 2255 555 2306 cardinalium.

290 2339 447 2388 Finito
478 2339 743 2402 evangelio,
774 2337 1030 2387 cardinalis
1067 2352 1107 2384 s.
1142 2335 1314 2400 Angeli
1347 2335 1563 2399 porrexit
1598 2334 1774 2384 librum
1811 2333 2006 2384 missale

225 2426 351 2486 Pape
368 2422 703 2482 osculandum,
722 2422 942 2471 similiter
959 2424 1127 2485 etpost
1143 2419 1320 2483 Aynus
1334 2419 1443 2479 Dei,
1462 2434 1652 2483 pacem,
1672 2434 1815 2483 quam
1831 2419 2005 2470 deinde.

224 2508 385 2556 socius
405 2522 543 2556 meus
566 2506 902 2570 superpellicio
924 2504 1139 2564 indutus,
1159 2507 1388 2567 tanquam
1411 2503 1689 2567 capellanus
1710 2502 2005 2551 domesticus

224 2592 352 2653 Pape
376 2589 590 2654 porrexit
611 2589 769 2638 eidem
788 2588 1043 2646 cardinali3
1070 2591 1245 2650 etpost
1268 2594 1379 2635 eum
1401 2603 1440 2634 S.
1468 2586 1746 2645 ClementiS,
1767 2586 2005 2650 Agrigen-

221 2673 350 2722 tinus
381 2678 429 2722 et
459 2674 517 2722 de
546 2674 767 2733 Sabellis,
805 2672 1171 2736 archiepiscopo
1202 2669 1444 2735 Ragusino
1476 2669 1721 2719 assistenti
1756 2673 1805 2721 et·
1830 2670 2005 2735 guber-

222 2758 379 2807 natori
401 2757 559 2817 Urbis,
581 2773 678 2805 non
697 2757 818 2806 aliis.
1082 2767 1084 2769 ·

286 2842 440 2891 Finita
478 2842 641 2902 missa,
685 2845 815 2906 Papa
854 2845 985 2889 stans
1023 2840 1073 2888 in
1111 2839 1219 2887 loco
1258 2838 1494 2903 predicto,
1535 2832 1647 2888 ante
1685 2839 2003 2891 faldistorium

223 2942 381 2986 suum,
411 2927 602 2975 detecto
633 2927 808 2990 capite,
839 2924 956 2972 dixit
985 2940 994 2972 :
1027 2922 1101 2972 Sit
1126 2939 1313 2982 nomen,
1344 2931 1452 2982 etc„
1486 2923 1728 2972 submissa
1753 2927 1802 2972 et
1826 2923 2004 2973 intelli-

223 3009 354 3072 gibili
384 3014 543 3059 tamen
574 3025 710 3070 voce,
746 3010 849 3057 sine
881 3011 1042 3068 cantu,
1074 3011 1122 3056 et
1154 3006 1402 3056 benedixit
1434 3007 1613 3071 populo
1646 3022 1782 3056 more
1817 3006 1956 3055 solito
1992 3023 2002 3055 ε

223 3107 322 3140 non
343 3092 472 3140 dedit
493 3092 836 3157 indulgentias,
860 3107 1017 3154 neque
1037 3106 1128 3154 ego
1151 3106 1232 3139 eas
1247 3090 1380 3154 petii.
1399 3091 1715 3154 Interrogavit
1729 3094 1891 3139 autem
1906 3105 2003 3149 me,

222 3174 348 3222 infra
373 3175 589 3234 missam,
614 3175 653 3234 si
673 3175 842 3224 liceret
863 3174 952 3223 sibi
983 3173 1051 3221 sic
1082 3174 1185 3222 sine
1215 3177 1357 3222 cantu
1386 3174 1697 3233 benedicere,
1729 3173 1806 3221 cui
1834 3173 1999 3221 annui.

222 3258 552 3307 Subdiaconus
586 3274 697 3306 cum
730 3274 874 3308 cruce
907 3275 1005 3308 non
1040 3259 1169 3307 venit
1198 3258 1248 3306 in
1280 3262 1499 3320 tempore
1533 3261 1646 3306 ante
1680 3260 1878 3321 Papam,
1917 3256 2003 3305 sed

222 3341 459 3407 processit
484 3342 622 3390 ultra.
646 3343 844 3391 Interim
865 3359 988 3407 papa
1007 3342 1318 3390 nihilominus
1348 3340 1595 3390 benedixit
1618 3345 1665 3391 et
1685 3342 1812 3390 facta
1832 3340 2005 3389 adora-

227 3427 357 3477 tione
389 3426 438 3475 in
470 3425 694 3490 gradibus
727 3427 888 3475 altaris
922 3427 1026 3475 sine
1059 3425 1341 3484 faldistorio,
1377 3425 1595 3474 ascendit
1627 3441 1804 3488 equum
1837 3428 1885 3473 et
1916 3438 2003 3486 per
