2202 3926
183 371 268 414 [Mai
289 370 384 411 1493]
635 364 806 403 RERUM
843 361 1151 402 URBANARUM
1185 361 1536 400 COMMENTARII.
1939 370 1988 406 69

181 487 324 520 cruce
347 483 494 534 quam
515 465 720 532 portavit
745 468 802 514 D.
830 462 1158 514 Bernardinus
1179 462 1420 511 Gambara
1442 462 1766 513 subdiaconus
1789 471 1981 530 aposto-

179 556 298 606 licus
342 559 390 604 et
433 568 648 612 crucem,
683 552 1033 615 precesserunt
1074 550 1194 597 Gem
1237 547 1396 596 sultan
1420 547 1570 595 frater
1611 549 1774 613 magni
1820 552 1980 611 Turci,

180 639 309 704 apud
330 640 415 688 SS.
441 640 499 686 D.
525 638 580 685 N.
608 635 850 693 detentUS,
875 649 903 681 a
924 632 1122 692 dextriS,
1149 636 1197 681 et
1215 632 1464 681 Johannes
1486 631 1664 695 Borgia
1678 631 1774 679 dux
1791 634 1974 682 Gandie

178 721 484 779 Valentinus,
510 719 635 767 filius
665 720 750 767 SS.
788 721 845 766 D.
877 719 933 766 N.
966 732 1090 781 pape
1122 715 1172 763 in
1198 715 1367 764 habitu
1393 717 1662 763 Turcorum
1691 730 1719 762 a
1745 715 1976 777 sinistris;

182 811 362 871 Papam
379 803 572 869 sequuti
591 807 703 852 sunt
725 819 764 851 s.
790 801 1070 854 Clementis,
1090 817 1129 848 s,
1147 799 1400 849 Anastasio
1422 798 1601 847 Montis
1621 799 1831 863 Regalis,
1849 817 1985 866 pres-

182 891 371 957 byteri3
404 886 833 939 vicecancellarius
868 890 916 934 et
943 902 983 934 s.
1022 884 1236 934 Severini
1271 883 1462 932 diaconi
1482 885 1779 944 cardinales3
1812 890 1859 934 et
1881 885 1986 934 aliis

184 993 319 1025 more
361 974 502 1023 solito
540 970 884 1035 equitantibus,
928 968 1158 1031 equitavit
1195 983 1283 1032 per
1315 968 1663 1017 Transtiberim
1697 973 1745 1018 et
1781 973 1981 1033 pontem

185 1078 243 1109 s..
262 1059 413 1108 Marie
442 1057 581 1121 juxta
618 1053 848 1104 ecclesias
880 1069 919 1101 s.
950 1052 1164 1117 Georgii,
1200 1057 1481 1102 sanctorum
1508 1052 1743 1101 Johannis
1769 1057 1817 1102 et
1849 1052 1984 1102 Pauli

187 1146 247 1194 ad
267 1143 519 1192 basilicam
543 1139 698 1188 sancti
720 1137 955 1186 Johannis
983 1137 1345 1198 Lateranensis,
1380 1137 1462 1186 ubi
1492 1137 1743 1187 descendit
1771 1153 1831 1187 ex
1856 1153 1982 1202 equo

184 1231 230 1276 et
249 1226 364 1274 vidit
384 1210 566 1274 ibidem
589 1227 885 1273 structuram
908 1221 1020 1269 tecti
1053 1239 1062 1268 :
1088 1221 1342 1270 descendit
1363 1221 1509 1271 etiam
1534 1224 1718 1270 Turcus
1747 1237 1860 1270 cum
1882 1221 1982 1271 filio

181 1327 322 1377 pape,
357 1310 439 1375 qui
470 1309 614 1357 simul
650 1309 846 1359 fuerunt
885 1325 973 1374 per
1005 1308 1182 1357 dictam
1213 1292 1482 1366 basilicam,
1519 1306 1818 1370 sepulturam
1857 1323 1981 1371 pape

182 1396 373 1444 Martini
409 1398 452 1446 V
479 1399 527 1444 et
557 1394 649 1443 alia
682 1394 1037 1460 prospicientes
1072 1412 1081 1441 :
1116 1390 1330 1440 ascensis
1373 1390 1547 1440 deinde
1580 1391 1735 1455 equis,
1772 1393 1902 1456 Papa
1936 1396 1984 1440 et

184 1495 354 1529 omnes
379 1479 456 1527 alii
478 1478 682 1543 predicti
706 1479 983 1543 equitarunt
1007 1477 1068 1526 ad
1089 1480 1309 1525 sanctam
1331 1475 1534 1525 Mariam
1556 1476 1814 1540 maj0rem,
1842 1491 1984 1524 sanc-

183 1569 258 1613 tos
293 1564 558 1629 apostolOS,
599 1567 823 1612 sanctum
857 1562 1168 1620 Marcellum3
1202 1560 1278 1608 via
1311 1560 1486 1609 deinde
1524 1560 1707 1610 directa
1736 1575 1889 1624 usque
1924 1560 1985 1608 ad

183 1649 394 1713 plateam
426 1652 592 1697 sancte
619 1647 772 1697 marie
797 1647 856 1697 de
886 1646 1086 1712 Populo,
1113 1646 1172 1694 de
1201 1661 1298 1709 qua
1325 1644 1387 1693 acl
1409 1644 1656 1692 sinistram
1688 1644 1984 1692 diversantes

184 1749 271 1798 per
290 1734 415 1783 viam
431 1734 571 1798 juxta
597 1733 798 1792 flumen,
826 1731 1025 1781 domum
1046 1728 1306 1778 cardinalis
1338 1727 1634 1788 Parmensis,
1665 1744 1754 1792 per
1782 1731 1983 1792 pontem

188 1819 342 1868 sancti
362 1818 553 1882 Angeli,
579 1817 640 1866 ad
660 1816 892 1881 palatium
915 1815 1235 1881 apostolicum
1258 1817 1369 1862 sunt
1391 1813 1587 1863 reversi.

253 1903 387 1962 Heri,
420 1901 642 1950 videlicet
671 1901 871 1949 sabbato
895 1904 924 1948 4
944 1900 1077 1959 maii,
1108 1899 1148 1947 si
1174 1903 1307 1948 recte
1336 1897 1556 1957 memini,
1589 1901 1756 1946 Rmus.
1786 1899 1844 1944 D.
1876 1911 1983 1944 car-

190 1986 362 2034 dinalis
394 2001 433 2032 s.
466 1984 737 2044 Anastasie,
774 1984 910 2032 finita
940 1984 1188 2047 signatura
1215 1982 1618 2031 commissionum
1648 1981 1878 2044 deinceps
1911 1980 1983 2027 fa-

187 2070 376 2130 cienda,
402 2069 461 2118 de
483 2069 713 2118 mandato
737 2068 933 2133 speciali
949 2070 1032 2118 SS.
1052 2071 1110 2117 D.
1130 2069 1186 2116 N.
1206 2082 1329 2131 pape
1352 2069 1408 2114 R.
1434 2069 1492 2115 D.
1519 2065 1728 2114 Antonio
1752 2064 1980 2128 episcopo

184 2154 575 2203 Alexandrino...

246 2237 388 2287 Feria
424 2241 612 2302 quarta,
662 2239 718 2284 15
761 2235 895 2295 maii,
938 2235 1098 2299 vigilia
1137 2234 1454 2283 Ascensionis
1493 2238 1551 2283 D.
1592 2237 1648 2283 N.
1693 2236 1740 2282 S.
1785 2233 1977 2292 Christi,

183 2323 266 2371 SS.
291 2325 350 2370 D.
375 2325 543 2370 noster
562 2323 760 2385 paratus
791 2335 928 2368 more
966 2319 1107 2368 solito
1128 2318 1258 2367 venit
1279 2319 1338 2367 ad
1360 2319 1597 2384 capellam
1628 2319 1867 2383 majorem
1899 2317 1979 2366 ubi

182 2407 371 2470 peregit
393 2405 608 2455 officium
630 2419 767 2452 more
790 2405 951 2453 solito.

251 2488 339 2538 Die
362 2488 601 2553 sequenti,
636 2488 762 2537 festo
791 2487 1104 2536 Ascensionis
1134 2488 1372 2552 ejusdem,
1405 2487 1536 2536 venit
1559 2486 1798 2536 Sanctitas
1821 2502 1906 2535 sua
1931 2486 1980 2535 in

187 2574 304 2623 sede
341 2574 402 2622 ad
436 2573 686 2622 basilicam
723 2589 762 2621 s,
803 2572 932 2621 Petri
967 2572 1054 2620 sub
1091 2572 1448 2633 mitra3v01uit
1484 2572 1852 2621 autem'venire
1894 2572 1980 2620 sub

147 2648 149 2651 ”
188 2657 484 2722 regno,‘sed
523 2657 682 2706 socius
719 2673 859 2706 meus
894 2656 1010 2705 dixit
1035 2656 1210 2713 idnon
1246 2657 1524 2716 convenire,
1558 2656 1645 2704 sed
1671 2656 1829 2704 minus
1865 2673 1981 2720 pru-

187 2742 376 2790 denter.
411 2743 468 2789 Et
502 2741 617 2804 quia
645 2741 738 2790 hac
767 2741 844 2790 die
882 2740 932 2788 in
963 2756 1058 2803 qua
1090 2742 1220 2804 Papa
1251 2744 1325 2790 est
1356 2740 1555 2788 daturus
1584 2738 1977 2788 benedictionem

185 2826 454 2874 solemnem
475 2824 536 2872 ad
558 2825 825 2885 basilicam,
850 2824 1074 2873 videlicet
1093 2824 1258 2873 locum
1279 2840 1386 2872 sum
1404 2839 1554 2888 regno
1570 2823 1731 2871 venire
1748 2823 1972 2883 debebat,

187 2911 350 2974 sicque
384 2912 516 2974 Papa
545 2909 677 2958 dedit
709 2909 799 2957 sibi
835 2908 983 2958 fidem
1015 2914 1063 2959 et
1087 2909 1217 2958 venit
1238 2924 1349 2957 cum
1385 2909 1544 2957 mitra.
1578 2907 1799 2957 InterFuit
1830 2907 1976 2956 misse

182 2994 390 3043 solemni
413 3010 558 3058 quam
580 2993 838 3043 celebravit
858 2997 1024 3042 Rmus.
1051 2997 1108 3043 D.
1135 2993 1392 3042 cardinalis
1416 3010 1455 3041 s.
1482 2992 1761 3053 Clementis,
1788 3006 1975 3040 sermo-

186 3093 299 3126 nem
319 3077 433 3127 fecit
460 3081 518 3127 D.
549 3081 738 3138 PetrUS,
765 3079 967 3127 servitor
988 3082 1044 3127 R.
1071 3082 1128 3127 D.
1159 3078 1375 3143 episcopi
1397 3060 1714 3127 Arelatensis.
1745 3079 1796 3124 ln
1819 3076 1978 3125 eleva-

188 3160 317 3209 tione
341 3162 632 3211 sanctissimi
655 3163 946 3213 sacramenti
968 3163 1026 3211 de
1055 3163 1284 3212 mandato
1315 3164 1398 3211 SS.
1432 3165 1490 3210 D.
1522 3164 1578 3211 N.
1608 3177 1749 3226 pape,
1782 3164 1977 3209 ostensa

183 3243 375 3291 fuerunt
407 3244 587 3294 ferrum
618 3246 758 3295 lance
793 3246 969 3296 Christi
1002 3247 1093 3307 bis,
1132 3246 1306 3295 deinde
1339 3245 1565 3295 veronica
1598 3249 1674 3293 ter
1704 3243 1884 3309 populo
1919 3245 1970 3290 ut

186 3326 453 3390 expeditius
475 3328 535 3376 ad
550 3330 713 3379 locum
733 3331 1088 3381 benedictionis
1115 3331 1224 3379 iret.

249 3411 405 3459 Finita
437 3411 774 3464 benedictione
808 3419 918 3480 post
947 3416 1165 3475 missam,
1202 3418 1331 3477 Papa
1365 3413 1454 3460 sub
1491 3428 1640 3476 regno
1674 3428 1763 3476 per
1799 3424 1969 3458 navem

185 3496 410 3546 veronice
444 3495 524 3544 ubi
561 3495 742 3545 ferrum
765 3501 813 3545 et
841 3498 1084 3548 Veronica
1117 3502 1169 3546 ut
1207 3498 1340 3560 prius
1373 3496 1566 3544 fuerunt
1607 3499 1818 3551 ostensa,
1863 3491 1965 3537 sine
