2216 3886
148 307 362 350 [Aont1498]
593 304 762 341 RERUM
795 302 1096 340 URBANARUM
1129 302 1480 340 COMMENTARII.
1862 301 1933 337 493

151 409 308 458 redire
341 408 403 457 ad
434 408 653 457 seculum
687 412 735 456 et
767 405 1128 454 matrimonium
1158 405 1464 462 contrahere,
1495 418 1550 452 ac
1586 406 1791 452 RRmos.
1827 407 1928 452 DD.

150 491 419 541 cardinales
441 491 625 556 rogavit
651 495 885 554 quatenus
911 488 1192 553 hujusmodi
1217 487 1568 552 dispensationi
1589 487 1864 536 consentire
1885 491 1933 535 et

148 592 235 641 pro
260 576 386 624 illius
407 576 628 633 obtentu,
652 590 750 623 una
769 588 881 622 cum
902 577 950 621 et
970 588 1057 637 pro
1082 589 1159 632 eo,
1184 572 1344 622 eidem
1367 574 1450 621 SS.
1478 574 1536 620 D.
1563 576 1730 620 nostro
1752 571 1934 635 suppli—

152 676 262 708 care
282 660 459 708 vellent
487 658 899 723 dispensationem
917 657 1122 705 liberam
1151 657 1210 706 de
1233 656 1456 705 omnibus
1479 655 1718 714 ecclesiis,
1739 670 1936 704 monas-

151 744 282 793 teriis
313 748 362 793 et
387 743 620 807 quibusve
650 741 898 791 beneficiis
932 740 1272 790 ecclesiasticis
1298 756 1389 804 que
1419 739 1522 805 ipse
1554 742 1611 787 D.
1644 739 1932 789 Valentinus

153 827 418 886 obtinebat,
462 826 622 875 eidem
663 827 746 874 88.
791 827 848 872 D.
892 829 1060 873 nostro
1100 825 1397 888 relinquens.
1443 823 1719 872 Cardinales
1765 839 1935 872 omnes

153 910 401 959 communi
423 913 471 958 et
492 908 723 971 concordi
744 912 853 956 voto
881 907 1292 972 dispensationem
1313 907 1596 973 hujusmodi
1624 908 1856 957 voluntati
1890 913 1938 957 et

153 994 350 1042 arbitrio
370 995 452 1042 SS.
476 995 533 1041 D.
559 991 708 1040 nostri
732 1006 855 1055 pape
876 991 1187 1040 remiserunt.

219 1076 400 1126 Eadem
428 1076 525 1135 die,
544 1075 675 1124 venit
696 1074 756 1122 ad
784 1075 962 1123 Urbem
983 1089 1071 1139 per
1088 1079 1279 1139 portam
1300 1078 1618 1125 portuensem
1646 1075 1936 1140 magnificus

154 1164 211 1209 D.
237 1159 504 1208 Ludovicus
526 1158 585 1207 de
613 1158 880 1216 Vsslanova,
904 1158 1020 1206 baro
1052 1157 1111 1206 de
1139 1159 1288 1206 Trans
1311 1162 1348 1223 (l
1365 1164 1398 1224 ),
1420 1159 1756 1208 camberlanus
1782 1165 1830 1209 et
1851 1177 1940 1210 no-

153 1242 282 1291 mine
324 1244 619 1290 Francorum
664 1241 796 1305 regis
844 1244 1038 1289 Rmum.
1084 1244 1139 1290 D.
1184 1241 1482 1292 cardinalem
1521 1243 1834 1293 Valentinum
1879 1244 1940 1292 ad

137 1342 361 1391 *regnum
395 1325 598 1374 Francie
629 1317 987 1384 conducturus;
1012 1325 1093 1389 qui
1119 1329 1342 1389 receptus
1370 1326 1458 1374 fuit
1484 1318 1537 1375 et*
1559 1327 1827 1376 associatus
1854 1342 1942 1391 per

157 1410 419 1458 familiares
449 1412 507 1457 D.
542 1411 599 1457 N.
623 1424 747 1472 pape
779 1411 826 1456 et
855 1409 1513 1470 RRmorum.'cardinaJium,
1537 1426 1673 1460 more
1707 1416 1941 1460 consueto

157 1498 404 1543 oratorum
428 1493 488 1541 ad
511 1492 823 1557 prestandam
854 1493 1181 1542 obedientiam
1209 1496 1293 1542 SS.
1317 1497 1373 1543 D.
1398 1497 1454 1543 N.
1477 1510 1600 1559 pape
1626 1494 1937 1543 venientium.

168 1588 171 1590 ·
221 1577 490 1636 Dominica‚
523 1580 580 1625 19
615 1576 727 1625 dicti
758 1577 940 1626 mensis
970 1578 1179 1642 augusti,
1203 1578 1584 1627 anniversarium
1615 1578 1942 1626 coronationis

158 1663 242 1710 SS.
279 1664 338 1710 D.
375 1663 433 1710 N.
464 1675 588 1725 pape
621 1660 882 1709 Alexandri
910 1664 993 1718 Vl,
1027 1665 1195 1710 Rmus.
1227 1665 1285 1711 D.
1317 1662 1573 1710 cardinalis
1600 1662 1942 1727 Agrigentinus

155 1744 412 1794 celebravit
440 1744 639 1793 missam
669 1745 938 1794 solemnem
968 1746 1028 1794 de
1059 1746 1235 1810 Spiritu
1269 1752 1435 1795 sancto
1461 1746 1510 1793 in
1543 1746 1728 1810 capella
1755 1747 1941 1811 majore

155 1829 561 1891 consueta,‘Papa
592 1834 837 1892 presente,
864 1829 946 1892 qui
979 1829 1165 1893 recepit
1196 1829 1246 1877 in
1280 1830 1586 1881 assistentem
1614 1829 1855 1893 prelatum
1883 1832 1939 1876 R.

156 1911 205 1958 in
228 1910 418 1960 Christo
441 1914 494 1959 P.
521 1913 578 1959 D.
603 1912 915 1960 Franciscum
945 1912 1167 1960 Brevium
1196 1913 1405 1962 electum
1428 1915 1769 1971 Genetensem,
1791 1928 1940 1960 unum

158 2011 216 2043 ex
251 1994 375 2043 sacri
406 1994 569 2059 palatii
603 2011 862 2045 causarum
892 1996 1189 2045 auditoribus
1222 1997 1635 2046 locumtenentem
1667 2000 1715 2044 et
1742 2011 1855 2044 eum
1884 1996 1944 2043 ab

161 2079 266 2126 aliis
302 2078 640 2128 assistentibus
679 2080 828 2144 recipi
864 2085 911 2128 et
942 2081 1129 2129 admitti
1158 2097 1215 2129 ac
1248 2082 1375 2130 inter
1405 2095 1488 2130 eos
1526 2080 1614 2128 sibi
1647 2079 1810 2128 locum
1842 2079 1944 2128 dari

160 2161 304 2210 voluit
341 2166 389 2210 et
425 2163 684 2223 mandavit,
720 2169 863 2228 prout
897 2164 1078 2213 factum
1111 2169 1184 2214 est
1216 2183 1225 2212 ε
1260 2165 1352 2214 alia
1386 2165 1638 2214 observata
1667 2167 1779 2212 sunt
1807 2179 1944 2213 more

162 2246 320 2295 solito.

228 2330 312 2378 His
343 2329 672 2380 diebusvenit
699 2332 759 2380 ad
788 2332 966 2381 Urbem
995 2333 1346 2383 illustrissimus
1368 2337 1424 2382 D.
1449 2334 1724 2398 Alphonsus
1746 2334 1805 2383 de
1824 2337 1946 2382 Ara—

161 2414 321 2478 gonia,
346 2414 443 2462 dux
467 2414 773 2474 Biseliarum,
796 2417 1027 2481 principis
1058 2418 1346 2468 Salernitani
1374 2419 1502 2467 filius
1528 2419 1761 2468 naturalis
1788 2418 1944 2466 divine

161 2497 398 2546 memorie
424 2497 679 2561 Alphonsi,
712 2499 910 2548 secundi
938 2500 998 2548 de
1028 2503 1271 2566 Aragonia
1301 2503 1429 2567 regis
1460 2502 1778 2567 Neapolitani,
1806 2501 1947 2550 etatis

161 2597 266 2628 xvu
287 2595 526 2629 annorum
546 2581 625 2629 vel
647 2582 793 2641 circa,
818 2583 1006 2631 futurus
1028 2585 1228 2634 maritus
1250 2587 1472 2635 Lucretie
1495 2586 1686 2650 Borgie,
1707 2586 1804 2634 filie
1829 2585 1946 2633 cha-

164 2664 352 2713 rissime
374 2666 458 2713 SS.
485 2667 543 2712 D.
569 2666 740 2725 nostri,
766 2667 928 2715 uxoris
949 2667 1259 2716 illustrissimi
1282 2670 1397 2718 olim
1419 2672 1525 2718 Don
1555 2669 1789 2718 Iohannis
1813 2669 1945 2717 Sfor-

164 2748 246 2807 tie,
280 2748 463 2797 Pisauri
498 2747 699 2809 domini,
735 2749 816 2813 qui
846 2765 944 2799 non
977 2751 1064 2799 fuit
1097 2757 1319 2817 receptus
1350 2752 1425 2801 vel
1454 2753 1722 2813 associatus
1754 2737 1946 2816 publica

163 2848 358 2896 pompa,
384 2831 470 2880 sed
492 2835 656 2880 tamen
683 2849 711 2881 a
741 2833 1026 2897 quibusdam
1046 2835 1412 2899 particularibus
1434 2851 1521 2900 per
1540 2836 1622 2883 SS.
1648 2836 1706 2882 D.
1729 2835 1947 2881 nostrum

165 2915 254 2962 sibi
299 2915 488 2964 obviam
529 2915 690 2963 missis
734 2934 743 2964 ε
791 2918 1018 2981 equitavit
1057 2919 1118 2967 ad
1158 2919 1388 2984 palatium
1426 2917 1551 2967 Rmi.
1589 2920 1647 2966 D.
1687 2916 1946 2966 cardinalis

167 3015 206 3045 s.
231 2998 378 3047 Marie
397 2998 446 3046 in
469 2999 660 3048 Porticu
682 3001 810 3063 quod
830 3001 1052 3065 predicta
1071 3002 1267 3052 domina
1281 3003 1505 3052 Lucretia
1527 3002 1840 3061 inhabitabat,
1866 2987 1947 3049 ubi

217 3132 248 3170 1.
277 3131 388 3169 Louis
426 3133 470 3169 de
507 3133 733 3181 villeneuve,
772 3136 886 3174 baron
925 3139 968 3174 de
1008 3139 1137 3185 Trans,
1177 3139 1305 3188 naquit
1348 3151 1430 3177 vers
1477 3141 1580 3176 145¹.
1623 3136 1860 3175 Chambellan
1905 3138 1950 3174 de

166 3191 316 3228 charles
336 3187 434 3236 VIII,
457 3190 483 3226 il
503 3196 565 3228 eut
584 3192 616 3235 le
636 3197 950 3234 commandement
976 3198 1084 3234 d'une
1103 3198 1218 3246 partie
1245 3199 1289 3235 de
1310 3199 1343 3235 la
1363 3199 1464 3235 flotte
1485 3198 1649 3235 destinee
1669 3199 1690 3232 a
1711 3196 1745 3232 la
1769 3199 1950 3244 conquete

164 3252 209 3288 de
229 3251 377 3299 Naples.
400 3250 428 3286 Il
448 3262 488 3286 se
509 3251 700 3301 distingue.
718 3257 739 3291 a
759 3256 939 3304 Agnadel,
960 3259 982 3292 a
1002 3257 1167 3294 Fornoue
1188 3262 1223 3295 et.
1241 3261 1262 3294 a
1284 3258 1480 3294 CerisoleS.
1505 3258 1603 3293 Pour
1622 3256 1653 3292 le
1679 3258 1947 3304 recompenser,

163 3312 274 3349 Louis
296 3311 362 3347 XII
382 3310 507 3358 erigea
525 3310 559 3347 la
578 3311 753 3350 baronnie
773 3316 817 3352 de
838 3316 954 3352 Trans
981 3328 1024 3352 en
1053 3317 1266 3366 marquisat,
1288 3329 1333 3354 en
1356 3318 1460 3353 1505.
1483 3316 1533 3352 Le
1554 3314 1710 3364 premier
1730 3326 1776 3351 en
1796 3314 1948 3360 France,

167 3372 191 3408 il
211 3375 314 3419 porta
333 3382 373 3407 ce
393 3369 489 3433 titre,
513 3370 575 3417 qui
595 3370 644 3407 lui
664 3372 718 3410 fut
736 3378 883 3424 octroye
904 3387 969 3423 par
987 3375 1296 3425 lettres-patentes
1317 3377 1366 3412 du
1387 3375 1479 3412 mois
1500 3376 1545 3412 de
1567 3374 1695 3412 sevrier
1715 3375 1760 3411 de
1781 3373 1816 3410 la
1835 3377 1952 3410 meme

169 3433 298 3475 annee,
322 3431 568 3477 enreglstrees
590 3441 636 3466 au
657 3432 876 3471 Parlement.
900 3434 928 3470 Il
948 3439 1094 3472 mourut
1113 3439 1135 3472 a
1155 3436 1274 3484 Digne
1296 3448 1341 3472 en
1364 3436 1469 3475 1516.
