2202 3926
292 336 340 371 82
900 329 1134 366 JOHANNIS
1168 327 1466 373 BURCHARDI,
1865 327 1959 367 [suin
1988 328 2085 367 1493]

297 435 459 484 omnia
478 433 684 498 qualiter
703 432 878 481 fuerint
899 431 1124 496 expedita
1135 430 1401 479 videamus.
1423 431 1481 475 Et
1497 426 1672 491 primO,
1697 425 1757 473 de
1777 440 1898 488 pace
1919 444 2077 491 pauca

295 519 370 567 vel
390 518 521 567 nulla
542 534 652 582 spes
673 520 763 577 est,
785 520 836 565 ut
855 515 992 580 signa
1012 515 1347 564 demonstrant
1365 528 1375 571 ;
1405 526 1515 558 nam
1536 524 1623 573 per
1642 523 1823 571 paucos
1847 509 1951 558 dies
1973 517 2087 586 post

299 606 356 651 D.
374 602 649 651 Alexander
674 601 733 649 de
759 600 977 657 Pisauro,
1010 613 1160 661 gener
1189 593 1483 645 sanctissimi
1515 595 1572 639 D.
1605 593 1662 639 N.
1694 608 1836 657 pape,
1869 610 1980 642 cum
2001 611 2087 644 sex

306 685 525 750 squadris
565 683 771 732 militum
809 685 1103 729 armatorum
1142 676 1627 734 demonstrationem,
1670 680 1719 725 et
1747 692 1846 725 non
1878 679 2086 727 multum

294 774 403 833 post
421 771 680 816 Fracassus
709 765 768 813 de
798 767 964 812 sancto
996 762 1226 811 Severino
1255 777 1365 809 cum
1393 760 1619 825 gentibus
1648 760 1765 822 suis,
1796 778 1887 811 nec
1909 779 2007 811 non
2038 766 2086 811 et

296 851 520 899 Nicolaus
548 865 713 898 comes
742 847 967 906 Pitiliani,
998 845 1238 894 Macrinus
1269 844 1506 904 Sabellus,
1536 845 1764 894 Nicolaus
1795 845 1855 894 de
1886 848 2086 895 Sermo-

295 939 410 984 neta
438 939 487 982 et
510 933 661 982 Julius
689 931 890 981 Ursinus
916 946 1027 979 cum
1054 929 1279 995 gentibus
1306 934 1605 978 armatorum
1636 945 1807 979 eorum
1835 946 1885 979 se
1911 931 2086 994 junxe-

297 1022 424 1078 runt,
456 1017 521 1066 ita
555 1020 606 1065 ut
634 1016 682 1064 in
721 1019 874 1064 totum
908 1029 1061 1078 usque
1095 1029 1224 1062 nunc
1255 1012 1348 1061 sint
1379 1012 1508 1061 circa
1527 1029 1590 1062 XL
1617 1013 1842 1078 squadre.
1876 1016 1933 1062 Et
1964 1013 2089 1062 ultra

296 1101 418 1149 alios
439 1100 560 1149 alius
579 1115 810 1148 numerus
828 1098 1196 1163 janizzerorum‚
1215 1096 1574 1145 balistariorum
1590 1101 1638 1145 et
1656 1113 1892 1162 equorum
1911 1097 2087 1146 levium

296 1183 380 1247 (sic
401 1183 658 1248 vulgariter
678 1180 1036 1247 nuncupantur)
1059 1185 1107 1230 et
1128 1181 1310 1230 circum
1338 1180 1468 1229 circa
1494 1181 1674 1230 Urbem
1702 1181 1881 1230 damna
1907 1180 2089 1231 faciunt

293 1266 500 1316 infinita.

359 1353 529 1400 Fertur
553 1351 701 1400 etiam
731 1350 859 1415 apud
889 1349 1070 1398 Ostiam
1105 1365 1217 1397 cum
1252 1348 1496 1398 cardinale
1528 1350 1680 1398 sancti
1713 1349 1841 1399 Petri
1869 1351 1931 1399 ad
1966 1350 2087 1401 vin-

298 1434 406 1483 cula
445 1451 553 1484 esse
586 1437 641 1483 D.
676 1434 984 1492 Federicum,
1022 1432 1177 1481 filium
1209 1432 1337 1497 regis
1365 1432 1676 1492 Ferdinandi‚
1714 1450 1825 1482 cum
1857 1434 2084 1484 undecim

295 1517 488 1581 galeris,
523 1521 582 1567 D.
618 1517 889 1583 Virginium
929 1517 1173 1577 Ursinum,
1219 1519 1276 1566 D.
1322 1519 1614 1582 Prosperum
1653 1521 1700 1566 et
1729 1518 1995 1567 Fabritium
2027 1520 2086 1567 de

295 1601 530 1650 Columna
550 1617 661 1650 cum
689 1601 927 1666 aliquibus
959 1601 1175 1650 armatis.
1215 1600 1340 1658 Quid
1373 1601 1500 1651 inter
1529 1616 1582 1649 se
1607 1599 1833 1662 tractent,
1872 1602 2085 1666 quotidie

297 1685 439 1734 simul
472 1684 833 1744 ratiocinantes>‚
873 1686 1115 1746 nescitur3
1146 1689 1345 1751 propter
1376 1685 1507 1751 quod
1539 1703 1638 1737 non
1666 1686 1770 1736 sine
1804 1685 1994 1735 ratione
2025 1686 2085 1735 de

294 1769 456 1818 futuro
480 1769 606 1818 bello
629 1769 841 1819 timetur.

360 1855 430 1902 De
450 1853 607 1917 prima
632 1859 788 1918 parte,
818 1854 1029 1903 marrani
1060 1857 1297 1903 steterunt
1327 1853 1375 1901 in
1409 1852 1621 1902 maxima
1645 1854 1912 1918 quantitate
1946 1859 2084 1903 extra

294 1937 489 1985 Portam
510 1937 715 2002 Appiam
738 1938 867 2002 apud
887 1941 1040 2003 Caput
1071 1939 1228 1998 Bovis,
1259 1938 1324 1986 ibi
1345 1937 1553 1987 tentoria
1573 1937 1851 1999 tendentes,
1874 1938 2085 1988 intrave-

294 2027 500 2086 runtque
522 2022 571 2070 in
605 2023 782 2072 Urbem
810 2027 1000 2072 secreto
1023 2023 1188 2083 modo,
1214 2038 1272 2072 eo
1295 2022 1426 2087 quod
1455 2022 1516 2070 ad
1545 2022 1815 2071 custodiam
1835 2027 2086 2087 portarum

294 2106 510 2170 deputati
533 2111 644 2154 sunt
666 2107 866 2171 Hispani
888 2107 1133 2171 armigeri,
1159 2111 1224 2167 et,
1249 2111 1300 2155 ut
1322 2106 1548 2166 creditur,
1575 2108 1722 2156 etiam
1745 2108 1803 2156 de
1826 2108 1940 2168 illis,
1962 2108 2085 2157 adeo

303 2194 355 2237 ut
384 2189 704 2238 incontinenti
734 2183 892 2252 pestis·
911 2189 1139 2238 invaserit
1166 2189 1364 2248 Urbem,
1394 2188 1671 2252 mortuique
1707 2189 1802 2238 sint
1829 2191 2084 2255 quamplu-

294 2270 403 2318 rimi
423 2287 482 2320 ex
502 2274 640 2335 peste
663 2274 711 2318 et
735 2269 1023 2334 contagione
1054 2270 1295 2319 dictorum
1322 2285 1678 2330 marranorum,
1710 2270 1769 2320 de
1789 2272 1962 2334 quibus
1984 2276 2087 2320 tota

295 2355 417 2403 Urbs
446 2355 647 2420 impleta
674 2359 763 2415 est,
799 2359 865 2417 et,
897 2361 948 2406 ut
976 2355 1122 2404 videri
1150 2359 1328 2420 potest,
1360 2371 1459 2403 non
1486 2354 1590 2403 sine
1621 2354 1868 2404 voluntate
1894 2359 1943 2404 et
1967 2371 2084 2420 per-

291 2440 443 2488 missu
471 2443 617 2505 Pape.

360 2525 447 2574 Die
492 2523 757 2589 penultima
794 2523 937 2589 junii,
967 2524 1213 2589 Virginius
1248 2523 1447 2573 Ursinus
1482 2524 1562 2587 qui
1599 2529 1703 2573 erat
1733 2524 1861 2589 apud
1887 2523 2072 2573 Ostiam

293 2621 404 2656 cum
439 2608 681 2656 cardinale
717 2611 764 2657 et
803 2607 1001 2672 reliquis
1032 2608 1258 2669 dominis,
1292 2608 1496 2657 recessit
1536 2612 1584 2658 et
1622 2608 1704 2657 ivit
1738 2608 2074 2668 Braccianum,

293 2707 555 2756 secumque
586 2691 719 2740 duxit
755 2690 956 2756 ligatum
991 2693 1249 2756 quemdam
1288 2691 1553 2740 Antonium
1590 2692 1729 2742 Conti
1759 2695 2073 2741 Januensem.

293 2774 382 2823 Hic
404 2778 460 2823 D.
485 2776 720 2825 Antonius
743 2779 847 2825 erat
867 2776 1014 2825 homo
1034 2792 1209 2842 magne
1228 2775 1524 2825 auctoritatis
1543 2776 1671 2840 apud
1687 2777 1870 2825 dictum
1891 2779 1948 2825 D.
1972 2792 2079 2825 car-

293 2857 523 2919 dinalem,
548 2859 670 2908 adeo
703 2859 834 2924 quod
860 2860 1059 2910 dederat
1087 2861 1130 2910 ei
1158 2860 1219 2909 ad
1245 2859 1634 2909 fructificandum
1655 2860 1914 2924 quamdam
1936 2860 2080 2909 abba-

292 2942 408 2991 tiam
438 2942 497 2991 de
529 2942 626 2990 suis
663 2947 711 2991 et
744 2959 937 3008 semper
968 2944 1018 2992 in
1048 2948 1212 2994 mente
1252 2942 1447 2992 tenebat
1481 2944 1693 3008 primum
1725 2943 1888 2992 locum
1924 2959 2075 3007 prope
2144 2988 2147 2990 ,

293 3026 603 3086 cardinalem,
629 3031 677 3075 et
697 3027 902 3075 multum
924 3028 1201 3076 confidebat
1221 3027 1280 3076 de
1296 3043 1372 3076 eo.
1391 3029 1429 3076 N
1437 3042 1529 3075 unc
1544 3031 1706 3076 autem
1728 3026 1903 3075 dicitur
1925 3026 2072 3090 quod,

292 3109 367 3158 die
405 3109 647 3159 dominica
682 3111 919 3174 sequenti,
957 3111 1016 3160 de
1055 3127 1215 3171 mane,
1252 3110 1366 3159 fecit
1397 3126 1510 3170 eum
1540 3109 1769 3174 suspendi
1803 3114 1852 3158 et
1883 3114 1992 3175 post
2026 3109 2076 3158 in

287 3221 387 3259 tonio
414 3221 688 3270 fflAlessamIro,
713 3234 780 3260 son
803 3223 1067 3261 ambassadeur
1093 3237 1138 3261 en
1164 3224 1349 3273 Espagne.
1374 3238 1394 3258 «
1479 3223 1521 3260 El
1540 3234 1636 3271 papa
1660 3223 1696 3259 fa
1722 3221 1773 3260 tal
1798 3221 1875 3259 vita
1902 3221 1970 3258 che
1991 3234 2010 3259 e
2031 3221 2079 3258 da

288 3281 372 3320 tutti
398 3282 607 3319 abominata
633 3295 741 3319 senza
766 3287 928 3331 respetto
955 3284 999 3320 de
1027 3284 1060 3320 la
1080 3284 1183 3321 sedia
1203 3285 1296 3321 dove
1324 3289 1380 3321 sta
1405 3296 1451 3320 ne
1472 3295 1558 3319 cura
1583 3282 1675 3319 altro
1706 3283 1773 3319 che
1805 3282 1851 3319 ad
1881 3280 2019 3318 dericto
2039 3284 2078 3317 et

288 3352 436 3379 reverso
455 3342 530 3378 fare
550 3343 688 3390 grande
716 3342 739 3378 li
761 3342 890 3391 figlioli
911 3348 947 3381 et
965 3348 1096 3392 questo
1117 3357 1136 3381 e
1158 3345 1235 3381 solo
1256 3344 1288 3381 el
1309 3357 1376 3382 suo
1404 3343 1586 3380 desiderio
1672 3343 1718 3380 Et.
1742 3342 1780 3379 in
1800 3345 1893 3379 tutte
1919 3353 2005 3377 cose
2030 3352 2076 3377 va

287 3414 355 3438 con
374 3402 497 3439 fraude
518 3405 554 3438 et
575 3402 819 3449 simulatione,
839 3416 940 3440 come
961 3416 980 3440 e
1007 3416 1075 3441 sua
1094 3409 1234 3450 natura,
1258 3408 1295 3441 et
1314 3417 1378 3453 per
1397 3405 1471 3441 sare
1497 3402 1622 3440 denari
1648 3403 1765 3440 vende
1791 3413 1898 3440 omne
1924 3399 2075 3437 minimo

287 3462 406 3500 officio
427 3465 463 3500 et
481 3462 704 3501 beneficio...
727 3478 746 3498 »
769 3463 979 3511 Trinchera,
996 3466 1123 3502 Codice
1145 3465 1368 3513 Araqonese,
1391 3469 1418 3502 t.
1441 3465 1487 3511 ΙΙ,
1510 3477 1547 3513 p.
1572 3476 1610 3511 11,
1631 3476 1668 3513 p.
1693 3464 1752 3501 41.
