2202 3926
135 332 371 373 [Avri11493]
589 329 758 366 RERUM
787 328 1091 371 URBANARUM
1126 329 1480 371 COMMENTARII.
1888 342 1930 377 61

207 437 550 494 Interfuerunt,
583 438 711 500 Papa
738 435 786 482 in
814 433 1001 498 capella
1028 437 1191 491 eunte,
1218 437 1275 481 D.
1310 434 1595 483 Laurentius
1629 436 1687 484 de
1716 439 1860 489 Bibra
1887 447 1935 491 et

135 522 382 571 lohannes
402 519 575 584 Coppis
593 522 811 567 oratores
829 515 1182 580 archiepiscopi
1201 516 1522 575 Coloniensis,
1549 520 1719 567 Petrus
1744 522 1928 576 Queich

140 621 305 654 comes
340 604 583 652 Palatinus
618 607 666 651 et
700 601 991 650 Philibertus
1028 599 1304 649 Naturellus
1327 600 1462 648 ducis
1492 601 1699 667 Philippi
1722 605 1932 653 serenis-

139 690 250 738 simi
271 692 602 737 Romanorum
623 686 750 750 regis
779 685 864 733 filii
886 689 1122 743 oratoreS,
1148 689 1329 733 etcum
1359 685 1516 734 dictus
1547 688 1604 733 D.
1638 687 1931 737 Philibertus

142 774 188 821 in
212 773 395 837 capella
419 772 629 836 primum
649 771 812 819 locum
841 785 983 834 supra
1005 774 1223 818 oratores
1251 768 1608 833 archiepiscopi
1630 772 1931 821 Coloniensis

140 855 420 919 recepisset,
452 854 566 902 licet
595 852 712 901 dicti
744 857 961 900 oratores
991 851 1112 899 mihi
1142 851 1345 899 nihilum
1378 852 1437 900 de
1473 852 1569 901 hoc
1597 853 1833 917 dicerent,
1872 872 1930 904 ex

138 956 216 988 me
239 938 397 987 eidem
419 940 476 985 D.
508 935 791 994 philiberto,
823 935 928 982 aliis
958 951 1054 981 non
1085 934 1467 997 intelligentibus
1495 937 1569 985 vel
1597 938 1926 998 audientibus,

140 1022 235 1070 dixi
268 1021 425 1085 ipsum
457 1035 604 1083 supra
634 1018 902 1066 electorum
936 1021 1155 1066 oratores
1185 1017 1348 1065 locum
1379 1035 1644 1083 numquam
1674 1021 1926 1082 habuisse;

139 1111 186 1153 et
222 1120 301 1153 me
346 1103 463 1152 alias
505 1102 802 1150 intellexisse
848 1101 1089 1165 prefatum
1136 1102 1515 1151 illustrissimum
1565 1105 1741 1154 ducem
1787 1123 1928 1155 suum

138 1188 361 1236 statuisse
402 1202 514 1235 cum
549 1186 842 1235 electoribus
875 1202 1186 1250 nequaquam
1224 1187 1521 1236 contendere
1552 1189 1692 1248 velle,
1730 1190 1817 1239 sed
1846 1207 1928 1239 ce-

137 1271 275 1330 dere,
307 1276 566 1335 propterea
593 1271 807 1334 cogitare
840 1269 983 1319 vellet
1009 1270 1126 1333 quid
1149 1275 1342 1334 ageret,
1372 1271 1471 1335 qui,
1501 1271 1596 1320 hoc
1624 1290 1652 1321 a
1677 1289 1756 1322 me
1783 1274 1927 1323 intel-

137 1356 282 1412 lecto,
319 1355 543 1403 adstatim
578 1354 815 1419 ‘cap-ellam
848 1353 906 1402 de
936 1354 1046 1402 loco
1073 1352 1293 1417 predicto
1323 1353 1484 1402 exivit.
1517 1354 1730 1404 Primam
1759 1357 1927 1406 lectio-

137 1456 249 1488 nem
283 1439 442 1488 sive...
481 1439 704 1487 dixerunt
736 1443 959 1502 quatuor,
996 1436 1221 1485 videlicet
1254 1439 1311 1484 D.
1350 1437 1566 1502 Raphael
1602 1438 1925 1488 cubicularius
1974 1457 1981 1461 Χ

136 1526 220 1572 SS.
247 1527 302 1573 D.
329 1526 385 1572 N.
413 1524 736 1572 subdiaconus
767 1522 953 1587 capelle
983 1526 1166 1580 nostre,
1201 1525 1249 1570 et
1276 1521 1473 1585 quidam
1501 1521 1640 1581 alius,
1665 1539 1722 1571 ac
1749 1524 1843 1573 duo
1866 1540 1925 1572 ex

137 1607 414 1656 cantoribus
446 1607 628 1672 capelle
661 1611 825 1656 nostre
857 1610 1039 1656 stantes
1071 1606 1120 1654 in
1150 1606 1452 1672 presbyterio
1483 1605 1534 1654 in
1562 1606 1672 1655 loco
1707 1607 1787 1656 ubi
1818 1625 1924 1657 cre-

136 1690 299 1743 dentia
321 1692 433 1756 poni
461 1692 584 1740 solet
607 1709 695 1756 pro
723 1691 1020 1750 celebrante,
1047 1691 1170 1739 libro
1194 1691 1290 1738 sive
1313 1690 1437 1738 foliis
1460 1691 1508 1738 in
1530 1691 1715 1756 pulpito
1742 1692 1923 1743 ibidem

136 1790 223 1838 per
243 1775 475 1824 clericum
501 1776 684 1840 capelle
707 1775 884 1840 posito,
914 1790 1051 1823 more
1079 1775 1334 1839 hispanico
1363 1779 1634 1824 cantantes.
1660 1776 1790 1839 Alias
1813 1782 1923 1826 octo

137 1857 361 1908 dixerunt
382 1864 605 1909 cantores
626 1861 674 1908 in
695 1859 804 1907 loco
827 1875 997 1907 eorum
1019 1863 1270 1907 consueto.

203 1947 236 1992 F
242 1944 343 1993 eria
367 1943 532 2006 quinta
554 1944 605 1990 in
629 1942 759 1990 Cena
779 1942 993 2005 Domini,
1019 1945 1046 1988 4
1070 1941 1250 1990 mensis
1276 1941 1458 2006 aprilis,
1484 1945 1650 1990 Rmus.
1677 1946 1735 1992 D.
1761 1944 1920 1993 cardi-

133 2028 255 2076 nalis
289 2026 627 2076 Ulixbonensis
657 2025 916 2074 celebravit
946 2024 1146 2072 missam
1181 2024 1468 2082 solemnem,
1511 2028 1640 2089 Papa
1678 2031 1834 2074 stante
1872 2027 1920 2073 in

133 2110 318 2175 capella
346 2109 518 2172 majori
550 2127 559 2156 :
592 2108 710 2156 dixit
741 2107 973 2156 Gloriam
995 2107 1203 2166 excelsiS,
1234 2107 1349 2154 Paae
1376 2107 1519 2166 vobis,
1556 2107 1725 2168 Credo,
1760 2114 1808 2158 et
1828 2109 1922 2157 alia

132 2210 265 2243 more
295 2193 455 2242 solito.
480 2195 626 2241 Facta
653 2191 1015 2251 communione,
1046 2190 1218 2255 prelati
1243 2196 1539 2255 acceperunt
1563 2197 1848 2256 paramenta
1871 2197 1920 2241 et

130 2277 417 2327 cardinales,
440 2277 589 2325 Missa
600 2276 735 2326 finita
749 2275 945 2337 deinde,
964 2275 1341 2341 precedentibus
1358 2274 1619 2324 duodecim
1638 2275 1913 2338 intorticiis,

135 2363 263 2426 Papa
301 2361 508 2426 portavit
547 2365 905 2418 sacramentum
934 2361 997 2410 ad
1028 2374 1224 2425 parvam
1256 2359 1494 2423 capellam
1525 2360 1695 2409 ordine
1729 2361 1871 2410 solito
1903 2378 1913 2409 ε

134 2447 191 2492 D.
244 2445 452 2493 Jacobus
501 2447 746 2494 Casanova
782 2445 1050 2510 precessit3
1090 2448 1199 2509 post
1236 2461 1347 2493 eum
1390 2461 1473 2494 sex
1513 2447 1748 2510 capellani
1789 2448 1918 2498 cele-

133 2527 328 2577 brantes
349 2528 607 2578 duodecim
637 2529 884 2577 intorticia
907 2528 1201 2588 deferenteS,
1232 2528 1486 2577 candelam
1511 2532 1642 2594 Papa
1667 2534 1913 2595 portante3

132 2611 348 2661 fimbrias
379 2616 508 2677 Pape
540 2614 745 2678 portavit
782 2628 947 2661 comes
976 2612 1201 2660 Pitiliani.
1239 2615 1493 2661 Incensato
1529 2619 1833 2664 sacramento
1868 2616 1917 2662 in

131 2711 274 2758 parva
307 2696 492 2760 capella
531 2700 579 2745 et
617 2696 927 2745 tabernaculo
966 2695 1150 2754 clauSO,
1193 2698 1324 2760 Papa
1361 2697 1585 2760 deposuit
1624 2698 1831 2761 pluviale
1869 2704 1918 2748 et

133 2779 305 2827 stolam
332 2779 492 2827 albam
516 2785 564 2828 et
584 2780 768 2844 accepit
792 2779 963 2828 stolam
990 2783 1037 2827 et
1061 2780 1318 2844 pluvialem
1349 2780 1541 2828 rubram
1568 2781 1915 2843 preciosiorem

133 2866 180 2911 et
201 2867 336 2911 extra
362 2863 597 2927 capellam
630 2879 852 2928 regnum,
881 2863 1045 2926 sicque
1071 2861 1499 2927 processionaliter
1523 2861 1651 2911 venit
1678 2863 1739 2912 ad
1766 2864 1915 2913 bene-

132 2945 393 2996 dictionem
413 2946 510 3007 ubi,
534 2947 754 3011 deposito
774 2963 944 3012 regno,
966 2947 1107 2995 mitra
1125 2950 1389 3011 assumpta,
1406 2946 1674 2996 cardinales
1696 2948 1916 3012 fecerunt

133 3030 175 3078 ei
197 3030 534 3089 reverentiam,
559 3034 672 3079 tunc
694 3030 915 3095 deposita
944 3030 1086 3079 mitra
1108 3035 1155 3080 et
1183 3037 1489 3096 reassumpto
1512 3049 1680 3098 regno,
1706 3034 1916 3082 ostendit

135 3128 184 3160 se
209 3114 405 3178 populo.

200 3197 384 3246 Deinde
411 3198 586 3247 sedens
614 3198 664 3245 in
697 3198 812 3248 sede
842 3198 1107 3266 pontificali
1138 3199 1205 3248 ita
1234 3200 1364 3263 quod
1397 3200 1600 3263 stanglie
1630 3205 1916 3265 parapectus

137 3280 444 3342 excederent,
464 3284 656 3348 incepta
679 3284 867 3333 lectura
891 3285 1039 3346 bulle,
1071 3285 1294 3350 deposuit
1316 3299 1520 3348 regnum
1549 3288 1596 3331 et
1621 3284 1809 3348 accepit
1830 3283 1917 3331 mi-

135 3367 257 3410 tram
285 3363 478 3427 planam
511 3383 655 3430 quam
688 3372 737 3417 et
770 3368 1024 3417 candidam
1065 3386 1203 3418 suam
1237 3369 1286 3416 in
1322 3383 1467 3415 manu
1500 3369 1653 3416 tenuit
1686 3383 1838 3431 usque
1857 3366 1915 3413 ad

138 3447 285 3496 finem
314 3447 516 3497 lecture.
549 3453 605 3497 D.
646 3451 970 3514 Bernardinus
1001 3453 1242 3502 Gambara
1274 3450 1597 3500 subdiaconus
1626 3447 1915 3513 apostolicus
