2202 3926
205 328 328 362 Juillet
349 329 443 368 1494]
639 325 810 363 RERUM
842 324 1144 362 URBANARUM
1178 324 1530 362 COMMENTARII.
1911 325 1979 362 183

191 431 429 495 episcopi3
451 429 627 479 Montis
645 427 855 492 Regalis,
873 425 1102 475 Senensis
1124 430 1170 474 et
1182 425 1402 484 Ursinus,
1418 423 1711 488 presbyteri3
1732 439 1769 470 s.
1786 425 1978 487 Georgii

192 519 238 564 et
265 514 566 572 Valentinus,
605 511 796 561 diaconi
831 509 1099 560 cardinales
1130 509 1179 558 in
1208 512 1366 557 castro
1387 511 1428 558 V
1434 506 1647 564 icovarii,
1669 506 1749 554 ubi
1780 507 1829 554 in
1858 508 1979 554 anti—

192 613 387 648 camera
411 598 493 646 SS.
528 599 585 645 D.
617 594 767 644 nostri
796 610 919 659 pape
942 610 993 642 se
1025 596 1440 656 congregaverant
1467 595 1514 639 et
1542 591 1818 654 equitarunt
1849 594 1981 639 extra

193 682 421 746 oppidum
443 661 722 744 'predictum
750 678 886 743 quasi
913 693 1000 742 per
1028 677 1241 725 medium
1269 675 1473 723 milliare
1500 674 1575 723 vel
1601 675 1747 732 circa,
1784 673 1979 737 prelatis

194 780 250 813 ac
271 780 440 813 eorum
462 763 653 811 familiis
672 778 726 811 ac
748 761 1008 810 curialibus
1027 761 1157 824 ipsos
1176 759 1553 815 associantibus;
1577 761 1622 806 et
1644 757 1773 806 circa
1794 757 1978 805 fontem

195 863 342 896 unum
368 848 429 895 ad
449 847 692 895 sinistram
712 846 893 893 ibidem
921 844 1193 902 ordinatim,
1226 843 1494 890 cardinales
1522 841 1653 905 ipsos
1677 856 1788 889 cum
1811 856 1978 889 eorum

193 931 419 980 comitiva
440 945 606 994 regem
634 933 890 992 expectare
914 926 1025 985 feci,
1051 942 1214 974 versus
1236 941 1381 988 quem
1409 941 1504 987 ego
1526 925 1740 988 processi
1763 930 1811 972 et
1832 939 1978 987 quem

193 1014 367 1078 reperi,
417 1013 641 1061 videlicet
680 1011 804 1059 ultra
842 1011 1003 1058 locum
1043 1008 1314 1073 predictum
1355 1008 1486 1056 circa
1534 1011 1754 1070 quartam
1792 1011 1979 1070 partem

192 1096 420 1153 milliarii,
445 1096 585 1158 cujus
612 1109 785 1141 manus
813 1107 922 1156 eg0,
948 1108 1006 1140 ex
1037 1107 1162 1154 equo
1185 1091 1504 1152 descendens,
1531 1095 1811 1140 reverenter
1837 1106 1979 1139 oscu-

190 1181 314 1229 latus
343 1179 409 1226 fui
438 1183 486 1227 et
513 1177 608 1225 dixi
643 1176 883 1240 Majestati
915 1191 999 1224 sue
1031 1175 1222 1223 felicem
1254 1192 1360 1224 esse
1393 1176 1670 1234 adventum,
1701 1190 1846 1239 quem
1875 1190 1980 1223 car-

192 1263 375 1311 dinales
410 1277 580 1326 parum
618 1265 728 1309 ante
764 1260 814 1307 in
847 1259 956 1308 loco
994 1259 1298 1307 convenienti
1336 1263 1727 1322 expectaverunt.
1767 1257 1977 1307 Ascendi

195 1362 373 1410 equum
408 1351 455 1394 et
487 1360 652 1409 regem
685 1344 843 1407 ipsum
881 1342 931 1390 in
962 1342 1070 1391 loco
1110 1347 1277 1391 nostro
1310 1341 1544 1406 precessi.
1582 1341 1779 1389 Interim
1812 1342 1979 1389 nescio

192 1430 298 1494 quis
332 1428 588 1477 cardinalis
620 1428 745 1475 ultro
775 1442 943 1475 versus
972 1442 1139 1490 regem
1170 1426 1284 1475 fecit
1315 1426 1549 1489 equitare,
1588 1440 1666 1472 me
1695 1424 1867 1483 inscio,
1899 1424 1978 1487 qui

198 1513 266 1562 sic
298 1513 402 1578 regi
437 1512 625 1560 obviam
657 1511 923 1570 venienteS,
963 1511 1121 1574 ipsum
1154 1526 1241 1574 per
1271 1510 1391 1558 duos
1413 1513 1594 1557 tractus
1623 1507 1811 1571 lapidis,
1838 1505 1981 1564 (ultra

189 1613 310 1662 quos
341 1612 425 1646 eos
455 1596 727 1644 locaveram
759 1599 808 1643 et
835 1594 1170 1643 ordinaveram
1191 1591 1486 1650 reverenter)
1509 1592 1558 1639 in
1587 1591 1722 1655 equis
1752 1606 1980 1654 suscepe-

192 1684 321 1739 runt,
358 1678 561 1728 detectis
594 1678 849 1742 capitibus,
886 1676 989 1740 regi
1017 1692 1214 1724 manum
1247 1676 1497 1724 dexteram
1535 1675 1895 1739 porrigentibus
1933 1681 1980 1722 et

194 1767 267 1811 ter
308 1762 357 1810 in
387 1777 472 1811 ore
503 1761 777 1810 osculantes
817 1776 936 1825 quos
968 1760 1110 1807 simili
1153 1759 1298 1808 modo
1338 1775 1440 1819 rex,
1485 1758 1676 1807 detecto
1717 1758 1891 1822 capite,
1923 1773 1979 1806 ex

192 1861 317 1909 equo
348 1845 548 1909 recepit,
578 1845 735 1908 primo
765 1843 1155 1907 Neapolitanum,
1185 1842 1360 1892 deinde
1383 1842 1761 1891 Ulixbonensem
1789 1845 1836 1890 et
1869 1857 1980 1888 suc-

193 1930 374 1979 cessive
397 1914 514 1977 alios
537 1943 706 1977 omnes
731 1944 741 1976 :
767 1943 862 1990 quo
885 1928 1029 1986 facto,
1053 1929 1396 1990 precesserunt
1415 1924 1757 1988 Neapolitanus
1780 1928 1828 1973 et
1849 1923 1979 1972 Ulix-

193 2012 439 2070 bonensis,
465 2012 684 2060 similiter
701 2011 875 2059 deinde
893 2010 1069 2059 Montis
1089 2009 1281 2072 Regalis
1299 2024 1327 2056 a
1344 2007 1523 2056 dextris
1541 2007 1728 2056 habens
1751 2006 1978 2055 Ursinum

192 2102 239 2146 et
261 2113 289 2145 a
310 2096 514 2144 sinistris
535 2095 846 2146 Valentinum
869 2109 988 2157 quos
1013 2092 1306 2156 sequebatur
1328 2107 1411 2139 rex
1432 2091 1621 2138 medius
1643 2090 1769 2139 inter
1791 2092 1980 2138 Senen-

191 2197 295 2231 sem
322 2197 351 2229 a
378 2180 559 2229 dextris
591 2184 639 2228 et
669 2195 707 2226 s.
742 2177 935 2241 Georgii
963 2176 1233 2225 cardinales
1264 2191 1291 2223 a
1325 2174 1529 2222 sinistris
1561 2191 1572 2222 ι
1606 2190 1772 2238 regem
1805 2189 1979 2237 seque-

189 2262 364 2311 bantur
396 2264 605 2325 quatuor
633 2259 704 2307 sui
735 2258 882 2323 pagii,
913 2257 1087 2305 deinde
1117 2258 1288 2322 prelati
1320 2263 1368 2306 et
1401 2262 1571 2322 gentes
1604 2258 1733 2322 regis
1763 2257 1812 2305 in
1844 2262 1979 2321 parte

188 2345 532 2410 precedebant,
567 2348 616 2393 et
642 2343 692 2392 in
712 2345 848 2407 parte
871 2341 1216 2405 sequebantur,
1237 2342 1375 2406 juxta
1402 2341 1622 2390 ordinem
1651 2356 1740 2405 per
1769 2355 1883 2389 suos
1910 2339 1980 2388 eis

189 2430 372 2479 datum.

251 2511 486 2563 Venimus
512 2510 608 2559 hoc
638 2509 808 2559 ordine
831 2525 985 2574 usque
1014 2509 1073 2558 ad
1094 2513 1307 2558 castrum
1333 2508 1527 2573 hospitii
1551 2511 1698 2573 Pape,
1732 2507 1782 2555 in
1810 2523 1904 2571 quo
1928 2507 1973 2555 in

189 2596 299 2644 aula
335 2611 420 2644 rex
460 2599 508 2644 et
543 2610 714 2643 omnes
754 2594 828 2642 sui
864 2593 1149 2642 dimiserunt
1182 2608 1351 2641 ensem
1393 2596 1441 2640 et
1476 2592 1569 2640 alia
1608 2607 1767 2651 arma;
1805 2592 1978 2640 deinde

190 2678 381 2727 intravit
412 2678 472 2726 ad
503 2677 805 2742 pontificem,
841 2692 1007 2727 coram
1038 2692 1133 2740 quo
1165 2677 1471 2742 genuflexuS,
1504 2676 1679 2740 pedem
1706 2681 1751 2724 et
1781 2691 1979 2723 manum

193 2765 339 2825 Pape,
383 2765 497 2810 tunc
537 2777 740 2826 surgens
780 2764 959 2825 Papam
999 2760 1047 2808 in
1084 2776 1211 2824 genu
1245 2760 1485 2809 osculatus
1526 2762 1616 2818 est,
1642 2758 1979 2807 cardinalibus

191 2847 369 2909 Papam
391 2844 835 2904 circumstantibus3
861 2845 942 2908 qui
964 2849 1078 2894 tunc
1100 2844 1306 2893 surrexit
1342 2849 1389 2892 et
1410 2843 1605 2892 sinistra
1629 2859 1715 2891 sua
1733 2858 1898 2906 regem
1920 2842 1980 2890 ad

189 2918 336 2977 unam
368 2944 428 2977 ex
458 2928 683 2976 fenestris
715 2928 841 2977 dicte
876 2944 1070 2978 camere
1100 2929 1283 2977 ducens
1314 2944 1402 2993 per
1432 2931 1652 2976 octavam
1683 2926 1825 2975 unius
1856 2926 1977 2973 hore

188 3012 262 3059 vel
282 3012 412 3060 circa
437 3012 617 3060 ibidem
648 3016 835 3060 secrete
858 3028 1024 3061 secum
1055 3012 1247 3061 locutus
1278 3017 1369 3071 est,
1405 3011 1727 3059 cardinalibus
1758 3009 1978 3072 aliquan-

189 3093 339 3142 tulum
371 3110 399 3142 a
432 3094 577 3158 longe
617 3094 1060 3143 circumstantibus.
1103 3098 1218 3144 Post
1257 3095 1631 3144 collocutionem
1670 3091 1971 3157 hujusmodi,

190 3176 330 3239 pauci
351 3192 410 3224 ex
431 3178 669 3225 nobilibus
699 3178 827 3242 regis
861 3179 1063 3226 osculati
1087 3182 1195 3227 sunt
1220 3179 1396 3243 pedem
1427 3181 1574 3242 Pape.
1607 3177 1793 3226 Deinde
1816 3175 1976 3224 cardi-

193 3258 327 3306 nales
357 3273 525 3307 omnes
556 3275 722 3323 regem
742 3277 894 3325 usque
915 3261 976 3309 ad
998 3262 1174 3310 ostium
1204 3261 1416 3310 secunde
1447 3275 1639 3309 camere
1667 3257 1977 3307 habitationis

197 3356 299 3399 sue,
328 3355 420 3404 que
440 3341 594 3389 ‚etiam
624 3348 728 3391 erat
756 3344 806 3391 in
834 3344 962 3393 dicto
996 3350 1175 3404 castro,
1207 3344 1422 3393 comitati
1451 3346 1578 3390 sunt.
1602 3341 1978 3390 Associaverunt

196 3439 361 3487 regem
395 3423 550 3487 ipsum
584 3424 796 3474 medium
825 3427 953 3475 inter
986 3428 1353 3491 Neapolitanum
1382 3430 1429 3474 et
1457 3425 1834 3473 Ulixbonensem
1863 3435 1975 3483 pre-
