2202 3926
142 360 252 401 [Mars
275 358 366 399 1494]
594 355 764 393 RERUM
797 353 1104 397 URBANARUM
1136 352 1487 390 COMMENTARII.
1870 356 1939 393 103

211 462 293 510 llle
311 460 488 509 nobilis
509 458 750 523 Hispanus
773 457 851 506 cui
869 457 980 506 dedi
997 457 1160 506 locum
1181 457 1230 505 in
1253 457 1483 522 gradibus
1512 457 1617 506 solii
1637 462 1746 522 post
1760 461 1936 523 pedum

140 545 395 604 lotionem,
420 544 553 593 dedit
575 559 750 607 aquam
773 545 920 607 Pape,
947 541 1189 590 cardinale
1217 542 1395 590 Montis
1427 540 1620 604 Regalis
1650 541 1731 605 qui
1752 541 1937 605 primus

140 632 538 697 presbyterorum
560 627 875 677 cardinalium
895 626 1076 674 ibidem
1098 626 1331 686 interfuit,
1356 626 1633 690 adjuvante.

207 716 391 765 Eodem
411 715 505 775 die,
527 714 576 762 in
594 728 723 771 ser0,
742 711 938 759 fuerunt
959 710 1086 759 dicte
1108 711 1343 759 matutine
1366 711 1677 759 tenebrarum
1692 709 1743 758 in
1760 710 1934 759 eadem

148 801 352 866 capella,
374 803 502 864 Papa
530 801 759 862 presente
782 795 832 843 in
861 810 1032 859 cappa,
1063 799 1113 842 ut
1140 794 1247 843 heri
1271 810 1379 842 sero
1400 812 1410 852 ;
1435 798 1483 842 et
1517 794 1682 842 omnia
1707 794 1801 842 alia
1829 799 1940 844 sunt

148 901 284 934 more
307 884 448 933 solito
471 883 740 931 observata.

212 970 355 1020 Feria
375 971 510 1017 sexta
537 964 756 1030 ejusdem
782 962 1108 1022 hebdomade,
1134 965 1195 1010 ‘28
1217 962 1332 1010 dicti
1355 961 1537 1009 mensis
1560 961 1739 1020 martii,
1766 963 1850 1010 SS.
1877 965 1934 1010 D.

152 1058 317 1103 noster
343 1053 393 1102 in
425 1066 580 1115 cappa
609 1049 667 1097 de
700 1048 925 1106 scarlato,
954 1051 1001 1094 et
1027 1046 1172 1094 mitra
1201 1045 1260 1093 de
1291 1045 1437 1109 perlis
1473 1044 1786 1108 simpliciore,
1810 1045 1939 1094 venit

148 1138 209 1187 ad
231 1136 470 1202 capellam
487 1133 774 1199 predictam.
800 1135 968 1180 Rmus,
995 1133 1052 1179 D.
1079 1130 1336 1181 cardinalis
1357 1146 1395 1177 s.
1420 1128 1683 1178 Clementis
1704 1129 1817 1177 fecit
1835 1129 1940 1178 offi-

150 1221 279 1269 cium
311 1237 320 1268 :
359 1220 408 1268 in
439 1218 658 1266 oratione
691 1233 778 1281 pro
812 1217 1092 1280 imperatore
1131 1223 1289 1262 nostro
1327 1214 1510 1262 dictum
1550 1213 1640 1261 fuit
1677 1229 1766 1277 pro
1799 1214 1939 1262 eleeto

150 1305 430 1368 imperatore
449 1309 606 1350 nostro
625 1301 981 1349 Maoeimiliano.
1008 1302 1128 1348 Nam
1150 1314 1262 1347 cum
1282 1298 1378 1345 hoc
1399 1312 1541 1345 mane
1565 1312 1656 1361 ego
1679 1312 1827 1361 super
1844 1297 1940 1345 hoc

150 1389 442 1445 dubitarem,
471 1386 766 1450 interrogavi
788 1389 1082 1434 RRmorum.
1109 1387 1211 1433 DD.
1236 1382 1571 1441 Alexandrini,
1597 1382 1944 1446 Carthaginen-

150 1474 216 1521 sis
242 1477 289 1520 et
314 1470 561 1529 Senensis,
588 1470 871 1529 sententias,
897 1470 977 1533 qui
1008 1470 1075 1518 ita
1102 1469 1327 1517 dixerunt
1356 1467 1618 1516 dicendum
1645 1482 1771 1527 esse,
1798 1470 1938 1515 Rmo.

151 1560 207 1605 D.
229 1555 556 1604 Alexandrino
576 1555 901 1619 subjungente
923 1554 1051 1618 quod
1073 1569 1171 1602 non
1193 1568 1280 1617 pro
1297 1568 1412 1616 rege
1434 1551 1519 1601 sed
1540 1567 1628 1614 pro
1649 1551 1942 1615 imperatore

152 1646 396 1704 tamquam
418 1639 624 1688 ecclesie
646 1639 877 1687 advocato
907 1639 966 1687 sit
988 1638 1244 1697 orandum,
1274 1642 1321 1686 et
1345 1636 1476 1701 quod
1494 1637 1541 1684 in
1566 1635 1772 1684 concilio
1792 1638 1945 1684 Cons-

150 1723 387 1773 tanciensi
410 1739 521 1771 cum
545 1723 805 1771 recolende
833 1722 1069 1771 memorie
1099 1721 1436 1785 Sigismu'ndus
1463 1735 1692 1768 romanus
1714 1734 1799 1767 rex
1819 1735 1944 1767 non-

150 1810 263 1857 dum
285 1812 544 1857 coronatus
574 1807 636 1855 ad
657 1810 853 1856 Petrum
875 1807 935 1855 de
958 1810 1109 1865 Luna,
1136 1805 1453 1854 Benedictum
1471 1820 1562 1852 xn1
1585 1807 1941 1867 nuncupatum,

153 1907 242 1956 pro
273 1891 590 1955 extirpatione
620 1891 1006 1939 scismaticorum
1034 1891 1326 1948 mitteretur,
1352 1889 1414 1937 ad
1443 1888 1724 1947 concilium,
1746 1886 1795 1934 in
1822 1887 1944 1936 leta-

152 1975 244 2023 niis
275 1974 449 2023 eodem
482 1974 626 2022 modo
661 1990 748 2038 pro
790 1974 965 2023 eodem
997 1974 1154 2022 electo
1183 1973 1477 2036 imperatore
1512 1972 1687 2030 oravit,
1721 1977 1865 2036 prout
1896 1971 1945 2019 in

154 2060 371 2108 sessione
392 2074 494 2106 xvu
522 2058 743 2122 ejusdem
777 2058 968 2106 concilii
1000 2057 1296 2105 continetur.
1322 2059 1449 2119 Papa
1477 2055 1650 2104 obtulit
1676 2071 1873 2104 crucem
1897 2060 1946 2105 et

152 2159 268 2190 xv111
293 2143 493 2191 ducatos
517 2142 754 2206 duplices,
780 2141 955 2189 deinde
983 2141 1064 2188 ivit
1091 2140 1152 2188 ad
1180 2156 1377 2204 parvam
1405 2139 1643 2203 capellam
1671 2156 1759 2204 pro
1788 2141 1946 2188 ‘sacra-

152 2231 318 2275 mento
344 2243 354 2274 :
379 2226 632 2275 celebrans
653 2226 735 2273 ivit
763 2225 894 2273 solus
924 2228 1030 2288 post
1062 2224 1334 2272 cardinales
1361 2227 1472 2271 ante
1499 2226 1679 2287 Papam
1708 2227 1756 2272 et
1781 2223 1946 2272 minis-

154 2311 292 2359 travit
329 2310 378 2357 in
416 2326 563 2374 parva
595 2308 781 2374 capella
815 2311 942 2372 Pape
982 2308 1185 2356 calicem
1221 2307 1530 2367 sacramenti,
1566 2311 1613 2356 et
1647 2307 1785 2355 illum
1817 2308 1945 2372 apud

153 2395 303 2442 altare
325 2395 478 2458 majus
502 2395 562 2445 ab
585 2411 642 2442 eo
669 2395 852 2459 recepit
872 2414 882 2453 3
907 2395 1001 2443 alia
1021 2394 1187 2443 omnia
1207 2393 1463 2442 observata
1487 2397 1600 2442 sunt
1618 2407 1754 2441 more
1778 2391 1939 2442 solito.

156 2480 444 2526 Sermonem
465 2478 578 2526 fecit
601 2482 658 2527 D.
684 2479 918 2527 Martinus
940 2479 1000 2527 de
1023 2477 1225 2537 Hismia,
1249 2478 1451 2526 scutifer
1465 2477 1590 2526 Rmi.
1610 2479 1668 2525 D.
1688 2476 1944 2525 cardinalis

156 2562 402 2612 Senensis.

222 2646 409 2695 Eodem
431 2646 508 2695 die
530 2647 581 2694 in
602 2662 730 2705 sero,
756 2648 838 2694 SS.
862 2649 919 2693 D.
941 2649 1107 2694 noster
1126 2646 1342 2695 interfuit
1362 2646 1610 2694 matutinis
1636 2646 1944 2694 tenebrarum

155 2730 205 2777 in
228 2745 382 2793 cappa
407 2729 467 2777 de
497 2729 741 2777 scarlato
729 2746 779 2776 in
800 2729 914 2777 sede
936 2734 1172 2793 portatus,
1197 2730 1315 2778 dixit
1341 2730 1390 2778 in
1412 2730 1508 2777 fine
1534 2729 1805 2777 orationem
1827 2728 1946 2776 Res-

149 2814 288 2877 piee;
309 2818 354 2860 et
374 2812 466 2859 alia
483 2812 736 2860 observata
763 2816 874 2860 sunt
895 2828 1031 2860 more
1054 2813 1213 2861 solito.

223 2895 433 2945 Sabbato
456 2901 643 2954 sancto,
669 2900 728 2945 29
750 2897 932 2945 mensis
954 2897 1130 2957 martii,
1157 2900 1322 2944 Rmus.
1351 2900 1408 2945 D.
1434 2860 1690 2945 cardinalis
1711 2899 1944 2945 Parmen-

159 2981 223 3029 sis
242 2980 354 3029 fecit
376 2980 626 3028 officium
615 2996 661 3027 1n
685 2979 871 3043 capella
894 2980 1188 3044 supradicta,
1216 2983 1344 3045 Papa
1363 2985 1609 3043 presente.
1637 2984 1691 3029 In
1717 2980 1945 3029 benedic-

163 3064 292 3112 tione
320 3065 450 3113 cerei
476 3064 719 3128 paschalis
747 3063 928 3111 dictum
959 3064 1047 3111 suit
1079 3065 1280 3128 Respice
1312 3065 1459 3113 etiam
1492 3065 1553 3113 ad
1580 3065 1945 3114 devotissimum

164 3146 371 3195 electum
402 3148 747 3212 imperatorem
775 3151 993 3196 nostrum
1026 3148 1424 3197 Maximilianum.
1463 3150 1603 3198 Dicta
1635 3150 1856 3213 epistola,
1884 3152 1940 3198 D.

164 3229 409 3277 Johannes
459 3232 674 3295 Baptista
712 3233 1008 3291 Buccardus,
1043 3232 1368 3281 subdiaconus
1407 3233 1719 3297 apostolicus,
1752 3237 1945 3297 paratus

164 3313 472 3360 annunciavit
496 3329 610 3376 sepe
639 3314 882 3374 Alleluia5
913 3319 961 3363 et
991 3315 1085 3363 alia
1101 3315 1265 3363 omnia
1292 3331 1428 3363 more
1460 3316 1602 3363 solito
1634 3320 1746 3363 sunt
1777 3315 1945 3363 obser-

164 3401 280 3443 vata.

230 3477 484 3527 Dominica
506 3478 691 3527 Pasche
720 3481 1086 3529 resurrectionis
1111 3484 1168 3529 D.
1194 3484 1251 3529 N.
1278 3483 1326 3528 S.
1353 3480 1546 3541 Christi,
1572 3485 1633 3529 30
1663 3480 1778 3529 dicti
1804 3494 1942 3527 men-
