2216 3886
172 335 281 374 [Mars
302 335 394 375 1498]
620 332 786 368 RERUM
820 331 1120 393 [IRBANARUM
1154 330 1504 368 COMMENTARH.
1883 331 1951 367 439

177 438 393 496 torticia3
419 436 737 484 interfuerunt
762 434 885 483 ultra
915 436 1085 484 fratres
1112 436 1170 483 de
1195 435 1395 499 Populo,
1420 436 1592 483 fratres
1616 451 1654 483 s.
1680 434 1949 495 Augustini.

174 520 360 569 Araceli
382 519 720 584 parochianus,
746 523 793 567 et
813 519 905 567 alia
922 535 1055 567 more
1079 519 1238 568 solito.

238 606 434 652 Festum
467 603 855 651 annunciationis
890 602 1029 651 beate
1063 603 1212 651 Marie
1246 602 1438 666 virginis
1475 601 1620 649 hodie
1654 600 1952 648 celebratum

173 692 244 736 est
266 687 312 735 in
337 688 565 746 Minerva,
590 686 692 734 sine
715 689 843 750 Papa
865 691 911 735 et
933 686 1272 744 cardinalibus,
1296 685 1410 734 licet
1430 688 1594 732 Rmus,
1618 686 1675 732 D.
1697 682 1952 731 cardinalis

173 770 514 834 Neapolitanus
560 770 927 834 diligentissime
967 770 1191 818 institerit
1238 770 1366 833 apud
1407 769 1491 816 SS.
1530 770 1587 816 D.
1624 770 1842 815 nostrum
1882 771 1949 824 ut,

172 854 350 902 omissa
382 853 582 917 capella,
608 853 843 916 equitaret
866 854 925 900 ad
954 853 1215 901 Minervam
1238 870 1247 900 :
1277 851 1514 900 Sanctitas
1543 866 1630 898 sua
1655 849 1952 913 respondens

174 938 220 985 id
242 937 346 985 fieri
369 952 463 985 non
484 937 652 995 licere,
678 936 975 984 ordinarium
997 935 1282 995 observavit,
1305 939 1353 983 et
1373 934 1572 997 optime.

235 1020 373 1067 Feria
391 1019 548 1078 tertia,
575 1023 632 1067 27
657 1019 770 1067 dicti
788 1018 968 1066 mensis
990 1017 1167 1078 martii,
1188 1021 1242 1066 R.
1268 1018 1315 1065 in
1338 1017 1527 1066 Christo
1551 1020 1601 1065 P.
1628 1021 1683 1065 D.
1707 1017 1952 1065 Johannes

173 1104 324 1153 Maria
344 1104 542 1163 electus,
565 1118 718 1166 cappa
742 1102 953 1150 violacea
974 1101 1032 1148 de
1054 1117 1214 1165 panno
1237 1102 1333 1148 sive
1356 1101 1516 1163 sargia
1536 1105 1750 1165 paratus,
1774 1100 1952 1147 mulam

175 1187 297 1234 Rmi.
327 1190 385 1235 D.
416 1186 670 1235 cardinalis
696 1185 1071 1234 vicecancellarii
1105 1188 1385 1247 coopertam
1418 1185 1514 1233 tela
1540 1185 1751 1233 violacea
1781 1190 1827 1232 et
1855 1184 1952 1232 suis

173 1270 433 1319 finimentis
471 1273 690 1318 ornatam
730 1269 968 1332 equitans,
1003 1268 1206 1316 visitavit
1239 1270 1323 1316 SS.
1359 1271 1417 1315 D.
1452 1273 1670 1317 nostrum
1706 1272 1752 1316 et
1790 1268 1953 1331 plures

171 1353 438 1402 cardinales
461 1369 470 1401 :
493 1353 760 1401 associatus
782 1352 872 1400 fuit
892 1351 951 1399 ab
973 1356 1164 1399 oratore
1186 1350 1493 1398 illustrissimi
1517 1351 1653 1399 ducis
1674 1350 1950 1408 Mediolani,

171 1437 325 1486 electo
350 1436 619 1495 Parmensi',
643 1436 723 1499 qui
751 1436 812 1484 ad
839 1436 942 1500 ejus
973 1436 1217 1484 sinistram
1245 1435 1489 1499 equitavit,
1522 1441 1569 1485 et
1594 1441 1703 1500 post
1730 1452 1814 1484 eos
1843 1439 1952 1483 octo

170 1521 341 1585 prelati
373 1520 432 1568 de
461 1520 641 1568 familia
670 1519 793 1568 Rmi.
826 1522 884 1568 D.
916 1519 1173 1568 cardinalis
1200 1519 1402 1583 predicti
1429 1535 1440 1568 :
1470 1521 1691 1583 sequenti
1722 1520 1816 1578 die,
1839 1519 1954 1567 visi-

172 1606 284 1653 tavit
302 1610 490 1654 ceteros
513 1605 780 1654 cardinales
801 1605 849 1653 in
871 1605 1101 1653 mantello
1124 1605 1404 1668 quotidiano
1423 1605 1526 1654 sine
1548 1621 1716 1670 cappa.

241 1691 358 1737 Cum
388 1704 543 1753 nuper
572 1692 738 1737 RmuS.
768 1692 825 1737 D.
851 1688 1108 1737 cardinalis
1135 1688 1409 1746 GrimanuS,
1434 1689 1495 1736 ad
1522 1689 1779 1737 ecclesiam
1813 1705 1954 1753 paro—

176 1773 383 1821 chialem
410 1772 773 1836 Aquilejensem
799 1777 1068 1836 promotus,
1094 1772 1393 1820 desideraret
1419 1771 1480 1819 ad
1507 1772 1726 1821 ordinem
1752 1774 1954 1837 presby-

175 1863 356 1906 teratus
376 1857 667 1921 promoveri,
692 1872 770 1905 me
792 1856 1101 1919 interrogavit
1123 1873 1266 1920 quem
1296 1857 1517 1905 ordinem
1548 1859 1676 1904 esset
1706 1855 1834 1903 circa
1859 1856 1953 1903 hoc

175 1941 512 1988 observaturus
534 1941 608 1988 vel
636 1940 748 2003 quid
774 1939 1078 1998 faciendum3
1113 1940 1339 2004 respondi
1369 1939 1499 2002 quod
1517 1939 1566 1986 in
1592 1938 1758 2001 primis
1781 1940 1866 1986 SS.
1892 1942 1949 1986 D.

174 2029 340 2072 noster
366 2023 565 2071 deberet
594 2039 705 2071 eum
736 2023 983 2071 absolvere
1011 2039 1212 2071 munere
1241 2039 1334 2086 quo
1363 2023 1568 2072 ecclesie
1600 2037 1685 2070 sue
1716 2021 1952 2069 diaconali

174 2107 412 2169 obligatus
443 2111 490 2155 et
518 2106 760 2165 astrictus,
785 2111 857 2155 est
880 2111 927 2155 et
950 2106 1065 2154 dare
1098 2107 1185 2154 sibi
1221 2107 1475 2155 ecclesiam
1504 2105 1885 2169 presbyteralem
1908 2110 1955 2151 et

170 2190 415 2238 licentiam
433 2189 640 2238 faciendi
663 2206 713 2237 se
737 2206 764 2238 a
784 2205 1091 2253 quocumque
1114 2189 1322 2238 antistite
1346 2194 1394 2238 et
1415 2188 1561 2236 etiam
1584 2191 1716 2235 extra
1735 2192 1953 2250 tempora

175 2274 235 2322 ad
263 2274 623 2339 presbyteratus
651 2274 870 2322 ordinem
896 2274 1196 2337 promoveri;
1229 2273 1375 2328 sicin
1403 2273 1538 2320 libris
1564 2270 1740 2319 nostris
1768 2270 1956 2318 ordina-

176 2361 277 2405 tum
300 2372 425 2405 esse.
451 2356 583 2404 Fecit
604 2372 749 2420 super
767 2357 861 2405 hoc
882 2357 1078 2405 verbum
1104 2358 1188 2404 SS.
1214 2359 1271 2404 D.
1301 2360 1467 2404 nostro
1489 2355 1570 2418 qui
1588 2355 1818 2402 duntaxat
1838 2369 1956 2401 con—

178 2440 322 2488 cessit
343 2440 385 2488 ei
402 2440 648 2488 licentiam
674 2439 880 2488 faciendi
902 2456 952 2487 se
978 2440 1249 2503 promoveri
1271 2439 1329 2487 ad
1353 2440 1573 2487 ordinem
1595 2437 1955 2501 presbyteratus

175 2538 476 2586 quacumque
499 2523 575 2571 die
597 2539 625 2570 a
648 2538 954 2585 quocumque
976 2523 1190 2571 antistite
1213 2527 1278 2581 et,
1305 2527 1356 2570 ut
1377 2522 1632 2585 prefertur,
1656 2524 1765 2582 post
1785 2520 1956 2582 hujus-

174 2606 305 2654 modi
333 2606 687 2654 ordinationem
712 2606 903 2653 titulum
935 2606 1023 2653 sibi
1055 2605 1251 2653 daturus
1281 2620 1290 2651 :
1315 2604 1410 2651 hoc
1438 2607 1606 2651 contra
1632 2602 1809 2650 bonam
1837 2617 1955 2649 con-

175 2688 497 2736 suetudinem.
524 2688 740 2735 Debebat
767 2687 896 2735 enim
923 2679 1055 2751 prius
1082 2687 1310 2736 habuisse
1340 2688 1529 2736 titulum
1559 2690 1818 2749 antequam
1842 2700 1956 2750 pro-

176 2777 467 2830 moveretur,
490 2787 601 2819 cum
621 2786 766 2819 nemo
788 2771 962 2819 debeat
983 2771 1194 2819 ordinari
1213 2772 1316 2819 sine
1336 2771 1491 2819 titulo.

241 2854 349 2902 Fuit
384 2854 547 2917 igitur,
583 2853 659 2901 die
700 2856 754 2900 21
793 2854 935 2917 hujus
975 2854 1174 2912 mensis,
1205 2870 1232 2901 a
1271 2857 1326 2902 R.
1365 2857 1422 2901 D.
1458 2853 1688 2915 GeorgiO,
1726 2852 1954 2916 episcopo

178 2937 583 3001 Milopotamensi,
615 2937 664 2984 in
696 2937 841 2985 domo
876 2937 974 2986 sive
1008 2938 1058 2984 in
1089 2937 1386 2989 habitatione
1419 2936 1568 3000 ipsius
1603 2935 1876 2994 cardinalis,
1908 2935 1955 2982 in

177 3020 510 3084 presbyterum
547 3020 825 3078 ordinatus;
861 3021 1035 3083 quibus
1071 3021 1361 3069 ceremoniis
1392 3019 1582 3078 nescio,
1617 3019 1762 3067 credo
1794 3023 1952 3066 tamen

180 3101 364 3149 eisdem
385 3103 558 3164 quibus
581 3119 656 3152 res
678 3104 781 3167 ipsa
806 3104 1000 3167 incepta
1020 3104 1183 3164 fuerit,
1204 3104 1298 3152 hoc
1324 3109 1396 3152 est
1420 3120 1447 3151 a
1463 3117 1675 3151 reverso.
1700 3102 1806 3148 Fuit
1826 3101 1952 3148 idem

179 3187 344 3231 Rmus.
370 3186 427 3231 D.
453 3184 709 3233 cardinalis
742 3187 788 3233 in
824 3187 1181 3250 presbyterum,
1215 3193 1262 3234 ut
1295 3186 1604 3249 premittitur,
1631 3183 1879 3230 ordinatus
1908 3186 1955 3229 et

179 3267 267 3316 suit
288 3267 337 3313 in
357 3267 555 3329 capella,
580 3267 822 3316 dominica
841 3268 1010 3316 Letare
1030 3270 1247 3332 proxime
1272 3268 1519 3332 preterita,
1541 3271 1588 3314 et
1610 3267 1741 3313 stetit
1763 3270 1810 3314 et
1832 3267 1954 3314 sedit

179 3351 307 3398 inter
326 3349 555 3396 diaconos
581 3350 848 3399 cardinales
876 3352 923 3398 in
952 3367 1010 3399 eo
1039 3352 1148 3400 loco
1175 3353 1225 3399 in
1249 3367 1344 3414 quo
1371 3350 1500 3414 prius
1523 3355 1649 3397 stare
1677 3350 1951 3406 consuevit3

180 3432 312 3496 quod
332 3431 419 3479 fuit
438 3431 941 3482 inconvenientissime
963 3433 1161 3482 factum.
