2202 3926
293 345 362 381 140
899 341 1133 379 JOHANNIS
1166 340 1457 379 BURCHARDI.
1865 343 1949 383 [Mai
1975 345 2071 384 1494]

294 461 403 494 cum
434 445 644 494 medulla
682 445 819 508 panis
858 449 905 491 et
943 444 1168 507 extergit;
1211 448 1313 490 tum
1348 445 1394 489 et
1425 442 1526 504 ipse
1554 432 1717 503 'surgit
1748 427 1763 488 :⁸
1786 448 2071 491 amoventur

293 530 436 578 ambo
459 528 726 576 faldistoria
744 531 790 575 et
812 526 942 574 aliud
963 525 1277 573 faldistorium
1299 538 1407 570 cum
1435 522 1644 570 scabello
1673 528 1719 571 et
1749 524 1935 573 duobus
1958 542 2071 575 cus-

295 613 409 660 sinis
428 612 620 676 ponitur
640 611 689 657 in
710 610 854 673 plano
880 624 1046 656 versus
1081 622 1229 654 cornu
1264 605 1496 668 evangelii
1526 607 1818 669 competenti
1847 608 2071 657 distantia

294 713 321 744 a
349 696 504 759 primo
537 693 688 756 gradu
718 691 897 750 altaris,
929 689 1151 737 videlicet
1188 689 1316 736 circa
1347 688 1532 752 palmos
1562 705 1625 736 xn
1656 689 1730 737 vel
1754 705 1837 750 xv,
1875 691 1955 739 ubi
1989 707 2072 740 rex

294 776 573 841 genuflectit
593 774 653 821 ad
675 789 823 821 cornu
846 772 1077 836 evangelii
1097 788 1279 820 versus.
1305 775 1511 835 Legatus
1545 776 1675 820 stans
1707 777 1818 820 ante
1846 774 2067 822 ultimum

294 859 491 924 gradum
519 857 698 915 altariS,
731 855 841 904 facit
872 855 1227 904 confessionem
1257 870 1365 902 cum
1390 855 1621 903 ministris
1654 855 1769 915 suis,
1802 855 1930 904 idem
1961 857 2073 905 facit

294 958 378 990 rex
407 957 518 990 cum
550 940 642 988 illis
679 939 865 987 duobus
896 938 1155 1002 capellanis
1193 937 1291 985 suis
1322 938 1587 1002 majoribus
1617 938 1743 1001 apud
1780 954 1889 987 eum
1921 954 2075 1002 genu-

297 1025 450 1074 ssexis.

360 1110 588 1155 Cantores
623 1105 788 1153 dicunt
821 1104 1071 1158 introitum
1106 1108 1153 1152 et
1184 1103 1355 1167 prelati
1378 1104 1524 1152 etiam
1552 1104 1650 1153 bini
1674 1108 1721 1153 et
1748 1104 1869 1164 bini,
1900 1104 1948 1152 in
1979 1105 2076 1157 suis

294 1191 413 1239 locis
436 1193 616 1238 stantes
640 1189 741 1237 sine
763 1188 935 1247 mitris,
957 1188 1313 1236 confessionem
1336 1187 1517 1235 dicunt.

362 1277 506 1322 Facta
538 1271 861 1330 confessione,
885 1271 1072 1334 legatus
1106 1270 1293 1319 accedit
1325 1263 1386 1319 ad
1416 1270 1585 1330 altare,
1612 1271 1858 1319 osculatur
1884 1271 2003 1319 illud
2028 1272 2077 1319 in

297 1356 457 1404 medio
492 1361 540 1404 et
573 1353 873 1418 evangelium
904 1369 962 1401 ex
997 1353 1120 1400 libro
1149 1353 1535 1417 evangeliorum;
1571 1354 1776 1418 imponit
1803 1354 2075 1414 incensum,

296 1440 513 1488 incensat
547 1439 712 1497 altare,
747 1437 923 1501 accipit
942 1437 1134 1484 mitram
1166 1436 1213 1483 in
1242 1452 1392 1484 cornu
1421 1437 1644 1500 epistole,
1675 1437 1756 1484 ubi
1780 1437 2076 1497 incensatur,

298 1528 344 1571 et
371 1523 473 1586 ipse
502 1521 753 1570 descendit
780 1520 840 1568 ad
862 1519 1209 1578 faldistorium3
1237 1519 1352 1583 legit
1379 1519 1641 1579 introitum,
1661 1519 1820 1583 Kyrie
1841 1520 2011 1568 eleison
2033 1525 2079 1569 et

298 1605 576 1669 proceditur
595 1605 641 1652 in
665 1604 813 1652 missa
834 1619 987 1667 usque
1010 1603 1070 1651 ad
1094 1618 1279 1664 versum
1301 1602 1443 1666 primi
1463 1602 1675 1650 Alleluia
1692 1603 1940 1652 inclusive.

365 1693 484 1748 Rex,
508 1688 632 1736 facta
653 1687 978 1746 confessione,
1003 1686 1168 1749 surgit,
1194 1690 1240 1734 et
1262 1686 1321 1733 ab
1346 1685 1449 1733 aliis
1475 1686 1740 1734 associatus
1768 1686 1955 1735 duobus
1979 1688 2077 1735 suis

299 1772 650 1831 assistentibuS,
674 1771 895 1819 videlicet
914 1769 1227 1833 Neapolitano
1251 1774 1298 1816 et
1317 1769 1648 1829 Antiochensi,
1674 1769 1819 1817 intrat
1838 1769 1886 1816 in
1909 1770 2078 1817 sacris-

300 1857 414 1905 tiam
449 1872 602 1914 suam,
635 1855 770 1903 sedet
802 1855 847 1902 in
884 1853 998 1901 sede
1034 1852 1130 1900 sive
1171 1852 1219 1899 in
1246 1851 1509 1899 faldistorio
1542 1852 1720 1900 ibidem
1749 1852 1839 1900 sibi
1870 1856 2037 1916 parato
2064 1871 2073 1902 :

300 1940 469 1987 sedent
493 1943 540 1987 et
573 1938 638 1986 illi
668 1939 762 1985 duo
793 1937 1071 1985 assistentes
1099 1935 1148 1982 in
1177 1935 1274 1983 suis
1306 1934 1526 1983 scabellis
1555 1935 1624 1983 eis
1654 1936 1766 1984 illuc
1796 1937 2073 2000 apportatis

300 2025 357 2070 D.
403 2020 726 2069 Bernardinus
772 2019 1092 2067 subdiaconus
1132 2018 1422 2082 apostolicus
1463 2019 1667 2082 extergit
1708 2019 1931 2067 bombice
1967 2019 2077 2067 bra-

300 2107 463 2154 chium
485 2105 612 2168 regis
641 2108 687 2153 et
714 2104 840 2152 inter
862 2103 1073 2167 spatulas
1099 2119 1107 2150 :
1130 2102 1379 2166 reponitur
1406 2102 1615 2167 bombyx
1641 2103 1691 2150 in
1721 2103 1861 2151 bacili
1897 2103 2076 2151 ibidem

300 2194 465 2253 parato
489 2192 534 2236 et
564 2188 623 2235 ad
656 2187 1036 2236 comburendum
1057 2189 1274 2250 portato;
1301 2190 1346 2232 et
1368 2190 1556 2249 aptatur
1585 2186 1799 2245 camisia,
1830 2186 2002 2250 diplois
2032 2191 2078 2234 et

300 2288 446 2336 parva
466 2273 632 2320 vestis,

368 2359 683 2419 Imponuntur
715 2353 816 2417 regi
851 2354 1002 2417 calige
1036 2353 1094 2400 de
1125 2351 1346 2400 setonino
1383 2351 1654 2399 cremesino
1693 2356 1739 2399 et
1772 2352 1989 2400 zandalia
2018 2353 2076 2401 de

302 2438 613 2486 damaschino
645 2437 752 2484 albo
781 2440 1025 2484 recamata
1059 2435 1152 2482 filis
1183 2434 1338 2482 aureis
1366 2437 1413 2481 et
1433 2434 1692 2497 argenteis,
1728 2418 1830 2482 sine
1861 2434 2007 2498 perlis
2029 2439 2076 2482 et

303 2523 482 2584 absque
503 2520 739 2584 lapidibus
757 2519 997 2584 pretiosis,

369 2605 528 2667 Surgit
558 2620 658 2663 rex,
684 2608 730 2652 et
756 2608 884 2651 veste
913 2618 1104 2667 magna,
1129 2602 1349 2650 videficet
1374 2601 1640 2665 superiore,
1675 2600 1892 2659 exuitur3
1918 2599 2075 2648 indui-

305 2693 380 2736 tur
399 2691 530 2736 veste
552 2687 696 2750 longa
726 2687 785 2736 de
814 2687 1084 2735 cremesino
1114 2686 1274 2735 taffeta
1302 2686 1495 2734 suffulta
1528 2700 1637 2733 cum
1671 2683 1871 2732 manicis
1900 2684 2076 2732 strictis

306 2777 353 2820 et
373 2773 583 2836 desuper
603 2772 810 2835 cingitur
826 2771 1023 2819 rocheto
1041 2771 1185 2834 longo
1203 2785 1353 2833 usque
1373 2770 1433 2817 ad
1454 2768 1631 2816 collum
1657 2767 1818 2831 pedis;
1850 2767 2076 2815 tunicella

306 2855 412 2903 alba
433 2854 490 2902 de
505 2854 768 2902 brocatello
782 2854 944 2916 plano,
967 2853 1165 2901 zendalo
1182 2852 1389 2911 suffulta,
1408 2867 1518 2900 cum
1534 2851 1734 2899 manicis
1751 2850 1924 2898 strictis
1942 2850 2077 2897 boto-

306 2937 448 2996 natis,
479 2936 600 2984 stola
630 2935 779 2983 rubea
808 2936 1017 2983 broccati
1048 2937 1151 2983 auri
1180 2935 1310 2983 riccii
1344 2935 1393 2981 in
1422 2939 1746 2981 transversum
1777 2923 1837 2980 ab
1869 2932 2074 2980 humero

307 3019 499 3067 sinistro
522 3018 609 3066 sub
636 3018 831 3066 brachio
861 3017 1028 3066 dextro
1055 3019 1337 3082 conjuncta3
1367 3017 1610 3080 manipulo
1641 3015 1698 3062 de
1729 3015 1902 3063 eodem
1931 3014 2074 3062 broc-

306 3107 412 3151 cato
435 3103 495 3150 ad
520 3102 771 3150 brachium
802 3101 1046 3149 sinistrum
1066 3118 1075 3160 ;
1097 3106 1227 3149 veste
1258 3100 1406 3164 regali
1433 3100 1482 3147 in
1512 3100 1709 3146 modum
1741 3098 1995 3147 dalmatico
2017 3113 2076 3146 ex

306 3186 536 3234 brochato
558 3186 660 3233 auri
682 3185 828 3233 riccio
849 3185 1137 3244 cremesino,
1163 3185 1386 3233 fissuram
1413 3184 1621 3232 habente
1645 3188 1754 3232 ante
1777 3187 1825 3232 et
1851 3187 1979 3232 retro
2002 3200 2074 3231 1111

307 3270 578 3333 palmorum
609 3269 682 3316 vel
710 3269 854 3327 circa,
883 3268 1044 3332 longa,
1075 3284 1227 3331 usque
1261 3268 1320 3315 ad
1350 3268 1524 3316 collum
1558 3267 1711 3331 pedis,
1743 3268 1869 3315 circa
1898 3266 2073 3314 collum

306 3357 353 3399 et
383 3351 595 3399 manicas
626 3355 673 3399 et
704 3367 790 3415 per
821 3350 1034 3399 fimbrias
1068 3350 1128 3398 ad
1151 3350 1453 3398 latitudinem
1488 3354 1691 3413 quatuor
1717 3350 1974 3414 digitorum
2001 3349 2074 3396 vel

306 3434 451 3493 circa,
470 3434 616 3497 perlis
648 3440 813 3481 ornata
836 3453 845 3492 ;
870 3433 1032 3482 collari
1059 3433 1119 3481 ad
1146 3433 1408 3482 latudinem
1423 3421 1600 3481 *manus
1629 3433 1774 3497 perlis
1796 3436 1963 3480 ornato
1986 3431 2073 3479 sub
