2202 3926
161 338 352 381 [Mai1494]
602 339 769 377 RERUM
803 338 1101 377 URBANARUM
1135 337 1486 378 COMMENTARII.
1867 343 1935 378 155

157 444 313 506 legat;
348 447 396 491 et
428 442 536 507 ipsi,
554 443 828 507 juramento
860 443 1189 506 lect0,·jurent
1220 440 1287 499 (et
1318 445 1431 490 tunc
1466 444 1651 489 tantum
1686 442 1926 505 genuflexi

153 525 425 589 jurabant);
465 530 717 590 propterea
759 541 870 575 cum
903 524 1252 574 intellexissent
1281 540 1308 572 a
1343 540 1422 574 me
1454 540 1622 589 regem
1665 524 1842 573 debere
1883 525 1930 572 in

157 608 435 673 hujusmodi
471 610 731 672 juramenti
764 610 1059 674 prestatione
1099 608 1444 673 genuflectere,
1479 613 1526 656 et
1564 623 1652 672 per
1687 623 1738 656 se
1774 607 1930 670 ipsum

155 693 317 755 legere
334 693 483 756 (quod
498 693 601 757 ipse
616 694 803 757 legatus
825 693 1137 752 admitteret),
1153 692 1280 757 quod
1300 693 1630 755 juramentum
1648 691 1927 756 hujusmodi

156 776 340 839 legeret
366 776 469 840 ipse
498 779 762 837 Pontanus,
788 793 899 842 rege
928 782 1152 842 presente
1181 781 1229 825 et
1262 776 1479 832 sedente,
1505 780 1552 824 et
1583 792 1640 824 eo
1667 776 1794 824 lecto
1825 792 1930 824 sur-

156 864 292 922 geret
329 876 412 908 rex
451 866 499 909 et
537 878 684 926 super
723 861 968 909 cussinum
1009 861 1374 924 genuflecteret,
1412 863 1459 908 et
1495 860 1632 908 tactis
1672 859 1929 922 evangeliis

148 945 335 1009 juraret
372 945 498 994 lecta
535 946 655 994 velle
694 947 965 995 observare.
1007 948 1212 1009 Legatus
1246 947 1308 994 ad
1342 947 1436 994 hec
1477 960 1556 992 me
1599 944 1794 1001 vocavit,
1827 943 1926 1006 qui,

156 1028 403 1091 premissis
431 1028 622 1087 auditis,
646 1028 742 1077 dixi
771 1044 1079 1092 nequaquam
1107 1029 1252 1077 modo
1282 1029 1520 1092 premisso
1547 1026 1653 1075 fieri
1684 1031 1927 1090 oportere,

156 1108 242 1157 sed
270 1109 331 1157 ad
353 1110 683 1173 juramentum
711 1110 988 1174 hujusmodi
1022 1110 1071 1158 in
1102 1111 1325 1159 manibus
1352 1111 1516 1174 legati,
1539 1111 1736 1161 nomine
1765 1117 1929 1160 sancte

155 1208 350 1240 romane
372 1191 587 1240 Ecclesie
609 1195 657 1241 et
678 1191 806 1240 sedis
827 1192 1092 1256 apostolice
1115 1197 1162 1240 et
1184 1192 1473 1240 sanctissimi
1497 1195 1553 1241 D.
1579 1195 1634 1242 N.
1659 1208 1782 1258 pape
1804 1193 1928 1241 reci-

151 1275 344 1340 pientis,
367 1277 698 1340 prestandum,
723 1292 812 1340 per
843 1276 1154 1340 genuflexum
1182 1276 1232 1324 id
1258 1276 1363 1324 fieri
1391 1292 1489 1324 non
1517 1276 1656 1326 aliter
1683 1277 1924 1335 consueri,

152 1359 376 1423 quodque
408 1362 538 1425 juret
570 1361 674 1425 ipse
706 1376 815 1420 rex;
849 1376 961 1408 cum
998 1360 1135 1421 sciat,
1170 1364 1217 1408 et
1246 1361 1576 1424 juramentum
1608 1361 1766 1424 ipsum
1799 1360 1927 1424 legat

154 1443 282 1506 quod
303 1448 352 1492 et
372 1444 439 1492 sic
459 1444 564 1493 sieri
586 1444 763 1493 debere
781 1445 969 1508 legatus
991 1443 1260 1492 affirmavit.
1284 1443 1520 1492 Predictis
1542 1443 1734 1503 auditis,
1757 1435 1923 1493 secre-

152 1526 298 1575 tarius
319 1532 367 1575 et
389 1530 634 1576 Pontanus
658 1533 707 1576 ut
729 1528 908 1592 aliquid
928 1528 1103 1576 fecisse
1124 1528 1418 1586 viderentur,
1441 1528 1654 1592 legatum
1677 1533 1924 1591 rogarunt,

150 1615 200 1659 ut
239 1611 411 1659 saltem
452 1628 596 1676 super
635 1612 882 1661 cussinum
916 1628 1001 1660 rex
1042 1612 1395 1676 genuflecteret
1424 1616 1472 1660 et
1504 1611 1606 1676 ipse
1642 1613 1928 1661 secretarius

149 1698 260 1743 ante
287 1710 455 1758 regem
480 1695 665 1760 legeret
695 1711 752 1745 ex
770 1696 912 1756 libro,
938 1712 1022 1745 rex
1051 1699 1311 1760 repeteret,
1334 1695 1588 1744 admittere
1610 1696 1889 1759 dignaretur
1914 1714 1922 1745 :

147 1778 275 1840 quod
300 1778 505 1842 legatus,
530 1780 691 1828 multis
713 1780 984 1830 dicentibus
1012 1780 1141 1844 quod
1170 1780 1238 1828 sic
1265 1795 1363 1827 11011
1388 1779 1605 1828 obviaret
1635 1778 1926 1828 ceremoniis

148 1861 342 1922 debitiS,
367 1863 454 1911 sed
474 1863 630 1911 solum
650 1864 850 1928 maj0ris
873 1864 1108 1927 temporis
1130 1880 1251 1927 opus
1273 1867 1418 1922 esset,
1443 1863 1654 1911 admisit.

211 1945 468 2009 Assignato
497 1946 592 1995 hoc
624 1962 766 1994 mane
797 1949 855 1994 D.
891 1946 1071 1995 Jacobo
1104 1946 1434 2010 protonotario
1467 1947 1525 1994 de
1557 1948 1842 1995 Sermoneta
1876 1947 1925 1994 in

147 2028 243 2076 fine
281 2029 435 2092 quinti
472 2030 656 2078 scamni
690 2030 751 2078 ad
786 2030 1030 2079 sinistram
1066 2030 1310 2079 tribunam
1346 2029 1660 2089 ascendente,
1702 2029 1927 2077 videlicet

147 2127 295 2160 cornu
325 2113 558 2176 evangelii
585 2118 696 2177 post
715 2113 925 2177 prelatos
955 2118 1167 2178 paratOS,
1198 2118 1245 2162 et
1275 2114 1485 2162 electum
1510 2116 1847 2161 Maranensem
1868 2128 1923 2160 ac

142 2196 523 2261 protonotarium
550 2195 609 2244 de
638 2198 780 2260 Sega,
810 2196 914 2260 ipso
943 2199 1230 2246 Sermoneta
1259 2198 1437 2246 seniori
1466 2198 1574 2246 loco
1607 2197 1697 2245 sibi
1718 2196 1880 2244 debito
1907 2213 1917 2245 z

144 2279 274 2328 idem
295 2284 465 2328 contra
484 2294 562 2328 me
583 2295 670 2344 per
695 2280 955 2329 inhonesta
975 2280 1118 2329 verba
1137 2280 1372 2344 prorupit,
1403 2295 1626 2329 asserens
1646 2280 1805 2344 ipsum
1826 2294 1923 2327 non

145 2379 251 2412 esse
271 2363 596 2428 patriarcham
615 2363 991 2424 Antiochenum,
1015 2365 1100 2413 sed
1126 2364 1359 2414 baronem
1388 2365 1528 2414 Urbis
1551 2368 1598 2414 et
1618 2363 1923 2413 assistentem

145 2450 290 2512 Pape,
326 2451 583 2512 propterea
613 2463 713 2497 non
743 2448 867 2497 velle
899 2464 927 2497 a
954 2465 1033 2497 me
1067 2449 1163 2514 pati
1193 2449 1323 2513 quod
1350 2449 1510 2514 ipsum
1540 2450 1601 2498 ad
1630 2449 1922 2499 voluntatem

144 2546 304 2579 meam
325 2534 599 2592 tractarem,
630 2532 717 2581 sed
735 2532 896 2582 locum
917 2532 1007 2581 sibi
1038 2532 1255 2581 debitum
1278 2532 1510 2596 assignari
1531 2533 1704 2582 vellem
1725 2537 1774 2581 et
1795 2532 1925 2596 quod

142 2616 191 2663 in
209 2615 394 2680 capella
413 2619 559 2681 Pape,
581 2617 737 2681 prima
756 2617 912 2665 banca
933 2616 992 2664 sit
1012 2616 1471 2680 protonotariorum,
1495 2622 1753 2681 propterea
1773 2617 1919 2680 quod,

144 2704 191 2747 et
211 2698 275 2747 ibi
298 2699 388 2747 sibi
413 2704 460 2748 et
481 2701 613 2749 socio
632 2700 964 2765 protonotario
992 2701 1199 2764 primam
1226 2701 1433 2749 bancam
1459 2690 1757 2765 assignarem
1783 2718 1793 2749 :
1820 2717 1921 2749 res-

142 2782 289 2847 pondi
325 2783 391 2831 ihi
425 2783 494 2831 eis
526 2798 625 2831 non
660 2799 767 2833 esse
802 2783 964 2832 locum
1006 2783 1296 2842 assistentie,
1343 2784 1428 2831 sed
1473 2783 1601 2847 apud
1637 2786 1834 2848 Papam,
1874 2790 1919 2834 et

143 2867 301 2931 ipsum
323 2867 445 2916 scire
468 2867 645 2916 debere
673 2868 886 2932 quodibi
915 2871 1079 2916 manet
1107 2868 1364 2932 episcopus
1390 2868 1748 2931 protonotarius
1776 2869 1919 2917 etiam

145 2965 240 2998 non
261 2956 475 3015 paratuS,
496 2951 641 3015 longe
663 2951 816 3016 magis
838 2956 1057 3016 paratus;
1083 2952 1133 3000 in
1151 2951 1336 3016 capella
1355 2966 1553 3000 scamna
1573 2968 1601 3001 a
1621 2967 1758 3000 muro
1786 2967 1920 3000 corn-

144 3034 318 3095 putari,
358 3050 496 3084 secus
530 3035 611 3084 hic
641 3040 689 3084 et
721 3035 955 3084 similibus
987 3036 1131 3095 locis;
1174 3040 1434 3100 propterea
1467 3036 1598 3084 hunc
1632 3036 1795 3084 locum
1832 3035 1920 3084 sibi

145 3119 420 3179 competere
452 3134 550 3166 non
579 3118 743 3178 alium,
783 3134 926 3182 quem
959 3120 998 3167 si
1031 3120 1160 3180 velit,
1189 3121 1264 3169 vel
1301 3135 1400 3168 non
1425 3120 1554 3180 velit,
1592 3120 1734 3168 faciat
1770 3120 1872 3183 ipse
1907 3136 1916 3167 ε

145 3198 357 3247 advertat
379 3204 538 3250 tamen
558 3203 686 3266 quod
709 3202 856 3251 alium
879 3219 978 3253 non
999 3204 1216 3269 recipiet,
1241 3205 1291 3253 in
1312 3221 1406 3270 quo
1428 3221 1478 3253 se
1499 3205 1659 3268 ipsum
1680 3219 1778 3252 non
1798 3203 1920 3251 vitu-

144 3287 280 3347 peret
311 3298 322 3331 ε
346 3283 618 3346 patriarche
641 3301 719 3335 me
744 3287 922 3336 nullam
946 3288 1171 3352 injuriam
1195 3288 1436 3351 irrogasse
1462 3288 1538 3336 vel
1563 3287 1800 3346 intulisse,
1835 3288 1917 3334 sed

143 3365 305 3414 locum
335 3365 423 3413 sibi
455 3365 668 3415 debitum
702 3369 892 3419 dedisse
928 3387 938 3419 :
972 3370 1102 3419 idem
1137 3376 1184 3419 et
1213 3371 1303 3434 ipsi
1333 3370 1662 3433 protonotario
1693 3371 1914 3419 fecissem

145 3448 307 3507 aliter3
332 3464 444 3497 nam
474 3465 718 3513 nunquam
739 3468 896 3501 essem
922 3452 1135 3501 facturus
1163 3454 1337 3516 cuique
1360 3454 1449 3501 nisi
1484 3453 1716 3502 debitum.
1742 3453 1914 3500 Mansit
