2222 3926
164 282 386 324 [Acut1496]
608 282 777 321 RERUM
809 282 1113 320 URBANARUM
1146 283 1495 323 COMMENTARII.
1876 291 1947 326 303

167 385 388 434 canonici
410 390 458 434 et
476 386 789 435 mansionarii
810 387 858 434 in
880 402 1050 436 eorum
1070 385 1188 434 locis
1209 385 1257 447 in
1277 386 1498 450 opposito
1520 387 1684 435 altaris
1706 389 1905 451 majoris
1931 407 1942 438 ε

164 469 315 518 altare
343 485 440 517 non
473 469 562 518 fuit
588 470 890 519 incensatum
923 470 971 518 in
999 468 1235 534 principio
1268 469 1414 517 misse
1446 469 1507 518 ad
1542 471 1862 535 evangelium,
1895 478 1942 520 et

166 557 293 617 post,
329 569 415 618 pro
445 554 754 618 impositione
790 553 975 602 incensi
1007 552 1294 602 ministravit
1323 552 1483 617 legato
1515 554 1785 602 naviculam
1814 555 1944 618 epis—

164 653 314 702 copus
337 638 711 701 Senogalliensis
740 638 820 702 qui
851 638 996 687 etiam
1026 638 1202 686 librum
1224 638 1588 701 evangeliorum
1616 638 1746 687 dicto
1779 639 1940 700 legato

164 720 394 784 porrexit,
430 737 486 769 ac
522 721 680 785 ipsum
710 726 820 785 post
849 721 1149 770 offertorium
1182 720 1466 780 incensavit,
1492 727 1540 769 et
1570 721 1746 770 deinde
1775 737 1945 785 pacem

162 803 381 853 exhibuit
417 804 673 863 diaconus3
707 805 957 852 incensato
1002 804 1181 868 legato,
1230 803 1493 853 incensavit
1531 805 1942 853 locumtenentem

157 888 560 937 confalonerium.
581 888 668 936 Hic
688 892 859 952 postea
878 887 1044 936 debuit
1059 887 1314 936 incensare
1330 893 1567 947 oratores,
1589 888 1763 936 deinde
1786 888 1943 937 redire

161 970 222 1018 ad
248 971 504 1035 episcopos
534 971 967 1035 Senogalliensem,
1002 970 1398 1034 Fulginatensem
1429 976 1475 1020 et
1501 971 1938 1031 Assisinatensem;

159 1058 260 1102 tum
283 1053 521 1102 transiens
543 1054 604 1103 ad
624 1054 754 1102 aliud
781 1055 925 1113 latus,
957 1054 1221 1102 incensavit
1244 1054 1351 1103 illos
1381 1055 1503 1104 duos
1525 1061 1743 1104 oratores
1763 1055 1944 1104 ibidem

163 1141 363 1198 stanteS,
405 1138 517 1186 inde
564 1138 625 1186 ad
670 1154 760 1187 nos
811 1138 1003 1187 rediens
1051 1138 1426 1202 protonotarius,
1484 1154 1580 1198 me,
1635 1143 1941 1203 potestatem,

162 1221 402 1281 antianos,
433 1222 693 1271 canonicos
721 1227 767 1270 et
797 1222 992 1271 tandem
1013 1223 1121 1271 illos
1151 1222 1427 1281 duodecim,
1451 1222 1563 1270 dato
1599 1227 1709 1285 post
1746 1222 1945 1271 modum

161 1305 243 1353 uni
264 1320 323 1354 ex
338 1305 527 1354 clericis
553 1306 817 1365 thuribulo,
838 1306 917 1354 ille
939 1307 1059 1354 alios
1080 1305 1364 1355 incensavit.
1392 1307 1490 1352 Pax
1505 1305 1681 1353 eodem
1699 1305 1844 1354 modo
1859 1322 1946 1369 per

159 1403 307 1436 unum
329 1405 388 1437 ex
407 1389 653 1438 canonicis
674 1390 801 1437 dicte
822 1389 1029 1438 ecclesie
1052 1390 1139 1438 suit
1159 1388 1496 1438 administrata

222 1473 378 1520 Finita
396 1472 562 1533 missa,
579 1473 767 1536 legatus
788 1473 837 1521 in
855 1472 971 1521 sede
993 1489 1080 1521 sua
1099 1472 1317 1537 predicta
1338 1476 1487 1531 stans,
1507 1475 1762 1535 apportata
1779 1487 1943 1521 coram

155 1572 207 1604 se
236 1571 380 1605 cruce
409 1572 512 1616 sua,
533 1556 780 1605 benedixit
808 1558 986 1622 populo
1014 1557 1312 1615 solemniter,
1341 1560 1390 1605 et
1416 1555 1658 1604 concessit
1689 1555 1944 1620 indulgen-

157 1640 247 1689 tias
277 1641 483 1688 duorum
511 1656 749 1689 annorum
777 1645 824 1689 et
848 1642 1050 1690 totidem
1078 1642 1498 1705 quadragenarum
1518 1639 1940 1698 interessentibus,

162 1740 280 1788 quas
311 1725 511 1773 sacrista
538 1725 815 1789 publicavit.
839 1726 942 1774 Alia
978 1740 1114 1775 more
1148 1726 1289 1774 solito
1321 1725 1576 1773 observata
1609 1729 1720 1773 sunt
1747 1730 1794 1773 et
1824 1724 1941 1772 utin

161 1809 369 1858 ecclesia
390 1809 629 1858 Calliensi.

232 1893 484 1941 Dominica
514 1893 760 1956 preterita,
793 1893 980 1958 legatus
1016 1892 1247 1942 veniendo
1281 1893 1343 1942 ad
1374 1892 1604 1957 palatium
1639 1897 1686 1940 et
1718 1892 1830 1940 illuc
1863 1908 1939 1941 re-

164 1977 358 2026 deundo
380 1977 504 2026 venit
525 1977 712 2025 medius
734 1978 859 2026 inter
883 1977 1046 2026 locum
1068 1981 1315 2026 tenentem
1339 1991 1368 2024 a
1390 1974 1570 2024 dextris
1592 1978 1640 2022 et
1660 1974 1939 2022 confalone-

163 2061 285 2109 rium
306 2077 333 2109 a
351 2060 555 2108 sinistris
576 2061 707 2123 quod
733 2076 824 2125 ego
851 2061 1100 2125 providere
1131 2059 1430 2117 desiderans,
1456 2057 1552 2105 dixi
1583 2057 1711 2105 dicto
1731 2056 1938 2105 Johanni

162 2145 220 2194 de
241 2144 525 2203 Bentivolio,
553 2148 752 2209 tyranno
775 2145 1085 2205 Bononiensi,
1107 2144 1270 2193 locum
1291 2141 1623 2192 confalonerio
1645 2156 1741 2189 non
1763 2156 1938 2190 conve-

160 2227 391 2287 nientem,
413 2243 590 2291 rogans
613 2232 663 2277 ut
684 2228 843 2292 ipsum
864 2229 944 2292 qui
966 2229 1015 2276 in
1037 2244 1096 2277 eo
1118 2228 1384 2286 incederet,
1415 2224 1716 2275 commoneri
1737 2225 1934 2273 faceret.

157 2310 421 2375 Respondit
443 2326 494 2360 se
517 2311 576 2359 de
597 2311 692 2360 hoc
712 2328 810 2360 non
831 2328 938 2362 esse
957 2317 1228 2377 expertum,
1252 2327 1343 2360 nec
1366 2309 1513 2358 voluit
1527 2308 1670 2372 ⁸aliter
1692 2308 1932 2356 ordinare.

157 2395 334 2458 Rogavi
364 2395 510 2444 etiam
537 2396 763 2445 eumdem
790 2396 1194 2455 confalonerium,
1221 2399 1476 2460 postquam
1504 2393 1764 2441 ecclesiam
1788 2392 1936 2442 intra-

156 2477 237 2536 vit,
261 2482 330 2536 ut,
354 2477 514 2525 missis
535 2478 729 2542 prelatis
752 2495 801 2528 se
823 2481 872 2527 in
890 2480 982 2529 alio
1005 2482 1155 2530 choro
1170 2496 1281 2530 cum
1296 2478 1563 2527 oratoribus
1578 2477 1785 2535 locaret3
1807 2477 1935 2540 quod

157 2560 378 2610 similiter
402 2562 656 2622 recusavit,
693 2562 753 2611 de
780 2579 875 2626 quo
906 2565 991 2612 fuit
1024 2566 1083 2612 ab
1120 2565 1343 2622 omnibus
1377 2579 1480 2611 rem
1517 2560 1934 2611 considerantibus

155 2645 214 2693 de
247 2643 456 2694 levitate‘
471 2646 731 2710 plurimum
764 2652 975 2696 notatus.
1011 2648 1189 2696 Debuit
1223 2648 1352 2697 enim
1388 2646 1505 2695 ordo
1538 2661 1664 2704 esse,
1695 2645 1744 2692 in
1776 2643 1932 2708 primo

156 2728 505 2789 Bononienses,
530 2729 579 2776 id
600 2733 673 2777 est
700 2733 776 2789 13,
801 2734 977 2779 etcum
998 2731 1101 2779 istis
1120 2735 1354 2790 oratores,
1378 2733 1477 2778 tum
1498 2728 1697 2788 antiani,
1721 2727 1833 2776 inde
1851 2743 1935 2791 poa

152 2815 319 2870 testas,
353 2817 456 2861 tum
492 2813 850 2862 confalonerius
883 2815 932 2862 in
961 2814 1122 2863 medio
1154 2813 1378 2872 duorum,
1411 2813 1460 2861 id
1496 2818 1570 2861 est
1602 2810 1852 2876 potestatis
1885 2815 1933 2859 et

152 2895 477 2945 antianorum.
500 2897 686 2946 Deinde
707 2897 1065 2964 legatussoluS,
1086 2902 1256 2962 postea
1280 2897 1618 2945 locumtenens
1644 2894 1790 2959 legati
1820 2909 1931 2943 cum

153 2978 380 3043 episcopo
403 2980 772 3045 Senogalliensi,
797 2986 845 3029 et
866 2981 943 3029 alii
966 2981 1136 3045 prelati
1158 2981 1273 3030 bini.

218 3062 358 3110 Feria
378 3064 607 3124 secunda,
643 3068 698 3114 15
717 3067 908 3129 augusti
931 3066 1106 3114 festum
1127 3064 1483 3129 Assumptionis
1506 3064 1643 3112 beate
1667 3061 1816 3110 Marie
1837 3055 1930 3108 vir-

151 3143 298 3208 ginis,
323 3147 491 3195 Rmus.
519 3150 576 3196 D.
600 3148 788 3212 legatus
817 3165 927 3197 cum
961 3149 1143 3198 familia
1171 3166 1257 3198 sua
1289 3149 1573 3206 associatus,
1606 3147 1655 3194 in
1686 3159 1839 3209 cappa
1869 3143 1929 3191 de

150 3227 464 3276 ciambelotto
499 3232 770 3281 cremesino
792 3233 1018 3296 equitavit
1047 3233 1105 3282 ad
1127 3233 1385 3282 ecclesiam
1413 3229 1759 3280 cathedralem.
1783 3230 1836 3276 In
1862 3227 1931 3275 in-

150 3310 295 3359 troitu
323 3311 549 3372 ecclesie,
573 3330 698 3363 unus
729 3331 789 3364 ex
819 3316 1079 3380 capellanis
1106 3317 1202 3365 suis
1234 3315 1447 3380 porrexit
1480 3313 1570 3361 sibi
1603 3309 1927 3377 aspersorium

148 3409 276 3458 aque
313 3395 587 3457 benedicte,
621 3413 717 3461 qua
753 3415 806 3448 se
837 3404 887 3448 et
925 3400 1042 3448 alios
1076 3399 1353 3464 aspersavit,
1392 3397 1565 3447 deinde
1598 3395 1711 3445 fecit
1742 3399 1794 3443 ut
1822 3390 1926 3440 heri
