2222 3926
339 304 408 340 336
944 303 1175 340 JOHANNIS
1209 302 1503 349 BURCHARD1‚
1827 302 1994 344 [octobre
2017 302 2111 342 1496]

405 404 675 463 Dominica,
708 408 766 453 23
794 405 1022 463 octobris,
1052 405 1180 453 venit
1207 405 1265 452 ad
1304 405 1477 453 Urbem
1513 421 1599 467 per
1629 409 1817 466 portam
1846 405 2113 453 Asinariam

339 487 433 535 sive
467 490 840 536 Lateranensem
876 487 1230 534 illustrissimus
1259 486 1431 543 Guido‚
1463 487 1557 533 dux
1590 486 1853 545 Urbinatis,
1882 486 2115 536 locumte-

340 586 460 618 nens
488 572 571 618 SS.
596 574 653 618 D.
680 573 734 618 N.
759 585 899 633 pape,
925 570 1000 616 cui
1029 572 1266 616 venerunt
1296 568 1482 615 obviam
1511 569 1689 617 familie
1716 569 1932 617 omnium
1962 570 2113 617 cardi-

333 653 513 700 nalium
546 657 594 699 et
625 654 708 700 SS.
743 654 799 698 D.
832 650 1006 708 nostri,
1042 666 1068 697 a
1101 650 1273 712 quibus
1308 649 1395 697 fuit
1435 666 1570 698 more
1613 650 1752 699 solito
1784 655 2023 714 receptus,
2063 655 2110 698 et

334 751 482 798 usque
502 734 563 781 ad
585 734 813 797 palatium
835 732 1170 796 apostolicum,
1195 732 1457 796 hospitium
1480 749 1637 792 suum,
1658 734 1940 781 associatus.
1968 734 2109 784 Venit

332 833 419 880 per
442 817 652 864 Plateam
671 832 709 863 s.
735 815 899 874 Marci,
927 818 1158 878 Campum
1181 815 1318 862 Flore
1343 821 1390 864 et
1415 816 1487 863 via
1506 820 1636 864 recta
1658 817 1717 864 ad
1739 817 1986 880 palatium.

398 899 537 947 Feria
565 904 749 962 quarta,
781 902 839 946 26
862 898 974 946 dicti
1007 898 1187 946 mensis
1218 899 1444 959 octobris,
1471 900 1556 946 fuit
1583 899 1922 948 consistorium
1951 916 2108 950 secre-

334 988 452 1041 tum,
477 983 525 1029 in
549 998 642 1046 quo
677 985 840 1029 Rmus.
872 984 928 1028 D.
952 981 1204 1029 cardinalis
1235 981 1294 1030 de
1323 985 1505 1030 Lunate
1539 985 1729 1030 creatus
1761 987 1807 1030 et
1838 983 2106 1046 publicatus

331 1064 417 1112 fuit
436 1064 622 1128 legatus
645 1064 702 1112 de
724 1064 874 1112 latere
899 1064 959 1111 ad
986 1063 1308 1111 assistendum
1332 1065 1673 1128 expugnationi
1704 1071 1989 1125 castrorum,
2014 1070 2108 1115 ter-

332 1162 511 1206 rarum,
536 1147 842 1211 oppidorum,
870 1147 1087 1194 villarum
1110 1152 1155 1194 et
1169 1147 1491 1194 dominiorum
1506 1149 1706 1196 Gentilis
1723 1149 1925 1213 Virginii
1945 1149 2103 1198 Ursini
2153 1158 2156 1160 ’

335 1230 393 1277 de
410 1230 670 1293 Aragonia,
698 1230 828 1278 Pauli
851 1230 1009 1278 Ursini
1032 1230 1112 1289 (1).

403 1314 699 1362 Consistorio
729 1314 883 1372 finito,
915 1316 998 1362 SS.
1033 1317 1087 1361 D.
1119 1319 1286 1362 noster
1312 1320 1506 1377 paratus
1541 1331 1674 1364 more
1710 1316 1867 1364 solito.
1893 1314 2021 1362 venit
2050 1315 2109 1362 ad

336 1394 583 1443 basilicam
611 1412 650 1442 s.
683 1395 828 1454 Petri,
862 1395 941 1443 ubi
974 1398 1138 1442 Rmus.
1174 1398 1229 1442 D.
1266 1396 1519 1443 cardinalis
1555 1398 1815 1445 Perusinus
1849 1397 2110 1445 celebravit

336 1479 532 1527 missam
552 1478 819 1526 solemnem
841 1478 899 1526 de
923 1478 1099 1541 Spiritu
1122 1483 1306 1537 sancto,
1332 1478 1380 1524 in
1402 1495 1512 1541 qua,
1532 1481 1875 1528 communione
1889 1485 2102 1544 peracta,

337 1563 466 1610 venit
498 1561 558 1609 ad
589 1561 835 1609 basilicam
865 1561 1129 1624 predictam
1159 1561 1506 1609 illustrissimus
1545 1566 1601 1610 D.
1636 1563 1880 1611 Johannes
1916 1564 2106 1628 Borgia,

341 1645 435 1692 dux
456 1643 638 1692 Gandie
660 1644 754 1692 hoc
776 1643 941 1691 ordine
963 1662 971 1690 :
994 1644 1232 1693 tubicines
1256 1660 1323 1691 xn
1340 1645 1581 1692 domicelli
1599 1647 1751 1694 vestiti
1766 1647 1864 1694 suis
1880 1647 2107 1710 giorneis,

341 1742 509 1775 omnes
539 1726 799 1774 familiares
833 1726 945 1774 dicti
976 1727 1111 1774 ducis
1142 1714 1311 1775 armati
1341 1727 1437 1775 bini
1475 1733 1522 1776 et
1551 1729 1668 1786 bini,
1694 1733 1899 1791 quatuor
1927 1729 2112 1778 nobiles

341 1811 486 1859 etiam
526 1809 715 1857 armati.
753 1812 858 1857 Dux
890 1809 992 1872 ipse
1014 1810 1282 1857 calcaribus
1311 1810 1520 1869 cinctus,
1557 1817 1686 1859 totus
1717 1817 1946 1870 armatus,
1979 1811 2116 1875 galea

340 1894 534 1956 dempta
558 1893 652 1940 sive
681 1893 854 1956 capite,
880 1909 907 1939 a
928 1893 1106 1941 dextris
1130 1909 1295 1940 secum
1322 1893 1507 1941 habens
1529 1894 1902 1942 illustrissimum
1919 1897 1975 1942 D.
2002 1894 2116 1942 Gui-

339 1978 516 2026 donem
561 1976 735 2024 ducem
777 1975 1017 2024 Urbinatis
1062 1976 1282 2033 similiter
1323 1974 1583 2038 armatum,
1627 1993 1747 2041 quos
1788 1977 2116 2041 sequebantur

338 2059 524 2108 nobiles
547 2063 594 2106 et
615 2058 935 2106 conductores
958 2059 1178 2107 ecclesie.

403 2142 560 2190 Finita
579 2142 728 2189 missa
749 2146 796 2190 et
816 2141 1128 2205 indulgentiis
1150 2159 1208 2191 ex
1228 2159 1363 2191 more
1385 2158 1476 2212 per
1492 2143 1818 2192 celebrantem
1837 2145 2107 2207 publicatiS,

339 2225 485 2272 duces
521 2225 758 2279 intrarunt
794 2224 1028 2288 capellam
1059 2241 1169 2273 cum
1203 2226 1376 2274 debitis
1406 2227 1687 2274 reverentiis
1723 2230 1770 2274 et
1799 2231 1910 2275 ante
1938 2227 2110 2275 solium

337 2308 575 2371 pontificis
604 2324 655 2355 se
685 2308 935 2355 firmarunt
969 2323 1080 2355 cum
1113 2309 1350 2371 aliquibus
1382 2325 1439 2356 ex
1468 2309 1565 2356 suis
1598 2327 1606 2356 :
1640 2309 1843 2358 surrexit
1874 2310 2108 2373 pontifex,

339 2395 385 2438 et
407 2390 626 2454 deposita
645 2391 803 2451 mitra,
828 2390 1071 2439 benedixit
1093 2391 1183 2439 tria
1202 2392 1388 2451 vexilla,
1423 2408 1569 2439 unum
1598 2408 1709 2439 cum
1737 2392 1882 2439 armis
1905 2393 2109 2441 ecclesie

339 2479 384 2522 et
407 2474 500 2522 duo
523 2489 635 2521 cum
656 2473 801 2521 armis
829 2473 926 2520 suis
954 2489 1046 2536 que
1075 2478 1334 2522 tenuerunt
1365 2474 1458 2521 duo
1492 2475 1652 2522 clerici
1678 2490 1868 2522 camere
1898 2475 1984 2522 sub
2005 2475 2115 2524 bra-

339 2556 460 2604 chiis
481 2556 676 2620 plicata3
704 2561 751 2604 et
770 2572 913 2620 super
932 2573 1026 2604 uno
1049 2573 1107 2605 ex
1129 2558 1198 2605 eis
1227 2561 1327 2605 erat
1357 2558 1553 2605 baculus
1581 2557 1715 2605 albus
1742 2558 1931 2621 ligneus
1958 2558 2115 2622 longi-

338 2640 516 2687 tudinis
556 2640 824 2704 palmorum
866 2644 1072 2703 quatuor
1107 2657 1217 2688 cum
1253 2641 1447 2688 dimidio
1485 2640 1545 2688 ad
1579 2640 1731 2688 instar
1760 2641 1934 2702 baculi,
1970 2657 2113 2705 quem

339 2726 504 2771 Rmus.
546 2725 605 2770 D.
644 2722 938 2771 camerarius
981 2723 1028 2770 in
1070 2723 1238 2772 diebus
1281 2724 1703 2787 processionaliter
1740 2728 1930 2787 portare
1971 2723 2108 2772 solet.

338 2807 482 2853 Facta
507 2806 862 2865 benedictione,
888 2809 1015 2870 Papa
1042 2806 1268 2869 imposuit
1293 2806 1563 2865 incensum,
1586 2807 1789 2870 aspersit
1820 2812 1868 2854 et
1895 2807 2112 2855 incensa-

338 2887 403 2934 vit
424 2887 596 2935 vexilla
615 2889 831 2951 predicta
858 2894 905 2936 et
931 2890 1185 2947 baculum;
1212 2894 1313 2937 tum
1341 2890 1547 2938 accessit
1577 2906 1739 2937 coram
1765 2891 1992 2954 pontifice
2015 2890 2109 2938 dux

340 2969 539 3030 Gandie,
567 2975 613 3018 et
635 2971 935 3033 genuflexus,
960 2972 1164 3034 prestitit
1190 2973 1439 3035 corporale
1463 2976 1791 3036 Jura1nentum
1823 2989 1910 3036 per
1935 2973 2111 3037 capita-

338 3067 455 3100 neos
478 3058 643 3101 sancte
666 3069 862 3102 romane
879 3054 1091 3102 Ecclesie
1112 3055 1312 3118 prestari
1335 3056 1544 3114 solitum,
1563 3056 1622 3104 de
1643 3056 1787 3104 verbo
1805 3055 1865 3104 ad
1885 3057 2104 3118 verbum,

337 3140 476 3197 prout
497 3136 543 3182 in
568 3136 724 3184 forma
744 3141 860 3196 etc.,
884 3137 1022 3185 tactis
1045 3141 1136 3186 etc.

334 3279 489 3330 l'espace
510 3284 553 3319 de
570 3283 658 3320 trois
680 3295 760 3329 ans,
786 3283 818 3320 le
838 3295 1009 3332 royaume
1034 3285 1078 3321 de
1096 3284 1228 3333 Naples
1256 3290 1316 3323 eut
1342 3285 1424 3334 cinq
1445 3285 1517 3322 rois
1541 3298 1548 3323 :
1573 3287 1780 3325 Ferdinand
1801 3288 1828 3334 Ι,
1852 3287 2037 3337 Alphonse
2062 3288 2109 3334 II,

336 3339 539 3378 Ferdinand
562 3343 605 3388 II,
629 3342 777 3379 Charles
799 3344 880 3380 VIII
901 3348 936 3380 et
953 3344 1130 3381 Frederic.
1154 3345 1246 3393 Voy.
1271 3345 1530 3391 Guiceiardini,
1554 3346 1612 3384 liv.
1637 3348 1699 3384 III.

335 3434 341 3442 ,
385 3401 418 3438 1.
448 3400 535 3438 voir
554 3403 604 3440 M.
622 3402 773 3448 Sauuto,
795 3405 929 3448 Βίιινὶιῖ,
950 3406 975 3441 t.
999 3404 1027 3450 1,
1048 3403 1115 3440 col.
1133 3405 1215 3450 369,
1238 3409 1273 3441 ct
1288 3417 1349 3442 sur
1370 3409 1467 3443 toute
1489 3406 1521 3442 la
1542 3407 1757 3455 ceremonie,
1773 3406 1841 3444 col.
1856 3407 1922 3445 371
1946 3411 1982 3445 et
2000 3407 2035 3445 2.
