2202 3926
277 357 323 394 42
879 349 1112 387 JOHANNIS
1147 347 1443 395 BURCHARDI,
1783 351 1943 391 [Fevrier
1964 355 2059 396 1493]

341 460 445 507 Hoc
473 471 635 516 mane,
660 457 744 505 SS.
775 457 831 503 D.
857 457 914 504 N.
940 469 1051 502 cum
1078 453 1127 502 in
1153 469 1348 502 camera
1367 452 1604 518 papagalli
1625 456 1910 516 paramenta
1936 456 2061 504 acci-

275 547 431 610 peret,
464 543 524 591 ad
554 541 955 607 supplicationem
986 555 1146 589 meam
1174 539 1415 588 concessit
1451 537 1590 587 nobis
1625 536 1814 586 clericis
1846 553 2061 587 ceremo-

275 629 467 677 niarum
500 631 548 676 et
581 625 875 684 cantoribUS,
914 640 970 672 ac
1001 623 1104 672 aliis
1142 622 1426 671 officialibus
1461 621 1645 685 capelle
1669 621 1943 670 Sanctitatis
1974 638 2058 670 sue

275 712 554 761 facultatem
579 709 786 773 eligendi
821 708 960 756 nobis
996 707 1331 756 confessorem
1364 706 1445 770 qui
1480 721 1570 754 nos
1598 705 1658 754 ab
1695 707 1918 757 omnibus
1949 724 2061 772 pec.-

277 797 413 856 catiS,
455 795 599 844 etiam
646 793 747 841 sedi
796 791 1059 857 apostolice
1107 790 1388 849 reservatiS,
1432 789 1680 839 absolvere
1717 793 1764 839 et
1795 791 2059 854 plenariam

274 883 586 944 peccatorum
613 882 889 926 nostrorum
919 874 1258 924 remissionem
1285 874 1566 939 impendere
1595 878 1779 939 posset,
1814 875 2057 939 quodque,

273 962 508 1011 visitando
540 961 741 1026 singulis
770 959 938 1008 diebus
965 958 1115 1007 altare
1143 960 1301 1023 majus
1331 958 1531 1009 basilice
1562 959 1715 1008 sancti
1744 959 1872 1008 Petri
1894 975 2062 1008 conse-

274 1062 479 1111 quamur
498 1045 822 1109 indulgentias
844 1044 1107 1093 stationum
1130 1043 1289 1093 Urbis,

341 1129 597 1181 Dominica
616 1129 771 1193 prima
788 1128 1174 1192 quadragesime,
1201 1131 1261 1175 24
1283 1127 1532 1187 februarii,
1558 1130 1612 1176 R.
1635 1127 1686 1175 in
1708 1127 1896 1177 Christo
1918 1131 1973 1177 P.
2000 1131 2056 1178 D.

277 1215 568 1280 Stephanus,
592 1212 988 1277 archiepiscopus
1023 1211 1326 1260 Patracensis
1362 1215 1410 1259 et
1437 1211 1694 1276 episcopus
1727 1213 2056 1274 Torcellanus,

277 1301 359 1349 SS.
386 1301 441 1348 D.
462 1300 518 1347 N.
551 1312 674 1362 pape
702 1296 949 1356 0551510115,
984 1295 1246 1344 celebravit
1271 1294 1470 1342 missam
1500 1294 1761 1358 publicam,
1797 1297 1880 1344 SS.
1913 1299 1970 1344 D.
2001 1299 2056 1347 N.

274 1386 518 1450 presente.
554 1383 841 1430 Sermonem
874 1379 988 1428 fecit
1017 1383 1302 1444 procurator
1329 1378 1511 1427 ordinis
1542 1379 1921 1443 predicatorum.
1955 1380 2061 1429 Alia

277 1467 439 1516 omnia
457 1467 709 1514 observata
729 1467 840 1513 sunt
856 1479 993 1513 more
1016 1463 1175 1512 solito.

343 1553 395 1600 In
413 1554 555 1599 nocte
577 1548 822 1614 preterita,
848 1547 978 1596 circa
996 1548 1168 1596 horam
1191 1552 1407 1596 octavam
1429 1548 1602 1608 noctis,
1627 1547 1822 1612 quidam
1838 1548 2059 1612 Aquilani

276 1636 325 1684 in
361 1634 559 1683 domum
588 1631 901 1681 habitationis
928 1632 1056 1680 bone
1086 1632 1321 1680 memorie
1350 1632 1563 1696 episcopi
1595 1631 1818 1696 Aquilani
1848 1632 1970 1681 Rmi.
2000 1634 2058 1680 D.

277 1717 532 1768 cardinalis
555 1716 707 1765 sancti
736 1715 866 1764 Petri
894 1715 955 1763 ad
977 1715 1182 1765 Vincula
1211 1716 1339 1780 apud
1366 1716 1616 1765 basilicam
1646 1715 1902 1764 duodecim
1925 1731 2063 1779 apos-

275 1803 482 1852 tolorum
503 1800 798 1863 contiguam,
822 1814 910 1863 per
923 1799 1187 1847 fenestram
1203 1799 1463 1862 quamdam
1485 1800 1713 1848 salientes
1736 1803 1784 1848 et
1803 1800 2056 1859 intranteS‚

277 1886 399 1934 ostia
430 1899 731 1934 camerarum
771 1883 815 1931 vi
846 1882 1145 1947 aperienteS,
1185 1883 1427 1947 prefatum
1464 1883 1745 1948 episcopum
1778 1882 1828 1930 in
1865 1883 2063 1932 camisia

278 1970 366 2019 sub
386 1970 511 2018 lecto
534 1984 619 2016 suo
647 1968 696 2015 in
717 1971 847 2015 terra
874 1969 1122 2030 repertum
1149 1966 1488 2014 miserabiliter
1515 1970 1563 2015 et
1583 1966 1844 2015 crudeliter
1869 1966 2061 2015 occide-

277 2058 405 2113 runt,
441 2052 606 2116 viginti
638 2052 733 2099 duo
760 2051 958 2099 vulnera
987 2050 1062 2098 vel
1096 2050 1227 2098 circa
1259 2050 1349 2098 sibi
1388 2050 1577 2111 (1011105,
1614 2055 1662 2100 01
1699 2050 1904 2115 receptis
1938 2051 2062 2098 vasis

276 2137 519 2202 argenteis
541 2140 590 2185 et
614 2135 716 2184 aliis
736 2134 883 2183 rebus
902 2150 1020 2198 quas
1043 2134 1298 2182 commode
1325 2137 1517 2198 portare
1544 2138 1785 2198 poterant,
1810 2133 2056 2192 abierunt3

275 2221 467 2271 fuerunt
488 2224 649 2269 autem
674 2235 843 2268 eorum
865 2219 945 2282 qui
967 2219 1264 2267 intraverunt
1286 2222 1333 2267 et
1354 2218 1636 2267 occiderunt
1660 2233 1864 2267 numero
1885 2233 1970 2266 sex
1985 2218 2059 2266 vel

277 2306 406 2354 circa
426 2309 474 2353 et
499 2304 808 2368 quamplures
837 2307 970 2350 extra
997 2302 1194 2349 domum
1218 2317 1386 2350 eorum
1414 2302 1677 2366 complices
1699 2302 1799 2365 qui,
1823 2306 2060 2366 quatenus

277 2405 397 2455 opus
419 2393 565 2449 esset,
590 2403 674 2436 eos
698 2388 924 2451 adjuvare
955 2386 1108 2451 parati
1140 2390 1304 2444 erant;
1333 2386 1463 2435 idem
1495 2385 1750 2450 episcopus
1776 2386 1863 2435 fuit
1892 2390 2061 2451 postea

277 2472 492 2540 sepultus
514 2471 617 2522 sine
644 2487 824 2538 pompa
847 2470 928 2536 (1).

325 2647 358 2683 1.
386 2645 509 2683 Valori
529 2645 571 2682 fit
596 2649 679 2694 part
703 2645 748 2681 de
774 2648 831 2681 cet
856 2646 1070 2681 evenement
1093 2654 1164 2678 aux
1190 2643 1283 2690 8ζ110
1314 2642 1461 2679 Pratica
1487 2643 1580 2679 dans
1609 2642 1643 2679 la
1667 2642 1829 2691 depeche
1857 2641 2025 2679 suivante
2048 2654 2056 2679 ε

326 2722 345 2739 «
373 2705 460 2742 Hier
479 2709 585 2742 110010
606 2717 650 2742 511
675 2704 707 2741 10
732 2704 800 2741 VII
819 2705 920 2749 hore,
942 2703 1028 2741 VIII
1053 2701 1183 2739 cavalli
1209 2701 1365 2751 leggieri
1384 2714 1403 2738 e
1422 2702 1507 2740 XVI
1525 2713 1683 2750 persone
1709 2707 1844 2739 armate
1873 2714 1919 2739 ne
1946 2702 2060 2739 ando-

279 2777 367 2802 rono
388 2777 409 2801 a
429 2765 563 2802 Sancto
589 2764 781 2813 Apostolo,
809 2767 845 2800 et
867 2775 935 2800 con
962 2762 1087 2800 sohale
1108 2766 1143 2799 et
1161 2765 1259 2799 torse
1285 2774 1412 2798 accese
1436 2762 1622 2799 introrono
1648 2774 1714 2811 per
1738 2762 1773 2799 la
1792 2762 1898 2799 Corte
1917 2762 1955 2798 in
1974 2774 2061 2799 casa

279 2827 353 2861 San
373 2825 481 2861 Piero
502 2826 548 2861 ad
573 2824 742 2870 Vincula,
765 2827 800 2860 et
825 2824 1037 2860 andoronno
1064 2822 1131 2859 alle
1158 2826 1255 2860 staze
1281 2822 1373 2858 dove
1392 2825 1505 2868 [stava
1530 2821 1717 2870 aloggioto
1746 2822 1770 2858 il
1796 2822 1987 2860 Veschovo
2016 2823 2061 2859 (10

279 2884 453 2932 l'Aquila3
480 2888 517 2920 01
534 2888 637 2932 parte
663 2884 698 2919 di
719 2884 795 2920 loro
815 2883 932 2932 prima
955 2894 1116 2931 presono
1136 2887 1231 2920 certe
1251 2885 1354 2930 porte
1379 2882 1446 2921 che
1472 2894 1591 2919 vanno
1618 2894 1639 2918 a
1667 2882 1770 2918 decte
1797 2885 1939 2926 stanze3
1963 2881 2060 2929 dipoi

278 2957 359 2980 011111
380 2955 452 2980 11110
472 2942 657 2980 travicello
678 2943 1004 2990 impetuosamente
1029 2954 1196 2991 ruppono
1219 2942 1253 2979 la
1272 2945 1377 2990 porta
1397 2940 1492 2976 della
1511 2952 1655 2976 camera
1675 2940 1765 2976 dove
1786 2951 1848 2976 era
1872 2939 1897 2974 il
1921 2939 2060 2987 prefato

281 3004 469 3040 Veschovo
490 3001 573 3038 dell’
592 3001 739 3049 Aquila,
766 3001 793 3036 il
819 3001 925 3049 quale
957 3006 1149 3039 trovorono
1177 3013 1243 3050 per
1267 3000 1339 3039 tale
1358 3011 1502 3036 rumore
1531 3000 1598 3035 che
1619 3010 1680 3034 era
1700 2998 1816 3035 uscito
1838 2997 1896 3033 del
1915 2997 2003 3035 letto
2024 2998 2059 3034 in

277 3063 440 3100 caminia.
463 3061 565 3098 Decti
592 3060 721 3097 armati
742 3060 863 3097 subito
883 3061 917 3101 10
936 3061 1141 3109 tagliarono
1162 3073 1183 3098 a
1201 3060 1281 3110 pezi
1306 3058 1566 3097 crudelmente.
1595 3059 1795 3106 Apprcsso,
1823 3057 1913 3094 tucti
1934 3069 1953 3093 0
1977 3057 2058 3094 suoi

274 3122 418 3170 argenti
432 3125 625 3158 trovorono
640 3120 676 3155 in
691 3120 796 3156 decta
810 3131 952 3156 camera
967 3124 1163 3168 portorono
1179 3120 1238 3157 via
1255 3132 1263 3157 :
1280 3123 1317 3156 et
1335 3122 1465 3167 questo
1480 3121 1561 3154 acto
1574 3117 1699 3153 ferono
1714 3128 1782 3153 con
1796 3116 1866 3152 tale
1881 3119 2056 3164 presteza,

276 3183 342 3219 che
368 3181 507 3217 benche
533 3191 597 3228 per
622 3178 738 3215 l'altra
762 3178 924 3226 famiglia
956 3178 1013 3214 del
1035 3178 1225 3215 Cardinale
1262 3190 1301 3215 50
1334 3176 1491 3214 sentisse
1526 3175 1559 3212 el
1592 3187 1750 3221 rumore,
1785 3187 1825 3212 50
1856 3175 2059 3212 ritrassono

277 3252 385 3279 senza
406 3239 583 3276 difficulta
602 3238 756 3275 nissuna
776 3250 797 3274 a
821 3237 949 3274 cavalli
970 3238 1139 3274 ch'erano
1159 3237 1299 3273 rimasti
1326 3236 1397 3272 alla
1423 3235 1589 3283 guardia.
1615 3235 1753 3280 Questo
1773 3235 1965 3272 Veschovo
1986 3233 2055 3270 del'

276 3300 409 3349 Aquila
434 3300 573 3336 haveva
600 3297 789 3335 inimicitia
807 3296 957 3334 mortale
983 3308 1051 3333 con
1070 3308 1144 3332 una
1168 3308 1256 3333 casa
1281 3297 1326 3332 de
1353 3295 1459 3344 primi
1485 3294 1553 3331 del'
1580 3294 1727 3342 Aquila,
1756 3298 1793 3331 01
1819 3294 1961 3331 stimasi
1981 3293 2059 3330 ch'e

275 3359 398 3397 nimici
420 3358 499 3395 suoi
530 3359 632 3395 siano
654 3357 739 3394 stati
769 3357 877 3406 quelli
904 3357 969 3394 che
989 3356 1135 3393 l'hanno
1161 3359 1297 3401 morto;
1329 3359 1364 3392 et
1393 3366 1484 3391 anco
1510 3355 1563 3391 c'e
1590 3354 1743 3402 qualche
1769 3352 1964 3401 oppinione
1992 3351 2059 3387 che

274 3419 433 3458 habbino
466 3419 600 3455 havuto
633 3417 745 3466 spalle
771 3419 832 3465 qui
860 3417 898 3452 in
928 3417 1058 3455 Roma.
1090 3415 1118 3452 Il
1149 3415 1251 3464 Papa
1277 3415 1313 3451 di
1345 3418 1475 3462 questo
1508 3426 1595 3450 caso
1629 3414 1681 3451 s'e
1707 3413 1833 3450 doluto
1860 3411 1958 3449 assai
1990 3422 2058 3446 con

279 3479 397 3528 questi
419 3478 498 3526 Sig.
522 3477 718 3522 Carslinali,
739 3482 776 3514 et
793 3477 913 3513 hanne
932 3488 997 3524 per
1015 3476 1039 3511 il
1065 3487 1190 3524 parrar
1216 3487 1283 3512 suo
1301 3479 1438 3512 mostro
1460 3475 1661 3523 dispiacere
1682 3485 1755 3510 non
1775 3473 1906 3522 pocho,
1927 3482 2056 3520 paren-
