2202 3926
262 360 327 394 180
862 362 1091 398 ιΙΟΗΑΝΝΙΞ
1126 362 1416 406 BURCHARDI,
1782 363 1914 405 [Juillet
1935 364 2028 402 1494]

259 460 456 509 domum
471 460 663 525 hospitii
683 463 771 521 sui,
791 478 924 511 more
941 463 1104 523 solito;
1126 465 1312 527 fingens
1332 480 1382 510 se
1396 464 1551 526 primo
1567 463 1626 510 ad
1643 464 1822 511 Urbem
1840 465 2020 523 venire,

258 544 337 606 qui
359 548 519 592 tamen
542 545 674 608 prius
695 545 857 593 multis
885 546 1050 593 diebus
1074 546 1121 592 in
1146 546 1263 593 urbe
1285 545 1441 592 fuerat
1472 549 1677 603 secrete,
1703 549 1754 593 ut
1775 545 1876 610 ipse
1900 547 2027 595 exis-

256 629 502 678 timabam.

324 712 548 770 Sabbato,
575 716 633 759 28
647 712 788 774 junii,
806 711 963 774 vigilia
983 711 1310 774 apostolorum
1335 710 1460 758 Petri
1480 715 1527 758 et
1549 711 1699 770 Pauli,
1720 727 1816 759 non
1837 713 2027 760 fuerunt

257 809 455 856 vespere
485 794 699 857 papales,
728 794 812 841 sed
847 794 894 841 in
924 794 1000 842 die
1029 793 1266 857 sequenti,
1302 793 1423 841 festo
1465 794 1746 842 eorumdem
1785 795 2027 858 apostolo-

257 892 386 933 rum,
426 878 591 923 Rmus.
639 878 695 923 D.
733 877 988 925 cardinalis
1033 878 1184 926 sancti
1230 876 1488 924 Clementis
1535 877 1791 926 celebravit
1830 877 2026 925 missam

257 957 524 1006 solemnem
555 958 603 1005 in
635 958 819 1021 capella
847 959 1029 1022 majore
1057 959 1219 1023 palatii
1251 960 1499 1023 apostolici
1531 961 1658 1024 apud
1690 966 1908 1009 sanctum
1938 963 2029 1008 Pe-

257 1043 400 1100 trum,
423 1043 552 1105 Papa
572 1045 815 1105 presente,
841 1045 888 1090 et
909 1058 1003 1090 non
1027 1042 1115 1090 fuit
1134 1058 1312 1091 sermo.

321 1124 501 1172 Eodem
521 1124 616 1183 die,
642 1124 689 1171 in
709 1140 837 1183 sero,
863 1127 1029 1173 Rmus.
1054 1127 1108 1172 D.
1135 1125 1389 1173 cardinalis
1411 1125 1662 1186 AScanius,
1689 1143 1727 1174 s,
1754 1143 1793 1174 r.
1826 1129 1878 1174 Ε.
1900 1126 2028 1176 vice-

260 1207 591 1267 cancellarius,
627 1209 830 1257 recessit
868 1225 925 1257 ex
960 1209 1137 1273 palatio
1172 1208 1438 1273 apostolico
1461 1214 1508 1258 et
1533 1226 1591 1258 ex
1622 1210 1766 1266 Urbe,
1793 1215 1840 1258 et
1870 1210 2031 1259 omnia

255 1289 383 1338 hona
409 1307 495 1339 sua
527 1291 637 1339 fecit
673 1308 731 1340 ex
760 1292 935 1355 palatio
970 1292 1238 1356 apportari;
1274 1292 1499 1355 equitavit
1529 1298 1692 1341 autem
1729 1292 1789 1340 ad
1818 1298 2028 1342 castrum

257 1373 486 1434 Frascati,
513 1390 608 1423 non
627 1374 771 1438 longe
797 1390 824 1422 a
844 1375 1028 1423 Marino
1051 1375 1232 1423 distans
1253 1374 1333 1422 ubi
1355 1374 1528 1424 deinde
1551 1375 1826 1439 aliquandiu
1842 1391 2029 1424 moram

256 1458 397 1505 traxit
422 1476 430 1505 ε
454 1458 670 1506 nescitur
691 1474 834 1521 quam
857 1458 917 1506 oh
941 1473 1154 1506 causam.

322 1544 516 1589 Lune...
539 1545 704 1589 Rmus.
735 1545 791 1589 D.
816 1542 1037 1606 AloySIus
1061 1542 1118 1590 de
1145 1542 1403 1606 Aragonia,
1427 1542 1553 1591 sedis
1575 1543 1837 1607 apostolice
1859 1548 2024 1608 proto-

257 1626 493 1686 notarius,
517 1627 736 1674 marchio
767 1626 1039 1675 Giracensis
1067 1627 1161 1686 die,
1188 1630 1214 1674 6
1238 1628 1350 1675 maii
1372 1627 1590 1691 proxime
1621 1626 1835 1691 preteriti
1859 1627 2026 1676 militie

257 1709 477 1778 clericali·
507 1710 792 1774 adscriptus,
831 1711 906 1773 qui
949 1710 1065 1758 alias
1104 1710 1325 1759 videlicet
1366 1713 1390 1758 3
1419 1711 1541 1774 junii
1574 1712 2027 1758 MCCCCLXXXXII

256 1793 617 1842 matrimonium
662 1810 749 1857 per
790 1794 934 1842 verba
972 1794 1031 1842 de
1073 1795 1282 1858 presenti
1323 1793 1537 1857 legitime
1576 1797 1880 1841 contraxerat
1918 1809 2028 1840 cum

259 1876 455 1924 domina
496 1877 762 1940 Baptistina
802 1876 918 1925 Cibo
961 1881 1137 1941 nepote
1179 1877 1331 1926 felicis
1372 1876 1719 1925 recordationis
1762 1874 2030 1925 Innocentii

254 1974 376 2022 pape
399 1961 502 2008 VIII
525 1959 573 2006 in
596 1964 782 2008 secreto
805 1960 1089 2008 consistorio
1108 1977 1203 2008 non
1227 1960 1456 2021 interfuit,
1480 1976 1530 2008 se
1553 1960 1901 2023 aliquantulum
1923 1977 2028 2023 gra-

252 2046 414 2088 vatum
437 2041 625 2105 fingens
649 2042 734 2102 (1).

317 2125 543 2185 Sabbato,
571 2129 626 2172 12
654 2126 834 2175 mensis
850 2127 973 2190 julii,
998 2128 1119 2176 hora
1143 2128 1372 2192 vigesima
1395 2127 1467 2177 vel
1489 2128 1635 2187 circa,
1661 2130 1743 2177 SS.
1774 2131 1830 2176 D.
1857 2131 2023 2177 noster

254 2208 453 2256 recessit
492 2224 550 2256 ex
581 2209 756 2272 palatio
797 2210 1080 2273 apostolico,
1106 2211 1258 2259 iturus
1288 2212 1610 2270 Vicovarium,
1646 2211 2020 2274 precedentibus

251 2290 409 2354 ipsum
444 2307 585 2339 cruce
620 2308 704 2340 sua
735 2297 782 2341 et
814 2293 1136 2341 cardinalibus
1171 2299 1216 2342 et
1248 2285 1448 2343 sacrista
1485 2297 1593 2358 post
1628 2310 1804 2357 equum
1845 2309 2020 2357 corpus

253 2373 424 2422 Christi
447 2374 713 2423 deferente.
751 2379 948 2424 Paratus
978 2381 1140 2424 autem
1163 2382 1263 2426 erat
1291 2381 1418 2441 Papa
1438 2378 1635 2436 amictu,
1661 2377 1786 2436 alba,
1819 2377 2013 2441 cingulo

252 2461 298 2503 et
329 2456 449 2504 stola
485 2461 532 2505 et
561 2458 744 2522 capello
777 2459 1067 2519 cremesino,
1093 2475 1215 2523 equo
1243 2460 1351 2509 albo
1378 2459 1616 2519 insidens3
1645 2462 1693 2507 et
1721 2463 1909 2522 septem
1939 2458 2019 2507 alii

252 2538 361 2600 equi
384 2539 476 2587 albi
496 2544 542 2588 et
559 2540 689 2588 mula
708 2557 794 2588 sua
811 2541 1110 2591 ducebantur
1127 2546 1234 2606 post
1257 2543 1510 2592 scutiferos
1533 2558 1668 2590 more
1691 2541 1849 2590 solito.
1878 2541 2024 2605 Equi-

255 2621 362 2668 tavit
381 2638 469 2685 per
490 2639 714 2688 campum
741 2624 898 2686 Flore,
922 2626 1130 2690 plateam
1156 2629 1178 2674 J
1186 2627 1436 2687 udeorum,
1462 2632 1572 2675 ante
1604 2626 1860 2675 ecclesiam
1883 2626 2021 2675 beate

247 2705 396 2753 Marie
431 2706 489 2754 de
521 2709 876 2768 Consolatione,
902 2725 989 2773 per
1017 2711 1195 2758 Arcum
1229 2727 1266 2758 s.
1297 2710 1411 2769 Viti,
1447 2715 1580 2759 extra
1606 2714 1797 2774 portam
1830 2726 1868 2758 s.
1904 2713 2022 2758 Lau-

243 2789 401 2836 rentii.
437 2792 762 2840 Interfuerunt
801 2792 967 2841 RRmi.
1000 2795 1101 2842 DD.
1143 2793 1409 2842 cardinales
1451 2793 1810 2858 Neapolitanus,
1843 2793 2019 2841 Montis

235 2872 448 2934 Regalis,
477 2875 693 2935 UrsinUS,
719 2876 1089 2937 Alexandrinus,
1112 2876 1387 2936 GurcensiS,
1412 2893 1449 2924 s.
1478 2876 1687 2939 Georgii,
1712 2876 2012 2933 Valentinus,

241 2953 506 3003 Germanus
543 2963 590 3005 et
625 2961 827 3019 Lunate,
860 2976 1065 3023 quorum
1102 2964 1196 3008 tres
1225 2959 1464 3019 videlicet,
1499 2958 1870 3017 Alexandrinus,
1904 2961 2019 3005 Gur-

239 3040 397 3087 censis
427 3043 472 3088 et
507 3042 690 3089 Lunate
727 3042 776 3089 in
813 3043 969 3106 capite
991 3044 1064 3092 vie
1091 3059 1184 3107 qua
1204 3044 1298 3091 itur
1330 3043 1389 3090 ad
1423 3041 1673 3090 basilicam
1707 3041 1847 3090 beate
1870 3042 2019 3090 Marie

241 3122 438 3185 majoris
461 3123 627 3171 subtus
645 3125 901 3173 eeclesiam
920 3144 959 3174 s.
980 3127 1106 3175 Petri
1123 3127 1183 3176 ad
1200 3126 1403 3176 Vincula
1421 3142 1448 3173 a
1467 3128 1597 3188 Papa
1619 3124 1848 3172 licentiati
1867 3124 2022 3173 redie-

242 3208 352 3252 runt
373 3205 434 3252 ad
457 3205 625 3254 domus
649 3224 776 3267 suas,
803 3210 880 3256 alii
904 3226 987 3258 sex
1016 3210 1288 3273 equitarunt
1309 3222 1418 3257 cum
1441 3207 1670 3271 pontifice
1694 3212 1740 3255 et
1766 3210 1932 3254 Rmus.
1959 3209 2015 3254 D.

239 3287 496 3336 cardinalis
521 3292 748 3339 Senensis
776 3293 992 3356 pervenit
1019 3293 1269 3340 Tiburtum
1297 3297 1406 3340 ante
1432 3291 1732 3355 pontificem.
1760 3293 1888 3354 Papa
1908 3303 2017 3337 cum

290 3470 322 3508 1.
353 3468 445 3521 Voy.
470 3476 563 3510 tome
582 3475 597 3511 1
619 3475 663 3511 de
686 3480 777 3512 cette
798 3475 901 3522 edit„
928 3489 1020 3526 page
1042 3478 1122 3516 487.
