2216 3886
308 304 378 338 558
914 302 1146 338 ιΙΟΗΑΝΝΙΞ
1179 301 1475 343 BURCHARDI,
1854 303 1962 343 [Aont
1985 305 2077 343 1499]

306 404 546 467 pradicta;
584 407 746 450 Rmus.
784 405 840 449 D.
875 402 1128 449 cardinalis
1159 401 1510 449 Alexandrinus
1546 402 1656 450 fecit
1688 402 1922 462 officium,
1953 404 2079 467 quod

307 487 550 551 inceptum
576 485 663 533 fuit
685 485 811 532 circa
835 485 1006 532 horam
1029 500 1133 531 x111.
1162 483 1487 532 Interfuerunt
1508 489 1617 533 octo
1646 485 1930 543 cardinales,
1951 486 2081 535 vide-

307 570 420 618 licet
452 568 811 632 Neapolitanus,
847 583 884 613 S.
917 566 1193 626 Clementis,
1226 584 1264 614 s.
1299 567 1482 626 CruciS,
1519 568 1775 616 Gurcensis
1811 567 2078 632 chiragram

308 654 507 711 habens,
542 651 899 716 Agrigentinus,
932 650 1205 711 Grimanus,
1242 654 1494 715 Capuanus
1525 656 1572 699 et
1603 650 1847 710 Senensis,
1884 667 1940 699 ac
1971 650 2079 699 des-

309 739 449 797 potus
478 737 658 793 Moree,
687 734 856 797 prelati
892 734 1084 782 circiter
1109 751 1221 782 xxv.
1249 737 1361 783 Post
1389 734 1618 794 officium,
1651 735 1957 783 absolverunt
1988 751 2082 782 una

308 832 417 864 cum
446 817 719 866 celebrante
742 818 906 865 RRmi.
933 821 989 866 D.
1016 818 1282 865 cardinales
1305 834 1343 865 s.
1369 818 1647 877 Clementis,
1673 835 1710 866 s.
1737 818 1917 876 Crucis,
1945 817 2080 882 Agri-

308 899 532 963 gentinus
572 904 619 948 et
656 903 924 964 Capuanus.
964 901 1160 950 Funesti
1200 902 1391 949 fuerunt
1429 917 1561 960 XCVJ,
1596 901 1721 950 inter
1756 917 1877 964 quos
1915 900 2081 950 habuit

308 983 515 1046 primum
544 984 704 1032 locum
736 987 790 1032 R.
824 987 876 1032 P.
903 987 959 1032 D.
987 984 1259 1049 Dionysius,
1289 985 1470 1033 electus
1496 985 1902 1044 Lumbaricensis,
1930 1000 2080 1050 nepos

310 1066 562 1114 cardinalis
590 1067 819 1125 defuncti,
845 1068 978 1133 cujus
1004 1068 1219 1132 lugubris
1250 1068 1390 1116 vestis
1418 1068 1632 1116 fimbrias
1665 1072 1791 1116 retro
1820 1068 1961 1116 simul
1981 1067 2081 1117 col-

307 1150 456 1198 lectas
478 1150 679 1213 portavit
700 1156 808 1215 post
833 1167 943 1199 eum
966 1152 1164 1200 servitor
1185 1168 1317 1209 suus,
1343 1151 1483 1199 simili
1504 1156 1637 1200 veste
1659 1153 1872 1201 vestituS.
1900 1155 2082 1200 Secun-

306 1233 418 1281 dum
451 1233 611 1302 locum
645 1237 701 1282 D.
738 1235 999 1283 Gulielmus
1035 1235 1293 1298 Bonginer,
1328 1234 1695 1283 archidiaconus
1733 1234 1997 1284 Stadiensis
2033 1235 2078 1282 in

311 1317 516 1365 ecclesia
544 1318 863 1378 Catalanensi,
887 1319 1153 1367 litterarum
1181 1318 1552 1382 apostolicarum
1574 1318 1892 1378 abbreviator,
1914 1334 2083 1382 procu-

312 1404 439 1448 rator
467 1401 594 1465 regis
627 1401 844 1461 Francie,
870 1402 950 1465 qui
977 1401 1064 1448 sibi
1087 1402 1175 1465 ipsi
1203 1401 1418 1449 fimbrias
1445 1402 1664 1465 portavit.
1691 1405 1804 1450 Post
1831 1418 1914 1451 eos
1937 1401 2081 1450 ceteri

309 1500 496 1532 omnes.
534 1485 680 1532 Missa
712 1485 865 1549 major
898 1485 1023 1533 dicta
1061 1485 1148 1532 fuit
1189 1485 1237 1532 in
1271 1484 1404 1532 altari
1441 1501 1478 1532 s.
1520 1485 1775 1534 Petronille
1813 1485 1862 1533 in
1898 1484 2082 1549 capella

310 1567 557 1631 ejusdem,
592 1568 840 1616 celebrans
876 1569 924 1616 in
964 1584 1022 1616 ea
1053 1569 1207 1616 stabat
1242 1568 1363 1616 facie
1403 1584 1542 1617 muro
1571 1584 1724 1628 versa,
1761 1574 1808 1616 et
1844 1568 2077 1627 humeris,

308 1651 515 1715 populo;
542 1651 645 1699 fieri
673 1651 763 1700 feci
792 1668 819 1699 a
849 1652 1073 1700 columna
1104 1651 1266 1700 altaris
1288 1651 1487 1715 predicti
1520 1651 1566 1698 in
1600 1667 1749 1699 cornu
1777 1651 1976 1715 epistole
1997 1666 2085 1714 per

312 1738 466 1782 totum
488 1750 677 1782 murum
699 1735 823 1783 illius
843 1735 1003 1798 anguli
1026 1750 1173 1782 unum
1193 1734 1387 1798 planum
1409 1733 1720 1797 longitudinis
1740 1734 1879 1782 unius
1901 1733 2080 1792 tabule,

307 1833 417 1865 cum
437 1832 533 1865 uno
556 1818 705 1881 gradu
723 1835 750 1865 a
772 1818 922 1866 latere
945 1817 1106 1866 altaris
1132 1823 1177 1865 et
1202 1833 1365 1866 versus
1388 1817 1635 1865 introitum
1655 1818 1713 1865 ad
1735 1817 1911 1866 dictam
1930 1817 2085 1882 capel-

305 1900 418 1959 lam,
448 1900 577 1963 quod
606 1900 735 1948 idem
764 1906 865 1949 erat
892 1917 1002 1949 cum
1029 1901 1172 1964 plano
1201 1901 1380 1959 altaris,
1406 1901 1647 1964 tapetibus
1677 1905 1878 1950 stratum
1907 1905 1954 1949 et
1976 1917 2086 1949 coo—

305 1987 519 2047 pertum,
539 2000 683 2048 super
704 2001 797 2047 quo
820 1984 974 2033 stabat
997 1984 1311 2033 faldistorium
1331 1985 1639 2045 celebrantis,
1659 1985 1805 2049 quiin
1829 2000 1887 2034 eo
1909 1985 2083 2034 sedens

255 2132 258 2136 =
306 2066 477 2115 faciem
511 2068 691 2132 populo
724 2069 956 2117 vertebat.
992 2068 1248 2116 Credentia
1281 2073 1384 2116 erat
1415 2083 1514 2116 non
1545 2068 1690 2132 longe
1725 2085 1753 2116 a
1781 2068 1910 2117 dicto
1941 2055 2083 2132 plano

305 2150 366 2198 ad
397 2150 673 2199 instantiam
707 2152 1012 2201 celebrantis.
1040 2154 1246 2200 Scamna
1274 2167 1361 2215 pro
1389 2151 1708 2199 cardinalibus
1741 2151 1928 2199 stabant
1960 2151 2086 2198 inter

303 2234 452 2282 altare
478 2239 524 2282 et
546 2239 735 2298 portam
766 2234 986 2283 introitus
1008 2251 1036 2283 a
1063 2251 1213 2282 cornu
1242 2234 1474 2298 evangelii
1501 2251 1587 2298 pro
1620 2234 1858 2299 episcopis
1879 2238 1927 2282 et
1948 2248 2084 2297 pres-

303 2316 496 2381 byteris,
523 2333 549 2364 a
570 2333 721 2365 cornu
744 2317 949 2380 epistole
971 2332 1056 2381 pro
1083 2316 1315 2365 diaconis.
1338 2320 1504 2380 Itaque
1528 2317 1577 2364 in
1599 2318 1669 2366 eis
1691 2317 1918 2366 sedentes
1936 2332 2083 2364 unum

302 2398 424 2446 latus
461 2399 615 2457 altari,
652 2399 781 2446 aliud
813 2405 950 2463 porte
987 2401 1267 2460 vertebant3
1302 2400 1349 2447 in
1385 2400 1540 2449 banco
1580 2401 1894 2449 diaconorum
1927 2399 2084 2448 nullus

303 2486 420 2538 erat,
443 2483 551 2545 quia
572 2482 819 2540 Senensis,
840 2483 918 2546 qui
944 2483 1073 2531 solus
1104 2483 1334 2532 diaconus
1363 2483 1592 2544 interfuit,
1618 2483 1741 2532 sedit
1768 2486 1877 2548 post
1897 2486 1954 2531 D.
1979 2482 2084 2531 Gri-
2117 2518 2119 2520 -

304 2581 518 2623 manum,
549 2566 755 2614 alterum
791 2564 1126 2631 presbyterum
1160 2567 1481 2624 cardinalem,
1517 2582 1825 2615 scamnorum
1857 2581 1944 2630 pro
1974 2581 2085 2630 pre-

302 2647 409 2696 latis
440 2649 530 2697 tria
559 2650 714 2697 filaria
742 2649 931 2699 stabant
958 2655 1086 2699 retro
1116 2667 1369 2699 scamnum
1402 2651 1740 2715 episcoporum
1769 2655 1814 2697 et
1842 2649 2086 2713 presbyte-

304 2747 468 2779 rorum
490 2733 824 2781 cardinalium.
849 2734 978 2783 Inter
998 2735 1199 2799 gradum
1229 2734 1451 2782 ultimum
1477 2739 1524 2783 et
1553 2750 1750 2782 scamna
1771 2731 2082 2781 cardinalium
2154 2766 2159 2770 .

305 2819 406 2862 erat
429 2815 636 2878 spatium
660 2816 860 2864 duarum
883 2832 1145 2864 cannarum
1166 2816 1239 2864 vel
1260 2816 1408 2875 circa3
1436 2831 1686 2864 scamnum
1707 2831 1794 2878 pro
1814 2813 2082 2862 oratoribus

306 2902 407 2946 erat
438 2902 562 2960 post,
595 2902 642 2946 et
676 2899 1022 2961 aliquantulum
1050 2903 1195 2958 retro,
1228 2914 1478 2946 scamnum
1513 2899 1827 2946 diaconorum
1861 2896 2081 2946 cardina-

304 2981 421 3030 lium
446 2986 493 3030 et
510 2982 646 3046 juxta
674 2982 791 3029 illud
816 2982 1049 3045 pulpitum
1078 2985 1338 3041 oratorum,
1364 2981 1445 3044 qui
1471 2982 1519 3029 in
1548 2998 1605 3029 eo
1634 2987 1815 3029 stantes
1835 2980 2081 3029 vertebant

308 3063 481 3112 faciem
517 3064 651 3112 altari
686 3063 746 3111 ad
776 3061 972 3127 planum
1008 3064 1329 3112 fenestrarum
1360 3063 1485 3112 dicte
1524 3065 1723 3128 capelle.
1760 3063 1896 3113 Circa
1926 3062 2082 3129 posita

306 3148 498 3196 fuerunt
532 3146 767 3195 intortitia
798 3160 924 3194 xxxii
957 3146 1059 3210 pari
1093 3146 1335 3204 distantia,
1361 3152 1415 3196 -et
1451 3148 1510 3195 ab
1545 3148 1667 3196 ostio
1700 3148 1922 3196 introitus
1953 3147 2079 3196 dicte

307 3231 489 3295 capelle
511 3231 569 3280 ad
591 3229 765 3278 ostium
788 3230 942 3278 exitus
963 3229 1160 3278 basilice
1183 3230 1231 3277 in
1256 3230 1383 3278 dicto
1411 3231 1519 3279 loco
1542 3231 1599 3278 ad
1622 3231 1838 3279 sinistam
1861 3230 2078 3279 exeuntis

308 3312 563 3362 ecclesiam
592 3313 686 3362 sive
713 3310 988 3373 basilicam3
1020 3314 1066 3361 in
1093 3314 1243 3361 muris
1275 3314 1431 3378 posite
1462 3315 1653 3363 fuerunt
1685 3314 1776 3363 due
1806 3314 1966 3362 trabes
1992 3325 2078 3377 per

306 3396 521 3460 longum,
547 3402 594 3446 et
615 3397 788 3445 tabulis
807 3397 960 3446 aditus
983 3397 1042 3445 ad
1063 3397 1295 3461 capellam
1318 3397 1376 3446 de
1398 3398 1628 3446 Febribus
1651 3398 1842 3446 clausus
1862 3396 1949 3445 fuit
1967 3405 2074 3444 cum
