2216 3886
315 293 385 329 544
925 294 943 330 J
948 293 1108 330 OHANN
1113 294 1154 330 IS
1189 291 1483 338 BURCHARDI,
1891 297 1976 336 [Mai
1999 298 2089 338 1499]

383 393 662 442 Leonardus
684 393 742 441 de
765 393 988 454 Bertinis,

382 478 658 525 Leonardus
677 476 734 524 de
757 477 969 535 Mollina,

383 560 658 615 Leonardus
680 559 738 606 de
755 559 1029 617 'Gabriellis,

382 642 660 691 Leonardus
679 642 738 689 de
763 641 1052 704 Scarampis‚

381 726 559 774 Marius
580 725 638 773 de
661 724 900 782 Tebaldis,

377 808 555 856 Marius
577 808 636 855 de
658 807 918 870 Magistris,

377 896 565 941 Marcus
588 895 940 950 Bonaventura,

377 976 584 1024 Michael
605 976 816 1039 Angelus
837 976 896 1024 de
920 976 1083 1035 Saxis,

377 1060 598 1108 Nicolaus
621 1059 678 1108 de
700 1060 977 1119 Ponstonla,

378 1144 599 1192 Nicolaus
621 1145 679 1192 de
699 1146 958 1201 Casanova‚

379 1228 555 1276 Paulus
577 1228 725 1287 Tuba‚

379 1312 628 1376 Philippus
651 1312 709 1361 (16
733 1314 1050 1370 pontecurvo,

378 1395 552 1443 Paulus
570 1396 630 1444 de
650 1398 797 1454 Sono,

378 1481 546 1527 Petrus
567 1481 785 1538 Gormaz⁷
807 1479 1063 1543 episcopus
1084 1479 1381 1538 Narniensis,

379 1564 547 1611 Petrus
571 1565 769 1627 Borges,

378 1645 547 1692 Petrus
570 1644 628 1692 de
648 1643 1072 1703 Piccolominibus,

377 1730 548 1776 Petrus
570 1728 628 1776 (16
650 1731 766 1787 Ben,

376 1811 552 1859 Paulus
570 1811 932 1871 Thomarosius,
958 1812 1219 1860 canonicus
1237 1829 1276 1859 s.
1306 1813 1450 1872 Petri,

312 1893 314 1895 ’
378 1894 651 1958 Prigentius
673 1894 870 1954 Natalis,

378 1979 548 2027 Petrus
569 1979 706 2029 Valle
730 1978 871 2038 Oleti,

382 2064 551 2111 Petrus
571 2063 758 2124 Collini,

382 2147 549 2195 Petrus
571 2147 746 2195 Paulus
766 2147 995 2206 Millinus,

379 2230 642 2279 Rodericus
662 2231 876 2289 Vallem,

376 2316 428 2362 P.
455 2314 598 2374 Solis,

375 2396 589 2461 Raphael
611 2396 670 2444 de
693 2395 920 2454 Ulternis,

376 2480 668 2530 Gaturninus
692 2479 899 2538 Gerona,

372 2564 583 2629 Raphael
608 2564 667 2612 de
690 2566 832 2623 Ceva,
856 2563 1112 2628 episcopus
1137 2565 1370 2624 Astensis,

373 2649 583 2697 Thomas
605 2632 768 2711 Regis,

376 2732 541 2780 Simon
558 2732 775 2791 Pontius,

374 2816 546 2863 Sextus
569 2814 627 2862 de
649 2814 861 2873 Millinis,

374 2899 590 2947 Ventura
610 2898 668 2946 de
688 2897 976 2945 Benassaiis.

373 2983 686 3044 Computator
701 2984 1066 3043 procuratorum
1083 2979 1423 3043 penitentiarie
1444 2996 1542 3029 non
1561 2980 1691 3029 dedit
1706 2979 1926 3028 cedulam
1945 2982 2083 3027 Rmo.

309 3067 366 3113 D.
392 3066 659 3114 camerario
683 3067 823 3130 juxta
852 3066 1131 3116 mandatum
1160 3063 1250 3110 sibi
1278 3064 1475 3124 factum,
1507 3079 1663 3127 neque
1691 3062 1965 3127 capellanus
1987 3063 2088 3111 col-

307 3146 542 3196 lectorum
579 3148 782 3212 plumbi,
822 3149 907 3197 sed
942 3148 1070 3197 idem
1112 3146 1388 3211 capellanus
1425 3147 1556 3196 dedit
1593 3147 1642 3195 in
1681 3162 1822 3195 mane
1860 3146 1967 3195 festi
2007 3162 2088 3194 su-

307 3231 511 3295 pradicti
549 3231 769 3280 cedulam
809 3231 1087 3297 hujusmodi
1129 3231 1439 3295 gubernatori
1486 3230 1649 3290 Urbis,
1690 3245 1800 3278 cum
1837 3228 2083 3294 processio

308 3314 628 3375 ordinaretur,
662 3320 710 3364 et
745 3320 915 3364 neuter
948 3331 1114 3365 eorum
1148 3314 1236 3363 fuit
1271 3319 1529 3380 propterea
1565 3314 1780 3378 punituS,
1812 3328 1969 3377 neque
2002 3311 2081 3360 alii

308 3396 640 3447 inobedientes
660 3399 811 3463 puniti
835 3403 960 3448 sunt.
