2202 3926
129 340 236 380 [Mars
259 339 352 380 1493]
545 316 548 319 ’
575 339 746 378 RERUM
779 339 1085 378 URBANARUM
1117 339 1470 381 COMMENTARII.
1871 347 1933 384 59-

196 443 449 495 Dominica
467 442 754 508 palmarum,
781 445 859 502 31,
886 444 970 491 SS.
995 445 1053 491 D.
1079 444 1135 492 N.
1161 448 1357 508 paratus
1375 460 1512 494 more
1529 447 1689 507 solit0,
1712 448 1841 496 venit
1859 450 1918 497 ad

129 529 366 595 capellam
395 529 651 593 majorem,
682 526 764 577 ubi
794 526 1042 577 benedixit
1067 527 1253 592 palmas
1280 527 1463 579 ibidem
1488 546 1544 579 ac
1577 546 1739 579 ramos
1770 531 1918 579 oliva-

129 631 237 665 rum
275 617 470 680 paratos
516 612 737 661 similiter
775 616 825 661 et
862 611 1047 676 palmas
1088 628 1207 676 quas
1250 613 1456 678 populus
1505 619 1643 664 extra
1682 615 1918 679 capellam

130 700 348 759 tenebat3
384 697 567 762 recepit
594 696 768 746 deinde
797 695 902 746 sine
929 696 1073 745 mitra
1097 697 1273 746 sedens
1295 713 1323 747 a
1344 698 1579 748 cardinali
1600 698 1917 764 Neapolitano

130 783 401 834 successive
420 786 520 831 tres
540 781 743 847 palmas.
769 782 908 840 Tum,
937 785 1136 845 recepta
1154 781 1299 831 mitra
1326 786 1374 831 et
1396 783 1616 847 gremiali
1634 783 1733 831 31111
1760 783 1918 847 impo-

130 869 241 928 sito,
266 866 524 925 distribuit,
548 881 684 914 more
707 865 850 914 solito
881 866 1160 915 cantoribus
1191 867 1464 916 dicentibus
1491 885 1500 917 :
1525 869 1680 918 Pueri
1704 868 1918 917 Hebreo-

130 968 237 1001 rum
273 959 358 1000 etc.
401 950 592 999 Palmas
628 949 747 997 duas
793 964 995 1012 magnas
1030 965 1156 1013 pape
1201 955 1464 1001 tenuerunt
1504 968 1670 1001 comes
1710 953 1918 1002 Pitiliani

132 1036 412 1101 capitaneus
446 1032 660 1082 Ecclesie
693 1047 722 1080 a
757 1031 939 1080 dextris
975 1036 1023 1080 et
1056 1032 1154 1081 dux
1187 1035 1306 1082 Sore
1344 1050 1372 1082 a
1399 1035 1606 1084 sinistris
1635 1051 1758 1100 pape
1793 1055 1803 1084 ε
1838 1037 1918 1100 qui

128 1122 420 1185 receperunt
451 1118 638 1183 palmas
675 1132 806 1177 31163,
847 1121 957 1182 post
996 1116 1257 1182 dispotum,
1290 1125 1402 1170 ante
1430 1122 1643 1185 prelatos
1665 1121 1915 1172 633131603.

127 1209 184 1255 D.
227 1202 492 1253 Rodericus
528 1201 705 1265 Borgia
744 1200 1027 1265 capitaneus
1060 1202 1241 1266 palatii,
1279 1220 1339 1252 ex
1373 1204 1571 1269 speciali
1613 1205 1917 1255 ordinatione

126 1303 268 1354 pape,
303 1285 489 1351 recepit
520 1285 706 1351 palmas
739 1285 789 1333 in
822 1284 919 1334 fine
951 1290 1063 1350 post
1096 1302 1286 1348 omneS,
1324 1288 1470 1337 etiam
1503 1294 1613 1354 post
1652 1289 1918 1340 servientes

129 1387 392 1430 armorum,
425 1374 472 1419 et
498 1373 608 1434 post
635 1385 748 1418 eum
780 1369 943 1433 plures
976 1369 1057 1418 alii
1090 1372 1439 1436 consanguinei
1464 1389 1588 1438 pape
1622 1378 1670 1422 et
1705 1373 1914 1438 hispani,

127 1472 216 1522 pro
242 1453 416 1521 quibus
438 1457 567 1518 Papa
587 1453 824 1502 reservari
847 1452 963 1502 fecit
982 1454 1168 1519 palmas
1189 1473 1258 1517 v1,
1281 1473 1369 1522 pro
1392 1458 1635 1523 capitano,
1660 1462 1708 1507 et
1731 1458 1918 1506 duobus

127 1543 286 1607 ipsum
309 1538 625 1604 sequentibus
651 1537 837 1603 palmas
863 1538 1211 1600 cardinalares,
1247 1541 1354 1590 aliis
1376 1542 1591 1591 minores
1613 1542 1674 1591 ad
1698 1543 1919 1592 volunta-

128 1633 227 1677 tem
257 1641 396 1675 suam
429 1643 441 1675 t
475 1640 647 1675 omnes
676 1624 849 1688 prelati
881 1625 1028 1675 etiam
1058 1626 1409 1690 penitentiarii,
1449 1631 1495 1676 et
1531 1632 1752 1677 oratores
1785 1628 1920 1692 prin-

128 1713 289 1777 cipum
314 1710 426 1760 laici
454 1714 502 1759 et
528 1725 627 1758 non
656 1709 829 1774 prelati
855 1708 1132 1759 habuerunt
1159 1710 1364 1775 palmas,
1395 1714 1558 1760 tamen
1590 1711 1918 1776 penitentiarii

129 1793 305 1844 ceteris
323 1794 562 1853 minores;
587 1791 673 1841 alii
689 1808 860 1842 omnes
882 1809 1043 1842 ramos
1065 1794 1318 1844 olivarum.
1346 1797 1518 1844 Parate
1540 1800 1705 1845 autem
1725 1796 1917 1845 111611101

128 1878 287 1943 palme
320 1892 526 1926 numero
559 1892 704 1925 CLxx1
737 1878 810 1925 vel
840 1877 988 1936 circa,
1022 1878 1082 1926 de
1115 1879 1288 1942 quibus
1322 1880 1666 1944 superfuerunt
1697 1881 1827 1930 circa
1855 1896 1919 1928 x11

129 1961 254 2027 quas
269 1964 398 2026 Papa
413 1961 529 2010 fecit
548 1961 598 2008 in
620 1976 836 2009 cameras
859 1977 969 2009 suas
991 1961 1216 2010 distribui
1238 1978 1326 2027 pro
1350 1964 1719 2013 conservatione
1738 1965 1798 2013 ab
1820 1965 1917 2013 ictu

130 2046 352 2104 tonitrui3
390 2045 582 2094 fuerant
612 2049 775 2093 autem
803 2044 1074 2108 palmarum
1108 2045 1387 2109 hujusmodi
1421 2047 1573 2095 multe
1603 2047 1802 2095 floribus
1837 2064 1917 2096 or-

128 2134 258 2190 nate,
282 2129 412 2194 quod
432 2143 524 2193 ego
546 2129 596 2176 in
619 2127 960 2177 benedictione
989 2144 1155 2176 earum
1178 2128 1362 2188 videns,
1388 2129 1480 2179 feci
1510 2130 1654 2178 ssores
1679 2130 1739 2178 ab
1764 2133 1918 2180 omni-

126 2215 217 2263 bus
239 2213 435 2278 deponi,
458 2212 666 2277 demptis
688 2217 877 2261 tantum
899 2211 1084 2260 duabus
1107 2212 1297 2277 magnis
1321 2216 1369 2262 et
1389 2229 1536 2278 parva
1554 2229 1643 2278 pro
1663 2214 1913 2278 pontifice,

129 2299 177 2347 in
207 2298 381 2362 quibus
412 2296 599 2346 dimissi
629 2296 842 2346 fuerunt.
877 2300 1045 2345 RmuS.
1079 2299 1137 2345 D.
1172 2296 1431 2345 cardinalis
1463 2298 1720 2346 Januensis
1749 2299 1918 2348 habuit

127 2383 252 2431 ultra
279 2397 410 2442 suas,
442 2381 560 2429 duas
588 2381 792 2446 palmas,
822 2396 911 2445 pro
939 2380 1186 2429 cardinale
1215 2397 1254 2428 s.
1287 2380 1416 2429 Petri
1448 2381 1508 2429 ad
1537 2381 1761 2441 Vincula,
1795 2397 1919 2446 papa

128 2468 188 2515 ab
209 2483 267 2516 eo
288 2467 619 2531 interrogante
642 2466 680 2513 si
703 2481 786 2515 eas
807 2465 1024 2529 recipere
1048 2465 1210 2513 vellet.
1236 2464 1503 2513 Cardinalis
1524 2467 1913 2524 Beneventanus,

128 2556 325 2616 recepta
345 2567 433 2599 sua
451 2551 629 2616 palma,
663 2550 806 2599 rediit
827 2550 888 2599 ad
907 2550 1075 2598 locum'
1095 2565 1235 2598 suum
1263 2565 1352 2613 per
1371 2549 1774 2599 inadvertantiam
1801 2565 1917 2598 nos-

129 2640 269 2695 tram,
313 2635 489 2685 deinde
528 2650 697 2699 parum
735 2638 845 2698 post
884 2633 946 2682 ad
981 2633 1322 2693 faldistorium,
1366 2634 1446 2682 ubi
1487 2634 1687 2682 dimissa
1725 2634 1917 2698 planeta

129 2719 313 2782 recepit
333 2734 555 2784 cappam,
581 2718 811 2778 sandalia,
838 2721 885 2766 et
904 2721 1188 2781 paramenta
1208 2733 1345 2766 more
1368 2718 1527 2766 solito.

195 2805 309 2851 Post
335 2794 727 2852 distributionem
757 2802 1267 2867 palmarum,fsenator
1294 2800 1436 2850 Urbis
1457 2800 1791 2865 deditssaquam
1813 2815 1917 2848 106-

126 2888 270 2937 0111113
289 2902 432 2951 pape,
462 2886 704 2935 cardinale
731 2887 1050 2951 Neapolitano
1072 2887 1231 2950 ipsum
1260 2885 1533 2950 adjuvante,
1562 2887 1692 2949 Papa
1711 2898 1913 2948 proces-

128 2971 377 3020 sionaliter
404 2970 466 3019 ad
494 2971 657 3019 locum
687 2971 768 3018 ubi
798 2986 932 3020 rame
963 2970 1196 3019 olivarum
1226 2970 1406 3034 populo
1440 2968 1742 3034 projiciende
1778 2972 1916 3017 erant

128 3059 272 3103 eunte
306 3059 355 3103 et
383 3054 559 3103 deinde
583 3056 846 3113 redeunte;
872 3057 928 3103 D.
962 3054 1324 3119 protonotarius
1355 3054 1414 3102 de
1450 3055 1736 3102 Sermoneta
1767 3051 1914 3100 assis-

126 3141 231 3185 tens
259 3153 382 3202 pape
409 3139 615 3202 portavit
642 3138 858 3186 fimbrias
888 3139 1184 3202 posteriores
1208 3141 1361 3202 Pape,
1393 3153 1471 3185 me
1496 3137 1586 3184 sibi
1607 3136 1772 3195 dante,
1797 3136 1911 3200 quia

130 3218 314 3267 nullum
343 3220 522 3270 laicum
558 3221 619 3270 ad
653 3221 748 3271 1106
768 3237 1051 3271 vocaveram
1068 3238 1156 3286 per
1178 3222 1596 3270 inadvertentiam.
1621 3220 1727 3268 Alia
1750 3219 1913 3267 omnia

129 3301 380 3351 observata
400 3309 508 3352 sunt
528 3320 664 3355 more
685 3311 938 3355 consueto,

196 3387 297 3432 Hoc
323 3400 483 3444 mane,
508 3390 636 3451 Papa
661 3404 856 3437 camera
881 3404 968 3437 sua
993 3393 1218 3448 exeunte,
1252 3387 1547 3452 presentavit
1576 3403 1626 3435 se
1657 3384 1909 3434 Sanctitati

132 3482 217 3515 sue
243 3469 299 3515 D.
336 3469 616 3516 Laurentius
644 3470 703 3518 de
738 3471 897 3531 Bibra,
929 3472 1191 3520 canonicus
1218 3470 1529 3534 Moguntinus
1555 3472 1609 3517 R.
1643 3471 1699 3516 D.
1725 3466 1912 3516 archie-
