2222 3926
117 321 328 364 [Juin1496]
558 322 727 360 RERUM
758 320 1063 359 URBANARUM
1095 320 1444 359 COMMENTARH.
1824 325 1894 361 289

119 423 248 473 inter
263 428 490 488 utrosque
506 424 554 472 id
571 408 1172 482 observandum,videlicet
1187 424 1317 487 quod
1337 423 1555 472 advocati
1577 427 1625 472 et
1646 426 1892 474 secretarii

122 506 220 555 bini
243 513 291 555 et
306 507 405 555 bini
426 507 722 564 incederent,
754 506 977 554 videlicet
1007 506 1294 555 secretarius
1315 522 1427 555 cum
1449 506 1637 555 seniore
1657 506 1893 556 advocato

122 595 168 638 et
202 606 262 638 ex
294 590 363 639 eis
403 591 482 638 ille
526 606 554 638 a
582 590 761 638 dextris
791 590 872 654 qui
912 589 1043 654 prior
1078 594 1207 639 esset
1239 590 1287 637 in
1328 605 1414 638 suo
1449 590 1609 639 officio
1650 594 1889 654 receptus,

119 678 229 737 post
251 688 334 721 eos
375 674 453 721 alii
480 674 713 733 seniores,
754 678 851 722 tum
875 673 953 721 alii
978 688 1063 720 suo
1095 672 1288 731 ordine,
1314 659 1363 721 id
1392 673 1539 722 etiam
1561 674 1619 722 de
1650 673 1893 737 magistris

116 756 435 820 registrorum
481 756 703 805 videlicet
748 757 910 805 senior
959 757 1188 820 magister
1242 757 1430 821 registri
1485 757 1724 806 bullarum
1782 773 1893 806 cum

119 840 310 888 seniore
346 840 579 904 magistro
614 840 804 904 registri
833 840 1256 904 supplicationum,
1288 845 1336 890 et
1364 857 1392 889 a
1415 841 1594 889 dextris
1620 841 1700 890 ille
1739 857 1798 890 ex
1824 841 1893 890 eis

118 923 198 985 qui
228 928 357 972 esset
387 925 435 972 in
466 939 553 972 suo
588 924 748 972 officio
784 924 917 986 prior
954 929 1198 987 receptus;
1234 929 1335 972 tum
1372 925 1450 973 alii
1485 924 1579 973 duo
1613 929 1890 988 sequenteS,

119 1005 229 1054 inde
252 1007 349 1055 alii.

184 1093 242 1138 Et
262 1091 341 1138 hic
366 1091 483 1138 ordo
511 1090 595 1138 fuit
618 1090 676 1138 de
699 1090 926 1139 mandato
945 1092 1070 1138 Rmi.
1097 1094 1153 1139 D.
1173 1091 1430 1140 cardinalis
1452 1092 1703 1141 camerarii
1730 1093 1894 1142 obser-

123 1178 280 1221 vatus.
315 1173 741 1222 Rescribendarius
774 1174 863 1222 suit
898 1174 1023 1222 inter
1055 1175 1316 1238 scriptores
1349 1175 1399 1222 in
1428 1175 1571 1238 plano
1608 1180 1656 1225 et
1686 1176 1894 1240 digniori

118 1258 228 1305 loco
251 1263 298 1305 et
321 1273 418 1305 non
439 1273 550 1306 cum
571 1256 982 1306 abbreviatoribus
1010 1259 1068 1306 de
1089 1273 1235 1322 parco
1260 1259 1453 1322 majori,
1483 1258 1626 1322 idque
1657 1259 1895 1323 superiori

115 1357 242 1390 anno
281 1341 370 1389 suit
413 1342 721 1390 observatum
759 1355 847 1405 pro
881 1356 939 1390 eo
987 1341 1116 1404 quod
1150 1341 1241 1404 ipsi
1284 1341 1641 1391 abbreviatores
1677 1342 1894 1392 dicerent

113 1425 275 1473 locum
315 1425 440 1473 inter
472 1439 556 1473 eos
588 1439 686 1472 non
722 1425 887 1473 deberi
925 1424 1031 1482 sibi,
1069 1440 1127 1473 ex
1160 1439 1217 1472 eo
1251 1424 1382 1488 quod
1410 1440 1506 1472 non
1538 1429 1668 1474 esset
1694 1441 1782 1489 per
1810 1441 1894 1474 eos

118 1508 531 1557 rescribendarius
573 1508 755 1557 electus
795 1508 868 1557 vel
913 1508 1206 1568 nominatus,
1243 1508 1382 1572 juxta
1419 1513 1560 1572 pacta
1598 1508 1724 1557 inter
1763 1509 1895 1572 ipsos

116 1592 293 1641 habita.
324 1594 375 1640 ln
398 1592 494 1641 fine
521 1593 686 1652 misse,
712 1595 841 1657 Papa
864 1591 999 1640 dedis
1021 1591 1261 1655 plenarias
1297 1592 1622 1656 indulgentias
1643 1609 1762 1656 quas
1782 1608 1895 1657 pro-

117 1676 357 1725 nunciavit
378 1676 635 1724 cardinalis
672 1675 929 1724 Perusinus
952 1675 1280 1723 celebraturus
1306 1691 1315 1722 :
1339 1674 1431 1722 alia
1458 1674 1623 1724 omnia
1643 1675 1896 1724 observata

104 1763 227 1830 'sunt
251 1775 386 1808 more
408 1760 566 1808 solit0.

183 1844 286 1891 Non
313 1843 535 1891 adnotavi
564 1843 645 1906 qui
674 1842 907 1891 officiales
937 1843 1115 1891 fuerint
1136 1843 1362 1891 absentes
1391 1842 1465 1890 vel
1484 1847 1755 1906 presentes,
1785 1843 1897 1906 quia

119 1926 356 1990 capellani
398 1930 446 1974 et
481 1925 733 1985 officiales,
772 1926 979 1990 demptis
1020 1925 1426 1986 sollicitatoribus,
1453 1941 1551 1974 non
1591 1925 1896 1989 assignarunt

99 2013 254 2059 Rmo.
297 2013 354 2058 D.
398 2009 664 2058 camerario
700 2009 929 2057 cardinali
952 2025 1120 2058 eorum
1157 2010 1371 2068 nomina,
1408 2014 1550 2073 prout
1585 2009 1702 2072 ipsis
1741 2008 1896 2057 fuerat

116 2093 415 2142 mandatum.

176 2175 315 2223 Feria
336 2178 522 2238 quarta,
554 2179 609 2223 15
632 2177 775 2241 Junii,
798 2178 973 2225 festum
996 2176 1414 2225 sanctissimorum
1440 2179 1706 2241 martyrum
1726 2175 1824 2225 Viti
1847 2180 1894 2224 et

112 2257 333 2317 Modesti,
359 2260 414 2305 R.
439 2258 487 2306 in
517 2259 708 2309 Christo
735 2263 787 2307 P.
815 2262 872 2307 D.
905 2260 1162 2323 episcopus
1187 2259 1610 2324 Balneoregiensis
1633 2259 1894 2308 celebravit

113 2341 312 2389 missam
343 2341 614 2391 solemnem
642 2343 690 2391 in
725 2343 932 2392 ecclesia
964 2343 1205 2391 dictorum
1241 2348 1535 2405 sanctorum,
1570 2344 1708 2392 titulo
1737 2344 1893 2392 cardi-

112 2427 302 2476 nalatus
324 2428 450 2476 Rmi.
476 2430 532 2476 D.
557 2428 766 2486 Ascanii,
796 2426 1180 2476 vicecancellarii
1211 2443 1221 2475 ε
1247 2428 1364 2476 dixit
1388 2427 1551 2476 Gloria
1584 2430 1633 2476 in
1653 2430 1887 2489 Excelsis,

118 2510 284 2571 Credo,
308 2527 455 2559 unam
474 2511 741 2560 orationem
765 2514 974 2570 tantum;
997 2516 1044 2559 et
1059 2511 1223 2560 omnia
1240 2511 1332 2559 alia
1353 2511 1605 2560 observata
1625 2517 1734 2561 sunt
1755 2528 1891 2561 more

115 2593 272 2642 solito.
290 2595 475 2643 Eodem
495 2595 704 2643 Ascanio
726 2600 772 2643 et
787 2594 1066 2657 quindecim
1087 2594 1192 2642 aliis
1215 2595 1539 2643 cardinalibus
1561 2597 1887 2659 presentibus,

113 2677 335 2726 videlicet
355 2679 687 2743 Neapolitano,
704 2679 971 2736 Parmensi,
1000 2680 1356 2737 Beneventano,
1373 2694 1417 2726 s.
1439 2678 1683 2738 Praxedis,
1710 2694 1749 2726 s.
1775 2678 1890 2727 Dio-

115 2761 256 2826 nysii,
285 2762 630 2822 Alexandrino,
661 2778 699 2809 s.
726 2762 909 2821 Crucis,
940 2761 1295 2826 Segobricensi,
1321 2762 1573 2822 Perusino,
1602 2762 1887 2822 camerario,

109 2844 388 2904 Valentino,
425 2845 674 2905 Cesarino,
711 2846 958 2906 Grimano,
1005 2846 1233 2894 Farnesio
1261 2850 1310 2893 et
1346 2845 1405 2893 de
1457 2840 1639 2893 Lunate
1683 2860 1889 2908 quorum

109 2929 310 2992 quilibet
330 2929 380 2976 in
410 2929 506 2978 fine
541 2929 687 2978 misse
727 2929 857 2978 dedit
884 2929 1207 2993 indulgentias
1241 2933 1436 2978 centum
1464 2928 1654 2977 dierum
1684 2929 1891 2978 interes-

111 3012 347 3073 sentibus,
369 3028 487 3076 quas
509 3013 769 3077 publicavit
789 3013 1057 3062 celebrans.

176 3083 315 3143 Fe'ria
337 3100 488 3155 sexta,
518 3100 572 3143 17
590 3096 732 3161 junii,
758 3097 888 3145 circa
912 3097 1084 3145 horam
1107 3099 1186 3157 22,
1213 3097 1342 3146 venit
1369 3095 1430 3145 ad
1457 3095 1636 3145 Urbem
1662 3111 1891 3145 veneran-

112 3178 201 3225 dus
224 3179 281 3225 D.
301 3178 538 3226 Robertus
559 3180 943 3229 Scherbonensis
958 3181 1328 3229 archidiaconus
1346 3180 1711 3244 Bochinganne,
1735 3195 1891 3228 secre-

117 3261 262 3309 tarius
295 3276 306 3308 ε
341 3260 647 3309 illustrissimi
670 3264 863 3311 Henrici
892 3265 1160 3328 Anglorum
1197 3264 1342 3327 regiS,
1378 3267 1540 3310 orator
1576 3263 1796 3326 ejusdem
1831 3263 1891 3311 ad

115 3345 198 3393 SS.
225 3345 282 3392 D.
310 3345 526 3392 nostrum
548 3342 830 3406 destinatus,
848 3347 930 3409 qui
951 3347 1041 3395 fuit
1064 3348 1123 3395 ad
1141 3346 1420 3411 instantiam
1444 3345 1568 3393 Rmi.
1594 3347 1651 3392 D.
1674 3346 1888 3394 cardina-

112 3425 171 3474 lis
191 3427 438 3485 Senensis,
458 3427 743 3490 protectoris
764 3428 890 3477 illius
906 3430 1058 3493 regni,
1080 3446 1106 3478 a
1127 3430 1319 3478 familiis
1342 3427 1654 3476 cardinalium
1674 3429 1887 3477 omnium

307 3539 338 3563 τ.
363 3539 398 3564 11.
1664 3527 1704 3562 19
