2216 3886
285 296 352 331 4154
886 295 1118 331 JOHANNIS
1152 293 1446 338 BURCHARDI,
1859 296 1941 335 [Mai
1964 298 2056 336 1498]

287 412 412 454 111115,
456 412 538 459 spe
582 400 746 443 nostra
785 397 998 444 frustrati
1039 412 1222 443 sumus.
1260 398 1380 443 Nam
1412 393 1526 440 licet
1557 409 1642 456 per
1672 394 1834 442 literas
1869 402 2056 446 nostras

285 479 443 543 ipsum
465 478 513 526 111
539 478 710 527 virtute
733 483 895 526 sancte
919 478 1191 526 obedientie
1213 476 1544 524 monuerimus
1574 480 1625 524 ut
1648 475 1708 523 ad
1740 492 1828 524 nos
1853 478 2052 536 veniret,

286 560 533 610 veritatem
568 561 626 609 ab
667 576 724 609 eo
765 565 811 609 et
848 562 906 608 ab
946 576 1028 608 ore
1069 574 1155 607 5110
1195 558 1542 617 111101100111105,
1572 562 1734 607 tamen
1773 575 1871 607 non
1903 560 2055 608 solum

282 644 443 692 venire
472 647 519 691 et
546 643 682 690 nobis
706 643 902 691 obedire
932 642 1186 700 recusavit,
1210 657 1376 690 verum
1405 642 1551 689 etiam
1581 642 1630 689 in
1659 642 1761 690 dies
1789 642 1892 706 ipse
1921 658 2057 692 acer-

285 727 469 775 biorem
505 726 656 789 magis
691 725 869 774 doloris
903 725 1042 773 nobis
1082 741 1277 773 causam
1318 725 1710 784 subministravit,
1748 726 2057 790 impudenter

284 808 498 858 fidelium
522 809 671 858 oculis
688 809 894 872 legenda
910 809 1154 872 ingerens,
1180 826 1272 873 que
1295 810 1396 858 sola
1418 810 1534 858 alias
1556 810 1717 858 audita
1737 814 1921 859 temere
1943 827 2056 874 pro-

284 896 470 943 fuderat
513 893 794 942 inhibenda.
831 896 897 940 Ea
934 898 1153 957 propter,
1193 893 1384 956 quando
1427 910 1515 942 1105
1563 893 1807 942 reddende
1847 893 2060 942 Ecclesie

288 979 509 1027 universe
537 977 669 1042 pacis
697 977 865 1041 grandi
893 992 949 1024 ac
977 976 1219 1025 laborioso
1249 992 1394 1039 opere
1417 976 1740 1036 detineamur,
1761 976 1887 1025 hanc
1907 977 2061 1041 ipsam

289 1079 485 1111 causam
511 1061 620 1110 satri
650 1060 932 1109 Sebastiano
961 1060 1019 1108 de
1048 1059 1217 1108 Madiis
1244 1061 1302 1108 de
1336 1060 1494 1109 Brixia
1517 1061 1904 1126 congregationis
1926 1063 2065 1109 Lom-

289 1146 454 1194 bardie
483 1145 664 1193 ordinis
697 1144 1053 1208 predicatorum
1087 1144 1300 1207 generali
1333 1144 1508 1193 vicarIO
1540 1145 1916 1203 decernendam,
1942 1144 2066 1208 judi-

287 1229 491 1277 candam
516 1228 903 1293 puniendamque
933 1227 1201 1275 secundum
1225 1227 1367 1275 vestri
1396 1227 1576 1275 ordinis
1610 1232 1787 1275 statuta
1819 1225 2065 1274 commisi-

288 1329 412 1371 mus,
442 1328 530 1376 per
560 1311 724 1360 literas
754 1316 943 1359 nostras
970 1310 1100 1359 brevi
1131 1310 1425 1375 Hieronymo
1459 1310 1745 1359 Savonarole
1773 1310 1990 1374 predicto
2017 1309 2065 1356 in

286 1395 459 1444 virtute
500 1399 664 1444 sancte
706 1395 980 1444 obedientie
1025 1394 1112 1442 sub
1151 1393 1663 1442 excommunicationis
1695 1394 1791 1442 late
1827 1393 2064 1442 sententie

286 1494 411 1542 pena
454 1478 616 1527 stricte
663 1478 974 1542 precipiendo
1014 1477 1300 1525 mandantes
1341 1482 1391 1525 ut
1429 1477 1654 1525 vicarium
1694 1476 1964 1540 predictum
2004 1476 2065 1524 ad

288 1562 676 1626 cognoscendam
714 1561 991 1625 hujusmodi
1035 1577 1230 1608 causam
1271 1577 1299 1609 a
1336 1560 1475 1609 nobis
1508 1560 1725 1625 judicem
1762 1561 2059 1624 deputatum,

286 1647 505 1708 prompta
526 1648 573 1692 et
596 1644 785 1692 sincera
806 1643 1080 1692 obedientia
1101 1648 1433 1707 recognoscat,
1456 1644 1581 1691 illius
1603 1643 1840 1692 mandatis
1862 1643 2063 1692 ubilibet

288 1728 502 1791 gentium
540 1744 589 1775 se
626 1727 858 1786 citaverit,
887 1727 1018 1774 omni
1052 1727 1329 1775 evocatione
1364 1732 1410 1775 et
1443 1724 1762 1791 appellatione
1797 1726 2064 1790 postposita

288 1811 547 1874 pariturus.
581 1813 769 1858 Interea
806 1826 943 1870 vero,
978 1810 1092 1858 dum
1124 1811 1216 1860 1100
1253 1827 1399 1859 causa
1433 1825 1595 1859 coram
1629 1805 1846 1874 predicto
1884 1809 2063 1857 vicario

288 1893 587 1951 discutietur,
606 1895 664 1943 ab
683 1894 812 1942 omni
833 1894 1134 1943 declamandi
1152 1895 1199 1943 111
1222 1896 1399 1960 populo
1419 1900 1463 1945 et
1483 1896 1672 1960 publice
1690 1894 1882 1960 legendi
1901 1893 2063 1942 officio

289 1993 376 2040 per
404 1981 653 2041 presentes
677 1978 841 2026 literas
863 1978 1131 2042 predictum
1160 1979 1507 2045 Hieronymum
1539 1972 1828 2044 suspensum
1858 1993 1964 2028 esse
1986 1977 2067 2025 de-

290 2061 548 2109 cernimus.
574 2064 799 2110 Ceterum
825 2077 882 2111 ne
914 2062 1138 2126 cuiquam
1171 2079 1229 2111 ex
1254 2063 1481 2112 fratribus
1510 2064 1678 2113 vestris
1706 2064 1814 2112 talis
1844 2061 2066 2125 exemplo

291 2145 510 2208 ejusdem
545 2145 825 2210 Hieronymi
854 2146 1074 2194 libertate
1107 2146 1301 2210 propria
1330 2147 1572 2207 delectati,
1607 2147 1797 2196 errandi
1832 2146 1904 2194 vel
1937 2145 2069 2193 deci-

290 2226 453 2290 piendi
475 2227 711 2275 tribuatur
726 2229 943 2288 facultaS,
967 2229 1127 2278 locum
1156 2230 1299 2278 istum
1322 2231 1474 2278 sancti
1504 2230 1650 2278 Marci
1673 2230 1731 2278 de
1757 2229 2001 2278 Florentia
2021 2232 2069 2276 et

294 2311 446 2359 sancti
469 2311 707 2360 Dominici
729 2313 851 2376 apud
876 2313 1070 2362 Fesulas
1090 2313 1270 2362 ordinis
1291 2314 1666 2377 predicatorum,
1687 2313 1831 2361 domo
1854 2312 2069 2376 predicte

295 2395 684 2458 congregationis
729 2396 1016 2444 Lombardie
1058 2396 1331 2461 reunimus,
1374 2396 1807 2461 incorporavimus,
1853 2395 2071 2444 annecti-

292 2493 426 2536 mus,
448 2478 671 2526 omnibus
691 2479 913 2527 fratribus
935 2469 1259 2543 predictorum
1278 2480 1495 2529 locorum
1513 2480 1662 2528 sancti
1684 2479 1833 2528 Marci
1853 2483 1898 2528 et
1919 2478 2069 2527 sancti

293 2561 529 2609 Dominici
565 2562 652 2610 sub
687 2563 1199 2612 excommunicationis
1232 2564 1325 2613 late
1360 2563 1597 2613 sententie
1627 2580 1752 2627 pena
1784 2563 2068 2612 mandantes

299 2648 351 2692 ut
379 2644 556 2692 vicario
584 2645 799 2709 predicte
830 2646 1218 2710 congregationis
1249 2647 1552 2706 Lombardie,
1575 2647 1705 2696 velut
1737 2662 1823 2695 suo
1854 2646 2070 2711 legitimo

243 2790 247 2792 -
298 2727 493 2790 pastori,
523 2732 721 2790 pareant
756 2733 803 2777 et
835 2728 1102 2788 intendant,
1145 2735 1426 2779 revocantes
1463 2746 1521 2778 ex
1554 2747 1682 2779 nunc
1713 2735 1761 2780 et
1794 2734 2068 2779 revocatum

295 2825 400 2857 esse
438 2810 757 2864 decernentes
795 2812 1028 2874 quidquid
1068 2813 1324 2873 facultatis,
1356 2815 1651 2863 auctoritatis
1690 2815 1786 2862 sive
1816 2813 2069 2877 potestatis

300 2891 522 2954 cuiquam
545 2893 683 2940 alteri
707 2894 852 2941 etiam
874 2894 1137 2957 apostolica
1157 2896 1440 2945 auctoritate
1470 2902 1598 2945 esset
1618 2897 1883 2955 indultum3
1909 2896 2071 2960 injun-

299 2980 566 3039 gentesque
586 2977 672 3023 sub
695 2977 912 3041 ejusdem
933 2977 1027 3025 late
1051 2980 1288 3028 sententie
1311 2995 1438 3043 pena
1458 2980 1591 3028 fratri
1608 2979 1861 3027 Dominico
1883 2979 1942 3027 de
1962 2981 2073 3026 Pes-

303 3059 376 3107 cia
395 3063 441 3108 et
462 3059 597 3107 fratri
619 3059 802 3108 Thome
825 3061 1027 3110 Bussino
1050 3066 1095 3110 et
1114 3061 1247 3110 fratri
1271 3063 1510 3127 Sylvestro
1535 3063 1593 3112 de
1615 3062 1858 3111 Florentia
1878 3067 1927 3110 ut
1948 3061 2073 3109 infra

308 3142 513 3205 spatium
547 3158 717 3192 novem
752 3143 937 3192 dierum
969 3160 1173 3208 quorum
1206 3151 1302 3194 tres
1336 3145 1636 3209 assignamus·
1667 3160 1753 3209 pro
1786 3144 1942 3208 primo
1977 3148 2072 3192 ter-

304 3225 463 3285 mino,
498 3230 597 3275 tres
626 3243 714 3290 pro
747 3227 957 3276 secundo
991 3232 1038 3276 et
1072 3231 1166 3276 tres
1198 3244 1286 3292 pro
1317 3228 1457 3277 tertio
1492 3245 1519 3276 a
1551 3228 1720 3276 notitia
1755 3227 2068 3291 presentium,

309 3309 575 3357 Bononiam
596 3310 979 3373 proficiscantur,
1005 3311 1284 3361 auctoritate
1305 3311 1506 3376 predicti
1534 3311 1695 3360 vicarii
1718 3310 2003 3359 Lombardie
2026 3309 2072 3356 in

307 3405 402 3438 uno
431 3392 656 3456 quopiam
685 3398 1005 3443 conventuum
1036 3394 1441 3458 congregationiS,
1466 3398 1768 3458 preterquam
1793 3393 1839 3441 in
1863 3391 2073 3441 dominio
