2222 3926
146 356 349 398 [Decembre
369 358 476 397 14951·
579 356 747 393 RERUM
780 355 1083 393 URBANARUM
1116 355 1465 393 COMMENTARII.
1855 361 1925 398 253

148 462 300 518 sexta,
326 476 418 523 qua
440 461 525 510 SS.
550 463 607 509 D.
627 465 792 510 noster
812 460 1093 509 intendebat
1107 476 1218 509 cum
1240 476 1326 508 sua
1340 459 1652 524 processione
1671 461 1730 508 de
1747 461 1925 524 palatio

147 542 470 602 descendere;
495 546 685 596 volebat
702 549 959 610 propterea
991 544 1146 609 [scire]
1172 544 1208 592 si
1232 543 1348 608 quid
1366 543 1496 591 aliud
1517 543 1566 591 in
1591 543 1802 592 ecclesia
1812 559 1926 608 pre-

147 627 273 675 dicta
312 632 442 676 esset
481 630 816 677 ordinandum.
863 628 1106 693 Respondi
1143 626 1272 691 quod
1307 626 1379 675 ad·
1409 627 1772 691 processionem
1809 627 1925 676 cleri

147 709 264 757 mihi
286 710 434 759 videri
456 711 584 775 quod
608 711 921 776 proclamatio
942 711 1082 759 fieret
1107 726 1196 775 per
1226 708 1421 764 Urbem,
1452 709 1580 772 quod
1607 710 1815 774 populus
1837 725 1924 774 pro

146 793 274 841 dicta
297 794 420 843 hora
439 795 620 844 veniret
639 795 699 843 ad
719 810 944 859 campum
966 794 1104 843 Flore
1126 794 1186 842 ad
1207 794 1541 842 associandam
1559 795 1925 857 processionem

144 876 444 941 hujusmodi,
463 894 572 927 cum
588 880 719 928 omni
736 879 1007 939 devotione,
1024 879 1246 943 quodque
1255 878 1482 943 populusi
1487 893 1573 942 pse
1587 878 1927 942 exhortaretur

142 959 202 1007 ad
214 961 549 1024 jejunandum,
575 963 809 1011 orandum
833 967 879 1010 et
908 962 1025 1010 alias
1056 962 1298 1010 orationes
1325 961 1660 1026 peragendum
1680 977 1767 1026 pro
1790 978 1926 1010 com-

142 1044 359 1092 munium
412 1061 612 1110 precum
671 1045 979 1094 exauditione
1002 1063 1012 1102 ;
1050 1044 1341 1093 ordinandas
1388 1061 1494 1094 esse
1542 1045 1830 1110 antiphonas
1878 1055 1926 1095 et

141 1130 449 1193 responsoria
475 1130 775 1195 processioni
797 1130 887 1194 ipsi
910 1129 1264 1188 convenientia,
1290 1129 1419 1192 quod
1446 1129 1760 1194 gubernatori
1785 1131 1923 1179 Urbis

141 1213 544 1274 committeretur,
589 1213 668 1277 qui
706 1213 887 1261 faceret
929 1212 1088 1260 statim
1120 1217 1249 1260 recte
1283 1227 1311 1259 a
1337 1227 1508 1275 campo
1539 1212 1677 1260 Flore
1704 1212 1772 1278 ad¹
1793 1213 1924 1261 basi-

138 1296 279 1345 licam
301 1297 568 1361 predictam
589 1296 811 1362 mundari
846 1295 1070 1360 expensis
1096 1311 1288 1343 camere
1320 1295 1461 1343 Urbis
1491 1311 1603 1344 cum
1625 1297 1848 1356 curialeS,
1875 1302 1923 1345 et

137 1380 483 1430 inhabitatores
512 1381 652 1430 Urbis
685 1384 848 1429 essent
876 1396 934 1429 ex
955 1378 1168 1427 fluminis
1198 1378 1381 1442 impetu
1409 1378 1570 1427 minus
1596 1379 1916 1449 damniticam

136 1464 266 1528 quod
286 1464 347 1512 ad
372 1465 738 1529 processionem
772 1467 899 1529 Pape
932 1479 1031 1513 non
1066 1462 1309 1510 videretur
1341 1462 1460 1509 mihi
1491 1462 1587 1511 ullo
1618 1456 1760 1527 pacto
1783 1463 1919 1512 color

134 1547 270 1597 albus
292 1549 566 1609 convenire,
586 1549 714 1613 quod
735 1553 865 1598 esset
883 1547 1033 1596 letitie
1058 1551 1107 1594 et
1127 1545 1305 1610 gaudii,
1331 1551 1379 1594 et
1399 1547 1772 1610 processionem
1794 1563 1921 1614 mes-

136 1632 239 1682 titie
260 1638 514 1698 propterea
550 1633 598 1681 in
619 1633 845 1682 violaceis
866 1631 997 1680 illam
1026 1630 1131 1679 fieri
1153 1634 1396 1694 oportere.
1433 1633 1604 1678 Rmus.
1642 1633 1700 1680 D.
1727 1630 1844 1680 dixit
1868 1648 1919 1680 se

137 1716 358 1780 ejusdem
390 1717 630 1766 sententie
652 1733 760 1766 mee
783 1733 910 1778 esse,
937 1723 1099 1766 tamen
1127 1713 1238 1779 quia
1265 1713 1315 1761 in
1344 1714 1514 1763 ultimo
1546 1715 1838 1781 consistorio
1869 1716 1917 1778 in

136 1815 229 1863 quo
250 1800 342 1849 hec
365 1801 585 1849 ordinata
604 1806 713 1850 sunt
736 1802 952 1850 seniores
969 1800 1239 1849 cardinales
1253 1800 1467 1849 colorem
1481 1801 1643 1849 album
1663 1818 1920 1867 expresse-

137 1888 244 1932 runt
257 1884 370 1933 licet
391 1884 450 1933 de
470 1900 527 1932 eo
544 1885 817 1945 miraretur,
834 1884 1092 1934 noluitillis
1108 1884 1344 1948 replicare
1359 1899 1369 1942 3
1388 1884 1476 1932 sibi
1492 1890 1754 1949 propterea
1768 1885 1917 1950 videri

134 1968 263 2031 quod
281 1969 373 2017 hec
395 1968 487 2018 alia
502 1969 629 2018 circa
654 1969 891 2034 premissa
911 1972 1183 2033 opportuna
1205 1970 1290 2017 SS.
1315 1972 1373 2017 D.
1411 1973 1578 2016 nostro
1600 1969 1835 2018 referrem
1868 1974 1915 2018 et

134 2067 280 2116 super
311 2053 533 2101 omnibus
573 2053 821 2102 decretum
855 2053 1141 2117 reciperem.
1177 2052 1326 2116 Igitur
1354 2067 1466 2100 cum
1500 2054 1585 2100 SS.
1626 2055 1685 2100 D.
1726 2056 1910 2112 nostro,

132 2136 381 2200 premissis
403 2137 650 2200 expositis,
675 2137 771 2185 dixi
805 2137 1063 2186 convenire
1093 2136 1222 2200 quod
1254 2141 1512 2200 postquam
1552 2135 1791 2185 Sanctitas
1824 2152 1913 2184 sua

132 2224 242 2268 ante
258 2220 406 2269 altare
428 2221 583 2285 majus
611 2236 747 2270 more
772 2221 913 2270 solito
933 2225 1139 2280 orasset,
1160 2219 1291 2284 quod
1303 2224 1528 2268 cantores
1551 2220 1769 2269 dicerent
1787 2220 1910 2268 leta-

131 2304 252 2364 nias,
277 2309 324 2353 et
346 2305 584 2354 Sanctitas
606 2322 693 2354 sua
713 2310 822 2370 post
845 2321 926 2355 eas
946 2305 1096 2353 Pater
1124 2303 1298 2352 Noster
1321 2319 1434 2352 cum
1456 2302 1641 2365 aliquot
1660 2298 1911 2348 versiculis

129 2392 175 2437 et
197 2388 414 2438 oratione
445 2389 513 2438 rei
541 2389 959 2447 convenientibus,
990 2388 1215 2453 quodque
1244 2386 1494 2452 processio
1522 2381 1797 2433 Sanctitatis
1825 2398 1909 2430 sue

128 2472 410 2521 fieretextra
427 2477 614 2537 portam
627 2474 806 2538 palatii,
822 2474 1053 2523 vertendo
1066 2473 1247 2522 ibidem
1263 2472 1323 2521 ad
1340 2472 1591 2520 dexteram
1604 2483 1691 2532 per
1705 2467 1903 2531 planum

128 2555 188 2603 ad
218 2554 393 2604 dictam
429 2557 695 2607 basilicam.
734 2559 1022 2607 Placuerunt
1052 2557 1215 2605 omnia
1250 2553 1500 2605 Sanctitati
1535 2568 1620 2601 sue
1654 2566 1748 2615 que
1785 2548 1905 2597 mihi

127 2640 368 2689 commisit
389 2641 519 2704 quod
538 2642 720 2706 aliquot
739 2641 996 2690 versiculos
1019 2646 1066 2690 et
1087 2640 1355 2689 orationem
1381 2635 1751 2687 convenientem
1773 2632 1905 2680 ordi-

126 2738 311 2782 narem,
337 2728 384 2771 et
403 2725 651 2773 Sanctitati
671 2741 757 2774 sue
780 2725 856 2774 die
882 2725 1091 2773 crastina
1108 2724 1414 2773 ostenderem
1438 2722 1524 2783 (1).

191 2804 413 2854 Ordinavi
448 2806 592 2870 igitur
624 2810 672 2855 et
703 2807 875 2871 collegi
910 2823 968 2856 ex
1004 2806 1228 2870 precibus
1262 2821 1348 2869 per
1376 2804 1527 2854 felicis
1555 2800 1902 2853 recordationis

125 2889 262 2937 Pium
295 2905 468 2955 papam
502 2891 768 2939 secundum
804 2893 997 2940 Mantue
1036 2889 1211 2938 habitis
1253 2888 1515 2937 versiculos
1556 2883 1813 2951 sequentes
1854 2890 1904 2934 et

125 2973 392 3022 orationem
414 2990 472 3023 ex
504 2975 702 3023 diversis
727 2979 774 3023 et
801 2975 981 3023 missali
1004 2973 1254 3038 composui
1277 2978 1325 3022 et
1351 2971 1597 3021 Sanctitati
1620 2986 1704 3020 sue
1726 2969 1901 3018 deinde

124 3057 312 3104 ostendi
334 3058 423 3107 sub
435 3058 717 3123 hujusmodi
740 3064 928 3108 tenore.

192 3158 214 3182 «
239 3139 393 3188 Finita
410 3141 606 3202 letania,
631 3143 715 3191 SS.
742 3145 799 3190 D.
824 3148 992 3192 noster
1012 3142 1128 3190 dixit
1148 3140 1444 3206 competenti
1464 3155 1581 3189 voce
1602 3140 1754 3188 Pater
1771 3136 1899 3187 Nos-

121 3226 207 3280 ter,
232 3237 326 3284 quo
348 3230 532 3274 secrete
548 3228 813 3292 completo,
827 3228 943 3276 dixit
960 3227 1212 3291 sequentia
1236 3243 1246 3275 :

188 3305 261 3353 Et
277 3322 336 3353 ne
355 3323 439 3355 nos
457 3308 653 3358 inducas
673 3312 721 3358 in
744 3312 1061 3360 tentationem.

171 3437 202 3473 1.
234 3436 324 3485 Voy.
346 3436 547 3486 Malipiero.
570 3451 605 3487 p.
630 3441 797 3487 409-415,
819 3443 915 3479 deux
935 3442 1059 3479 lettres
1079 3443 1149 3479 fort
1165 3441 1352 3478 curienses
1374 3439 1539 3476 relatives
1559 3451 1630 3475 aux
1660 3437 1893 3475 inondations

122 3494 170 3531 du
190 3496 296 3532 Tibre
318 3497 443 3545 (Areia.
471 3499 612 3535 scorteo
637 3501 807 3547 Italiano,
829 3505 923 3538 tome
943 3504 994 3547 7.)
1017 3506 1053 3538 et
1072 3500 1226 3539 Cancsio
1252 3499 1402 3547 (Luigi),
1420 3502 1469 3536 De
1494 3500 1725 3546 prodiyiosis
1748 3497 1898 3542 Tyberis
