2216 3886
176 310 341 343 :octobr-o
362 309 451 351 1499]
622 308 788 345 RERUM
823 308 1121 345 URBANARFM
1157 309 1506 348 CffitMENTARH.
1888 316 1958 350 565

178 411 498 476 nuncupatis),
529 415 742 470 ornatos,
768 415 1044 458 senatorum
1068 427 1221 470 more,
1245 412 1395 475 ipsius
1419 413 1550 460 urbis
1568 414 1725 462 claves
1752 431 1810 463 ex
1837 433 1952 465 auro

174 496 344 554 solido,
383 495 443 544 ad
480 495 730 558 sexaginta
765 494 912 542 millia
951 510 1207 543 aureorum
1244 496 1620 557 estimationem,
1658 498 1816 548 eidem
1851 502 1948 564 regi

178 583 593 642 presentaverunt.

245 666 355 711 Post
385 679 468 710 eos
495 678 607 710 vero
638 679 731 710 xxx
758 662 990 725 pontificii
1022 663 1410 728 imperatoriique
1434 666 1555 728 juris
1581 665 1824 725 doctoreS,
1850 668 1956 715 toti—

175 748 285 794 dem
308 746 492 809 equites
512 746 625 793 talia
645 746 928 793 vestimenta
950 762 1006 794 ex
1027 748 1182 795 serico
1199 748 1469 796 cremesino
1483 749 1634 796 induti
1654 755 1702 797 et
1722 750 1952 798 mantello

171 846 229 878 ex
256 844 484 893 purpura,
519 832 566 876 et
597 829 808 891 singulos
837 845 1010 877 aureos
1036 834 1229 894 torques
1253 831 1428 892 singuli
1459 838 1723 894 gestantes,
1747 834 1944 897 pallium

175 929 375 962 aureum
399 912 487 959 sub
509 927 604 974 quo
633 927 715 959 rex
738 912 839 974 ipse
862 913 1188 961 Mediolanum
1211 919 1283 962 est
1313 915 1556 978 ingressus
1585 922 1632 963 et
1662 917 1843 963 ducalis
1871 932 1952 964 ca—

176 995 287 1059 pitis
318 1004 512 1058 tegmen
545 995 749 1058 pellibus
777 996 1136 1058 pretiosissimis
1165 998 1375 1045 externis
1402 999 1684 1047 decoratum
1712 1000 1771 1046 ad
1804 1000 1953 1047 instar

176 1079 350 1142 regalis
374 1078 659 1127 diadematis
681 1079 972 1128 deferentes.

240 1165 354 1210 Post
396 1163 614 1222 modum,
648 1162 906 1211 multitudo
946 1179 1123 1227 magna
1161 1164 1362 1212 aliorum
1399 1165 1652 1223 nobilium,
1692 1165 1866 1213 civium
1906 1170 1954 1213 et

174 1250 516 1304 mercatorum,
562 1245 691 1293 vario
749 1250 919 1294 ornatu
973 1250 1114 1308 atque
1167 1248 1337 1295 vestitu
1396 1247 1767 1310 pretiosissimo,
1814 1248 1951 1311 equis

176 1329 369 1393 optimis
407 1329 722 1377 residentium
764 1328 870 1394 (que
906 1329 1100 1392 quidem
1139 1330 1394 1378 multitudo
1428 1345 1552 1393 pene
1587 1330 1952 1377 innumerabilis

177 1416 314 1476 erat),
340 1411 654 1474 sequebatur;
681 1411 901 1460 ordinem
922 1427 1035 1460 vero
1058 1413 1172 1460 cleri
1206 1418 1253 1461 et
1281 1413 1620 1476 religiosorum
1651 1413 1732 1475 qui
1760 1412 1954 1460 obviam

175 1512 458 1561 processere
481 1513 590 1544 cum
618 1497 710 1545 alia
738 1498 902 1561 populi
931 1497 1234 1545 multitudine
1263 1496 1467 1555 infinita,
1494 1512 1606 1543 cum
1632 1496 1771 1559 signo
1796 1497 1952 1543 crucis

178 1586 224 1628 et
253 1584 529 1629 sanctorum
555 1581 696 1629 variis
733 1581 947 1644 reliquiis
980 1581 1361 1645 pretiosissimis,
1390 1580 1633 1628 brevitatis
1668 1596 1812 1627 causa
1842 1580 1973 1626 duxi·

180 1665 632 1729 pretermittendum
659 1665 719 1713 ad
745 1665 892 1729 ipsius
923 1666 1047 1725 regis
1074 1666 1346 1728 ingressum
1378 1665 1457 1728 qui
1486 1665 1650 1712 habuit
1671 1669 1953 1727 sequentem

180 1748 377 1796 modum
403 1766 413 1797 :

248 1832 408 1880 Primo
431 1848 514 1880 sex
532 1833 682 1880 millia
703 1836 1008 1882 (Juasconum
1024 1833 1320 1896 pedestrium
1338 1832 1711 1891 balistariorum,
1734 1831 1954 1879 balistam

182 1919 229 1963 et
251 1931 419 1963 ensem
448 1917 757 1979 gestantium,
781 1916 933 1964 lorica
960 1920 1007 1964 et
1035 1915 1172 1979 galea
1199 1920 1514 1973 armatorum,
1545 1915 1736 1963 decenti
1766 1914 1952 1967 ordine,

181 2014 266 2061 per
288 2003 485 2058 turmas,
512 1999 652 2046 simili
674 1999 863 2058 vestitu,
888 1998 1271 2063 procedentium,
1293 1999 1451 2046 albam
1471 2013 1665 2045 crucem
1687 1997 1736 2043 in
1757 2001 1954 2061 pectore

182 2086 229 2129 et
256 2082 395 2129 aliam
425 2099 453 2130 a
481 2088 615 2146 tergo
644 2083 992 2141 deferentium;
1027 2084 1223 2132 cuilibet
1250 2088 1406 2131 turme
1435 2082 1530 2130 dux
1561 2098 1646 2129 seu
1678 2081 1956 2144 capitaneus

181 2182 329 2229 eques
350 2171 539 2229 preerat
566 2170 613 2215 et
634 2166 722 2214 sub
745 2167 944 2229 singulis
972 2168 1154 2215 vexillis
1175 2166 1484 2230 precedebat,
1509 2166 1589 2229 qui
1612 2182 1671 2213 ex
1698 2165 1852 2212 serico
1882 2165 1955 2211 in-

182 2249 324 2297 dutus
343 2254 463 2298 erat.

247 2333 430 2382 Deinde
464 2334 785 2397 sequebantur
817 2341 889 2383 1v¹¹¹
921 2335 1279 2399 sagittariorum
1314 2350 1399 2381 seu
1432 2332 1800 2392 archiferorum,
1836 2335 1957 2380 Nor-

182 2415 344 2462 manni
364 2416 585 2466 videlicet
605 2423 652 2466 et
675 2418 858 2465 Picardi
873 2418 1061 2471 armati,
1079 2423 1126 2465 et
1148 2421 1196 2464 ut
1218 2416 1446 2464 balistarii
1464 2416 1728 2478 conjuncti,
1750 2419 1957 2463 turmato

183 2496 348 2546 ordine
369 2499 666 2550 incedentes.

251 2582 368 2628 Item
391 2588 462 2629 lvm
495 2584 799 2632 Suicensium
822 2601 906 2633 seu
935 2587 1198 2632 Suevorum
1221 2583 1451 2631 anteriori
1473 2587 1609 2646 parte
1633 2582 1860 2629 duntaxat
1882 2597 1958 2629 ar-

187 2669 444 2723 matorum,
468 2671 720 2730 preacutos
743 2673 790 2716 et
813 2667 1019 2730 grandes
1039 2667 1233 2715 lanceas
1256 2671 1303 2715 et
1324 2667 1535 2730 gladium
1558 2669 1819 2729 gestantes

252 2751 348 2796 Hos
372 2751 698 2812 sequebantur
720 2751 873 2815 pueri,
898 2751 1071 2799 deinde
1085 2751 1306 2813 juveneS,
1332 2766 1387 2798 ac
1408 2754 1578 2814 postea
1598 2749 1813 2814 seniores
1829 2752 1960 2797 ante-

186 2831 297 2879 dicti
333 2837 380 2880 et
417 2834 584 2882 ordine
616 2835 960 2898 ingredientes,
995 2850 1053 2881 ex
1089 2849 1183 2895 quo
1220 2833 1319 2895 regi
1351 2832 1538 2880 obviam
1570 2832 1815 2895 progressi
1851 2831 1958 2879 fue—

189 2921 311 2963 rant.

255 3002 428 3049 Postea
445 3003 781 3066 quadringenti
801 3002 1033 3066 sagittarii
1052 3017 1137 3050 seu
1153 3001 1399 3059 archiferI,
1417 3000 1643 3047 custodes
1660 2999 1805 3062 regis,
1825 2999 1961 3062 equis

187 3083 470 3142 residentes,
495 3085 645 3134 lorica
672 3092 718 3134 et
745 3087 883 3150 galea
913 3087 1101 3145 armati,
1127 3091 1291 3133 tensos
1321 3101 1480 3142 arcuS,
1506 3088 1553 3132 et
1574 3099 1717 3131 unam
1740 3083 1801 3149 ad
1822 3086 1963 3145 caput

186 3165 313 3227 equi,
339 3171 384 3215 et
408 3168 549 3215 aliam
572 3170 794 3233 sagittam
813 3170 873 3216 ad
888 3169 1032 3226 latus,
1057 3173 1246 3232 paratas
1268 3167 1519 3215 habentes.

256 3251 593 3312 Sequebantur
613 3258 660 3300 et
686 3253 791 3300 illos
817 3257 1013 3300 centum
1035 3252 1291 3300 Suicenses
1321 3249 1546 3296 custodes
1576 3246 1792 3310 corporis
1820 3247 1963 3310 regis,

188 3334 344 3396 equali
366 3338 555 3393 ornatu,
580 3335 750 3398 singuli
782 3336 935 3398 pileos
964 3350 1162 3382 croceos
1196 3339 1276 3381 aut
1310 3332 1488 3379 rubeos
1511 3346 1621 3378 cum
1651 3329 1839 3392 magnis
1859 3330 1966 3392 plu-

195 3418 405 3465 maribus
427 3418 717 3466 deferentes,
