2202 3926
235 326 302 363 184
698 335 703 341 ·
841 320 1074 358 JOHANNIS
1108 320 1404 365 BURCHARDI,
1762 319 1896 360 [Juillet
1911 321 2005 360 1494]

236 427 387 474 dictos
418 423 687 473 cardinales
721 421 1001 471 incedentes
1028 427 1074 471 et
1104 422 1206 469 aliis
1238 420 1557 468 cardinalibus
1590 419 1818 481 predictis
1848 420 2006 483 ipsum

235 508 562 571 sequentibus.
589 506 809 553 Perventi
831 506 889 553 ad
909 505 1172 567 hospitium
1196 502 1483 565 predictum,
1507 500 1763 549 licentiatis
1786 502 2006 550 cardina-

233 592 355 640 libus
393 596 440 639 et
479 590 548 637 eis
583 604 642 636 ex
675 603 810 635 more
841 586 1049 650 peractis
1084 585 1267 648 gratiis,
1303 588 1611 632 recesserunt
1639 598 1807 633 omnes
1835 583 1895 632 ad
1923 600 2009 642 sua

232 675 355 722 loca.
394 673 688 720 Divertentes
720 669 880 726 ambo,
916 667 1138 716 videlicet
1177 670 1304 730 Papa
1333 671 1380 714 et
1410 681 1510 726 rex,
1536 666 1729 714 fuerunt
1754 652 1804 714 vin
1838 667 2009 716 eodem

234 761 390 804 castro
420 752 664 816 hospitati,
702 752 751 798 in
773 766 866 814 quo
901 751 961 798 ad
989 766 1155 798 eorum
1182 765 1412 814 personas
1440 749 1694 797 commode
1720 749 1876 812 prima
1904 750 2012 798 aula

234 839 420 900 utrique
452 835 704 893 serviebat,
738 849 796 882 ex
827 849 919 896 qua
961 836 1089 897 Papa
1115 833 1175 880 ad
1202 833 1448 881 dexteram
1480 837 1526 881 et
1557 848 1643 880 rex
1676 831 1736 879 ad
1770 831 2009 880 sinistram

232 920 544 968 divertebant.
583 921 616 965 F
622 921 800 966 ueruntv
816 933 924 965 cum
955 933 1069 980 rege
1103 917 1289 979 equites
1312 917 1440 964 mille
1467 916 1540 963 vel
1568 915 1711 974 circa,
1745 930 1855 962 cum
1884 917 2013 978 Papa

233 1021 344 1053 vero
366 1001 614 1067 quingenti
636 1000 708 1048 vel
729 1000 873 1058 circa,
900 1004 943 1048 et
966 1000 1151 1063 pedites
1173 999 1309 1048 multi
1332 1015 1442 1048 cum
1464 1004 1684 1062 utroque.

300 1087 483 1135 Eodem
505 1100 631 1143 sero,
655 1099 740 1131 rex
769 1083 897 1131 venit
926 1083 985 1131 ad
1019 1085 1197 1146 Papam
1229 1082 1290 1130 ad
1309 1098 1552 1131 cameram
1574 1097 1710 1130 suam
1737 1085 1785 1130 et
1814 1096 1924 1129 cum
1954 1095 2011 1129 eo
2045 1067 2048 1070 Δ

233 1170 409 1220 mansit
439 1167 600 1215 multis
636 1167 788 1224 horiS,
825 1165 1147 1214 cardinalibus
1180 1166 1474 1213 absentibus.
1509 1168 1563 1212 In
1595 1180 1736 1213 mane
1770 1163 2008 1227 sequenti,

237 1259 363 1318 Papa
400 1251 528 1301 venit
567 1250 628 1298 ad
664 1265 905 1298 cameram
941 1249 1086 1312 regis,
1127 1253 1174 1297 et
1212 1249 1390 1317 ibidem
1427 1249 1573 1296 etiam
1607 1248 1752 1311 longo
1789 1251 2008 1310 tempore

236 1336 379 1385 simul
402 1335 608 1383 fuerunt.
643 1335 695 1380 In
719 1347 845 1391 sero,
879 1349 963 1380 rex
991 1332 1105 1380 fecit
1127 1348 1297 1380 cenam
1319 1348 1429 1380 cum
1451 1335 1596 1395 Papa,
1631 1335 1677 1378 et
1707 1330 1898 1378 donavit
1926 1345 2011 1378 rex

237 1424 364 1483 Pape
397 1417 549 1466 bacile
581 1432 781 1464 aureum
814 1420 861 1464 et
891 1415 986 1463 duo
1016 1415 1108 1463 alia
1135 1432 1247 1464 vasa
1279 1431 1426 1463 aurea
1446 1415 1616 1463 valoris
1644 1414 1787 1462 trium
1810 1413 2012 1461 millium

237 1504 540 1560 ducatorum,
569 1500 643 1548 vel
665 1500 808 1548 circa.
836 1502 1084 1549 Venerunt
1113 1500 1172 1547 ad
1199 1499 1426 1562 oppidum
1454 1498 1722 1562 predictum
1745 1512 1854 1545 cum
1885 1497 2011 1544 dicto

238 1599 350 1647 rege
382 1583 688 1646 quamplures
718 1581 876 1640 Turci,
912 1596 1116 1644 quorum
1146 1597 1269 1628 unus
1301 1596 1444 1644 super
1474 1580 1622 1628 corda
1648 1581 1697 1628 in
1727 1580 1875 1628 altum
1902 1594 2014 1643 pre-

238 1672 390 1725 tensa,
421 1665 560 1712 nudis
587 1665 810 1729 pedibuS,
835 1680 890 1712 ac
913 1680 1023 1712 cum
1053 1664 1363 1728 calopedidus
1385 1679 1440 1711 ac
1463 1664 1665 1711 cultellis
1694 1663 1781 1710 sub
1811 1663 2021 1729 pedibus

235 1748 411 1811 ligatis,
449 1764 559 1795 cum
600 1748 816 1796 omnium
850 1763 1026 1811 magna
1056 1747 1372 1795 admiratione
1404 1746 1679 1805 ambulavit,
1719 1746 1926 1805 saltavit;
1969 1751 2015 1794 et

237 1831 445 1878 crinibus
468 1835 655 1879 tantum
678 1831 824 1878 corda
841 1831 945 1893 ipsa
960 1830 1188 1893 alligatis3
1210 1830 1371 1888 tertio,
1393 1845 1504 1877 cum
1520 1845 1632 1877 arcu
1649 1829 1707 1877 ad
1725 1829 1952 1878 birettum
1967 1829 2015 1876 in

237 1919 365 1961 terra
384 1913 594 1977 positum
615 1912 835 1961 trahebat
861 1917 905 1960 et
928 1913 1047 1961 alios
1069 1913 1378 1976 quamplures
1401 1917 1536 1961 actus
1557 1896 1860 1977 periculosos
1881 1929 2015 1961 exer-

236 1996 351 2054 cuit,
376 1998 506 2058 Papa
527 2000 575 2043 et
595 1995 832 2058 aliquibus
855 1995 913 2043 de
936 1996 1073 2043 dictis
1097 1996 1417 2044 cardinalibus
1440 1996 1800 2060 aspicientibus,

304 2079 443 2126 Feria
479 2082 665 2141 quarta,
714 2081 770 2125 16
811 2079 993 2127 mensis
1027 2080 1135 2143 julii
1172 2081 1393 2144 predicti,
1437 2081 1519 2128 SS.
1564 2083 1620 2128 D.
1665 2085 1845 2141 noster,
1889 2080 2018 2128 circa

237 2166 409 2212 horam
440 2162 721 2225 vigesimam
762 2167 981 2224 quartam
1023 2179 1198 2227 equum
1235 2164 1520 2223 ascendenS,
1561 2164 1762 2212 recessit
1796 2179 1855 2210 ex
1888 2163 2016 2211 dicto

239 2247 412 2310 oppido
440 2261 527 2308 per
556 2249 744 2307 portam
775 2245 1095 2308 superiorem,
1129 2244 1347 2293 videlicet
1378 2259 1528 2307 prope
1560 2247 1769 2291 castrum
1788 2243 2012 2306 positam,

238 2344 383 2391 quem
413 2343 499 2375 rex
527 2327 770 2390 predictus
797 2327 1052 2375 associavit
1075 2326 1135 2374 ad
1165 2326 1406 2374 sinistram
1439 2329 1564 2389 Pape
1596 2326 1833 2389 equitans,
1866 2326 2017 2372 cardi-

240 2412 425 2459 nalibus
453 2410 738 2474 supradictis
762 2415 955 2474 semper
974 2426 1148 2474 papam
1177 2415 1223 2458 et
1248 2425 1413 2473 regem
1442 2409 1753 2472 sequentibus
1785 2425 1794 2456 :
1821 2424 1938 2456 crux
1969 2413 2016 2456 et

215 2499 595 2555 ,sacramentum
627 2492 951 2556 precedebant
980 2508 1172 2555 papam,
1210 2493 1296 2540 sed
1324 2507 1500 2555 magna
1529 2490 1782 2538 multitudo
1810 2490 2015 2538 militum

241 2582 342 2626 erat
361 2576 663 2624 intermedia.
697 2578 930 2623 Pervento
952 2574 1011 2621 ad
1036 2575 1244 2637 primum
1260 2575 1466 2623 rivulum
1488 2589 1609 2637 aque
1632 2574 1754 2621 viam
1775 2579 2016 2622 transver-

241 2665 444 2718 santem,
478 2660 558 2722 qui
592 2658 734 2705 distat
761 2671 789 2702 a
818 2655 1069 2705 Vicovario
1091 2656 1151 2703 ad
1182 2656 1396 2704 medium
1429 2656 1632 2704 milliare
1664 2656 1737 2704 vel
1766 2656 1909 2715 circa,
1934 2671 2017 2704 rex

241 2759 268 2791 a
300 2745 430 2806 Papa
460 2741 730 2789 licentiatus
764 2739 1043 2787 retrocessit
1078 2740 1137 2787 ad
1156 2740 1480 2799 Vicovarium,
1517 2744 1562 2788 et
1596 2743 1723 2804 Papa
1754 2740 1844 2788 iter
1876 2755 2015 2787 suum

238 2841 404 2872 versus
438 2824 685 2872 Tiburtum
711 2827 993 2887 prosecutus
1019 2828 1090 2872 est
1125 2840 1134 2871 :
1165 2823 1345 2870 familia
1372 2824 1498 2887 regis
1526 2828 1626 2872 tota
1649 2840 1760 2872 cum
1789 2824 2013 2872 omnibus

241 2924 409 2956 eorum
431 2907 711 2970 equitaturis
737 2911 783 2955 et
807 2907 968 2956 salmis
993 2923 1052 2955 ex
1068 2906 1316 2956 Vicovario
1339 2910 1386 2954 et
1405 2907 1555 2954 vineis
1584 2911 1631 2955 et
1651 2907 1789 2961 infra,
1823 2911 1871 2954 et
1892 2907 2015 2953 ultra

242 2992 422 3039 flumen
456 2990 685 3054 hospitati
721 2994 847 3049 sunt,
884 2991 963 3037 ubi
1001 3006 1059 3038 ex
1096 2989 1239 3037 ramis
1276 2989 1498 3037 arborum
1531 3005 1585 3037 ac
1619 2988 1733 3051 ipsis
1763 2988 2013 3036 arboribus

243 3077 618 3136 composuerunt
656 3074 705 3121 in
756 3073 951 3121 modum
998 3078 1263 3122 castrorum
1301 3072 1446 3134 longa
1484 3075 1530 3119 et
1553 3072 1649 3120 lata
1677 3071 1934 3135 [tentoria],
1965 3072 2014 3118 in

242 3172 447 3219 quorum
469 3157 618 3205 altero
654 3156 864 3220 quinque
884 3173 1034 3220 equos
1054 3156 1128 3204 vel
1153 3155 1279 3203 circa
1301 3155 1537 3215 locarunt,
1567 3155 1732 3218 paucis
1754 3154 2015 3203 admodum

243 3238 483 3286 nobilibus
514 3240 743 3288 duntaxat
763 3255 873 3288 cum
894 3255 1007 3303 rege
1028 3240 1076 3286 in
1097 3243 1253 3286 castro
1283 3238 1554 3301 hospitatis.
1589 3238 1724 3286 Circa
1754 3238 2015 3286 secundam

241 3321 412 3368 horam
432 3322 605 3382 noctis,
642 3325 769 3386 Papa
797 3322 938 3370 rediit
966 3322 1232 3380 Tiburtum,
1259 3326 1306 3369 et
1339 3321 1386 3368 in
1409 3326 1645 3370 conventu
1676 3338 1714 3369 S.
1752 3321 2012 3379 Erancisci,

245 3404 446 3467 pristino
472 3406 680 3468 hospitio
704 3421 808 3465 suo,
834 3422 884 3455 se
907 3406 1103 3468 recepit.
1138 3405 1368 3453 Similiter
1398 3410 1442 3452 et
1472 3405 1755 3462 cardinales,
1780 3403 1947 3468 prelati
1970 3406 2016 3450 et
