2222 3926
319 330 389 383 2‘66
770 358 777 367 ·
925 348 1156 386 „IOHANNIS
1191 347 1488 392 BURCHARm,
1821 334 1980 387 {Fevrier
1996 348 2091 387 1496]

319 453 539 501 similiter
559 452 741 516 recepti
772 455 910 511 sunt;
938 456 985 500 et
1005 467 1092 515 per
1119 467 1197 499 me
1215 455 1324 514 post
1342 449 1638 498 cardinalem
1672 465 1710 497 s.
1737 435 1916 509 Crucis,
1939 443 2095 513 primo

319 536 698 600 Segobricensis,
724 536 896 584 deinde
917 534 1279 598 Agrigentinus,
1303 532 1500 580 tandem
1521 518 1781 581 Perusinus
1801 533 1946 581 locati
1965 519 2094 598 sunt,

318 620 489 685 quibus
513 624 560 668 et
584 619 807 667 omnibus
838 617 940 665 aliis
957 616 1279 665 cardinalibus
1301 615 1599 675 sedentibus,
1621 618 1674 664 D.
1698 617 1998 678 Octavianus,
2014 619 2095 682 qui

317 719 450 752 suam
468 701 862 750 commissionem
879 700 1094 748 nondum
1126 699 1186 747 ad
1206 700 1352 748 finem
1368 699 1658 762 perduxerat
1673 715 1780 748 eam
1794 700 2011 763 perfecit,
2042 705 2091 750 et

316 789 423 848 post
454 799 565 833 eum
601 786 659 832 D.
696 782 947 849 Justinus,
973 783 1252 842 advocatus,
1296 782 1439 850 aliam
1473 782 1722 846 proposuit
1759 800 1768 830 :
1807 799 1901 847 qua
1936 784 2089 845 finita,

316 883 485 916 omnes
509 870 821 916 surrexerunt
842 866 1130 927 cardinales,
1156 867 1216 914 ad
1233 882 1428 930 parvam
1451 866 1702 930 capellam,
1721 853 2094 931 precedentibus

314 951 591 1013 cantoribus
623 950 818 999 interim
857 950 919 998 Te
939 950 1098 998 Deum
1130 949 1407 998 Laudamus
1440 949 1758 999 cantantibus.
1796 936 2023 1000 Senensis
2047 954 2096 1000 et

314 1035 606 1084 camerarius
628 1034 1026 1097 ascenderuntad
1041 1034 1339 1098 pontificem,
1368 1034 1434 1081 illi
1463 1049 1598 1082 more
1615 1034 1754 1082 solito
1776 1035 2059 1085 assistentes
2080 1052 2091 1082 ε

315 1118 677 1183 Segobricensis
695 1118 775 1166 ivit
793 1118 841 1165 in
864 1118 1031 1165 ultimo
1052 1117 1160 1181 loco
1183 1134 1294 1165 cum
1316 1117 1639 1166 cardinalibus
1655 1118 1715 1166 ad
1729 1134 1923 1182 parvam
1941 1119 2097 1183 capel·

310 1204 406 1266 lam
445 1203 633 1251 medius
678 1203 804 1251 inter
836 1201 1282 1250 vicecancellarium
1311 1206 1358 1250 et
1389 1217 1434 1249 s.
1476 1201 1708 1267 Severini,
1752 1187 2093 1266 Agrigentinus

312 1290 423 1336 ante
446 1303 572 1351 eum,
595 1284 1058 1344 interValentinum‚
1073 1285 1354 1333 Cesarinum
1377 1290 1425 1333 et
1446 1286 1732 1333 Perusinum
1754 1285 1803 1332 in
1824 1286 1964 1334 tertio
1985 1286 2094 1337 loco

311 1371 438 1419 i‘nter
457 1370 736 1418 Grimanum
759 1373 805 1417 et
826 1369 1110 1417 Farnesium
1140 1369 1189 1416 in
1218 1369 1375 1432 prima
1389 1369 1588 1433 capella.
1612 1369 1808 1432 Antiqui
1827 1354 2093 1419 cardinales

314 1457 550 1518 steterunt
578 1453 681 1518 suine
717 1452 883 1500 ordine
917 1468 945 1500 a
965 1452 1191 1500 cornibus
1228 1452 1408 1512 altaris,
1446 1453 1681 1500 circulum
1711 1452 1958 1513 facientes,
1983 1453 2089 1502 novi

311 1554 423 1586 vero
453 1541 563 1585 ante
582 1537 730 1584 altare
752 1537 974 1600 prostrati
996 1552 1131 1585 more
1147 1536 1310 1596 solito;
1336 1537 1525 1585 medius
1544 1537 1907 1600 Sogobricensis
1923 1553 1951 1586 a
1973 1537 2090 1587 dex-

311 1621 395 1670 tris
417 1621 601 1669 habens
622 1620 991 1684 Agrigentinum
1020 1625 1065 1668 et
1093 1636 1121 1668 a
1147 1621 1351 1669 sinistris
1379 1621 1665 1669 Perusinum
1693 1637 1844 1684 usque
1862 1621 1923 1669 ad
1940 1621 2089 1676 dictas

312 1707 553 1754 orationes
583 1721 701 1769 quas
726 1707 873 1752 Rmus
905 1704 1160 1752 cardinalis
1188 1705 1327 1763 dixit;
1359 1705 1510 1752 Pater
1528 1705 1705 1752 Noster
1732 1708 1780 1752 et
1809 1704 1910 1752 sine
1937 1705 2092 1753 versi-

312 1789 447 1849 culis,
467 1793 607 1852 prout
628 1788 677 1835 in
699 1787 1026 1835 ceremoniali.
1047 1787 1242 1836 Interim
1270 1787 1423 1836 dictus
1449 1788 1736 1851 Burgundus
1753 1792 1800 1836 et
1830 1789 1896 1857 D,
1920 1787 2093 1837 Ansel-

310 1888 416 1920 mus
462 1872 700 1928 Bituntus,
744 1870 958 1918 advocati
999 1871 1376 1929 consistoriales,
1421 1877 1778 1935 proposuerunt
1824 1871 1943 1920 duas
1973 1871 2091 1920 alias

310 1955 693 2014 commissiones,
719 1970 922 2018 quarum
945 1954 1157 2003 secunda
1177 1955 1391 2003 nondum
1412 1954 1565 2014 finita,
1601 1955 1897 2004 intraverunt
1922 1971 2091 2004 omnes

310 2038 586 2100 cardinales,
601 2053 658 2086 eo
681 2037 848 2086 ordine
871 2053 965 2100 quo
978 2042 1208 2086 venerant
1227 2041 1274 2086 et
1295 2038 1356 2086 ad
1371 2037 1479 2086 loca
1500 2053 1584 2085 sua
1599 2038 1828 2088 sederunt
1841 2053 2091 2103 quousque

310 2121 437 2169 dicta
471 2120 638 2168 ultima
669 2120 947 2168 commissio
972 2120 1316 2170 terminaretur
1348 2137 1357 2169 :
1392 2137 1487 2185 qua
1516 2122 1668 2182 finita,
1709 2122 1932 2170 omnibus
1966 2121 2090 2170 anti-

311 2204 416 2267 quis
459 2203 797 2268 cardinalibus,
848 2203 1056 2267 demptis
1096 2204 1298 2252 Senensi
1343 2208 1389 2252 et
1428 2205 1712 2265 camerario,
1757 2206 1838 2268 qui
1877 2209 2005 2278 Pape
2039 2204 2089 2252 in

309 2286 406 2335 'suis
429 2286 549 2335 locis
583 2286 889 2346 assistebant,
930 2286 1161 2335 circulum
1198 2302 1360 2335 coram
1393 2287 1622 2351 pontifice
1660 2288 1961 2337 facientibus.
1999 2291 2084 2338 SS.

309 2374 364 2420 D.
398 2376 579 2431 noster,
616 2371 799 2420 eisdem
837 2371 969 2419 novis
1011 2354 1351 2430 cardinalibus,
1392 2372 1829 2435 Segobricensem
1817 2389 1866 2420 1n
1905 2373 2086 2433 medio,

307 2452 337 2502 a
355 2454 532 2503 dextris
551 2455 917 2518 Agrigentinum
938 2460 983 2503 et
1006 2471 1033 2502 a
1055 2454 1259 2502 sinistris
1276 2455 1561 2503 Perusinum
1575 2456 1761 2505 habens
1780 2460 1826 2505 et
1844 2472 2008 2505 coram
2030 2472 2088 2506 eo

308 2538 592 2600 genuflexiS,
610 2538 738 2586 dedit
753 2538 953 2601 singulis
969 2538 1180 2602 capellos
1202 2538 1262 2587 de
1278 2539 1550 2587 cremesino
1567 2523 1713 2603 super
1726 2540 1898 2604 capita,
1923 2527 2088 2589 dicens

308 2621 508 2684 singulis
523 2621 588 2668 ad
593 2621 826 2682 Laudem,
846 2630 936 2670 etc.
958 2622 1114 2688 primo
1128 2621 1484 2685 Segobricensi,
1499 2623 1729 2683 secundo,
1748 2624 2061 2691 Agrigentino
2075 2640 2085 2684 ;

304 2704 464 2765 terti0,
497 2705 744 2771 Perusino.
775 2705 992 2769 Capellos
1022 2710 1183 2754 autem
1209 2709 1305 2754 tres
1325 2706 1605 2770 hujusmodi
1623 2711 1910 2756 tenuerunt:
1937 2709 2089 2773 Sego-

306 2789 375 2836 bri
382 2789 556 2848 censis,
571 2789 779 2837 Thomas
793 2791 1021 2854 Florentii
1034 2790 1092 2839 de
1105 2790 1363 2847 Atratellis,
1378 2789 1561 2853 primus
1577 2795 1885 2839 conservator
1895 2806 2086 2841 camere

309 2873 465 2931 Urbis,
490 2873 757 2937 secundum
779 2879 826 2921 et
861 2875 1053 2922 tertium
1076 2875 1169 2923 duo
1201 2872 1413 2923 scutiferi
1436 2875 1562 2936 Pape
1589 2889 1618 2920 a
1636 2873 1872 2937 principio
1896 2874 2082 2922 consis-

307 2957 417 3020 torii
424 2972 695 3020 ,quousque
719 2957 1035 3005 cardinalibus
1058 2958 1285 3006 darentur
1299 2961 1346 3005 et
1361 2955 1536 3004 deinde
1554 2971 1803 3026 quousque
1817 2957 2084 3006 cardinales

306 3040 442 3087 multi
461 3038 778 3087 ascenderent
798 3039 858 3086 ad
879 3055 918 3086 s
936 3040 1242 3088 Catherinam
1264 3038 1548 3107 associandi.
1569 3039 1701 3087 Datis
1718 3040 1932 3103 capellis,
1959 3043 2086 3110 Papa

307 3123 446 3170 rediit
476 3122 535 3170 ad
571 3137 833 3187 cameram,
874 3104 1245 3186 precedentibus
1278 3122 1411 3170 novis
1445 3126 1492 3170 et
1526 3122 1733 3186 antiquis
1766 3123 2084 3173 cardinalibus

306 3205 473 3253 oidine
510 3205 668 3264 solito,
704 3210 752 3253 et
787 3205 1014 3276 depositis
1044 3222 1131 3270 per
1160 3206 1439 3277 pontificem
1480 3205 1628 3253 sacris
1654 3206 1879 3266 vestibus,
1903 3192 2084 3271 antiqui

305 3286 603 3334 associarunt
624 3302 771 3335 novos
794 3287 1062 3336 cardinales
1084 3287 1335 3351 pedestres
1357 3288 1418 3336 ad
1440 3288 1587 3336 finem
1616 3289 1855 3338 scalarum
1885 3289 1964 3338 ubi
1987 3290 2085 3338 sin-

292 3370 400 3435 guli
423 3384 571 3432 equos
593 3370 913 3418 ascenderunt
936 3370 1032 3419 sive
1061 3371 1215 3419 mulas
1237 3377 1283 3419 et
1305 3372 1415 3420 inde
1440 3388 1590 3436 usque
1627 3373 1686 3421 ad
1707 3377 1894 3436 portam
1922 3372 2083 3436 palatii

305 3470 343 3501 S.
376 3452 650 3512 Catherine,
682 3452 729 3498 in
754 3453 1087 3517 capite‘platee
1110 3468 1148 3501 s,
1178 3455 1304 3503 Petri
1325 3456 1485 3519 positi,
1511 3457 1590 3504 ubi
1613 3455 1818 3522 antiquis
1838 3456 1950 3505 hinc
1972 3456 2082 3507 inde
