2222 3926
91 365 93 367 ’
131 362 340 403 [Jnin1496]
582 357 749 395 RERUM
782 354 1082 393 URBANARUM
1115 353 1466 393 COMMENTARH.
1846 359 1917 397 ‘283

198 463 602 513 Sollicitatoribus
618 463 868 511 literarum
888 460 1285 525 apostolicarum,

199 547 439 611 Magistris
457 545 659 611 plumbi,

192 630 430 694 Magistris
453 629 704 693 utriusque
722 629 934 693 registri,

199 714 523 778 scriptoribus
544 713 904 777 penitentiarie,

195 797 400 846 Notariis
424 802 546 858 rote,

198 879 403 928 Notariis
424 895 616 929 camere
638 880 918 945 apostolice.

203 966 272 1012 De
293 964 520 1012 mandato
540 967 623 1013 SS.
655 967 712 1013 D.
731 967 787 1013 N.
803 980 944 1028 pape,
965 964 1574 1013 intimeturlocumtenenti
1590 967 1644 1013 R.
1664 964 1713 1012 in
1731 965 1921 1013 Christo

138 1049 189 1095 P.
216 1049 274 1094 D.
301 1047 578 1096 Sanctitatis
597 1063 682 1096 suc
704 1048 751 1095 in
768 1048 893 1096 alma
916 1048 1043 1096 Urbe
1065 1052 1113 1096 et
1134 1048 1238 1112 ejus
1261 1048 1481 1097 districtu
1496 1049 1661 1098 vicarii
1678 1049 1919 1113 generalis

138 1128 268 1192 quod
316 1129 392 1176 die
429 1129 572 1193 jovis,
611 1133 637 1177 2
679 1129 945 1178 festivitatis
986 1129 1277 1179 sanctissimi
1312 1130 1529 1194 corporis
1570 1131 1763 1192 Christi,
1795 1132 1926 1180 hora

138 1217 319 1272 octava,
342 1213 708 1275 processionem
728 1213 845 1262 cleri
866 1212 1005 1262 Urbis
1028 1228 1056 1260 a
1075 1213 1237 1277 platea
1267 1214 1465 1262 basilice
1480 1213 1711 1278 principis
1733 1219 1927 1279 aposto-

137 1296 297 1344 lorum
324 1313 411 1361 per
432 1297 557 1345 viam
592 1298 730 1361 juxta
768 1313 931 1345 muros
968 1313 1122 1361 usque
1162 1298 1224 1345 ad
1249 1298 1447 1346 domum
1488 1297 1627 1345 solite
1666 1298 1925 1346 residentia

140 1379 266 1427 bone
293 1379 529 1428 memorie
569 1379 824 1428 cardinalis
862 1379 1124 1429 Aleriensis
1149 1380 1259 1428 inde
1293 1395 1459 1428 versus
1490 1378 1686 1427 domum
1722 1381 1845 1429 Rmi.
1872 1384 1927 1430 D.

142 1463 399 1512 cardinalis
420 1479 458 1511 s,
486 1463 747 1512 Clementis
763 1468 810 1512 et
825 1479 913 1528 per
930 1464 1056 1513 viam
1076 1465 1300 1513 Sanctam
1319 1464 1379 1512 ad
1396 1463 1643 1512 basilicam
1660 1463 1927 1527 predictam

130 1548 232 1595 'suo
255 1547 422 1596 ordine
442 1547 709 1610 procedere
729 1547 889 1607 faciat,
913 1564 1010 1597 non
1037 1548 1339 1612 expectando
1370 1548 1736 1612 processionem
1759 1551 1843 1597 SS.
1867 1551 1923 1596 D.

142 1633 197 1680 N.
228 1647 351 1695 pape
384 1631 458 1680 vel
493 1631 558 1678 illi
593 1647 643 1679 se
679 1631 1017 1681 immiscendo.
1055 1632 1309 1680 Mandatur
1346 1631 1492 1680 etiam
1528 1632 1796 1680 camerario
1811 1631 1925 1680 cleri

142 1705 362 1778 predicti,
386 1714 506 1762 hora
528 1719 574 1763 et
592 1715 759 1763 ordine
774 1715 1022 1779 predictis,
1044 1715 1267 1764 sollicitet
1283 1719 1330 1764 et
1349 1715 1490 1763 saciat
1509 1716 1746 1780 premissa
1766 1715 1930 1763 obser-

143 1813 274 1846 vare.

212 1882 350 1930 Feria
370 1887 560 1946 quarta,
584 1883 744 1947 vigilia
771 1884 987 1947 corporis
1009 1883 1203 1943 Christi,
1236 1888 1249 1931 1
1280 1882 1461 1932 mensis
1479 1883 1623 1947 junii,
1649 1881 1930 1946 capellanus

146 1965 535 2015 abbreviatorum
570 1967 819 2016 literarum
852 1968 1143 2032 presentavit
1182 1971 1322 2018 Rmo.
1357 1970 1413 2015 D.
1445 1966 1677 2016 cardinali
1707 1964 1929 2014 cedulam

151 2049 368 2098 omnium
394 2050 779 2099 abbreviatorum
796 2051 1076 2116 hujusmodi
1099 2051 1281 2101 tenoris
1306 2068 1316 2100 ε

216 2134 409 2183 Domini
430 2135 789 2184 abbreviatores
811 2135 1079 2199 apostolici,

214 2221 422 2282 Regens,
449 2218 706 2282 episcopus
728 2218 1048 2278 Pisaurensis,

214 2306 486 2360 Corrector,
508 2302 735 2350 Camillus
755 2302 985 2362 Millinus,
1011 2304 1269 2369 episcopus
1290 2307 1599 2364 Feretranus,

213 2389 270 2434 N.
296 2386 354 2434 de
379 2385 571 2449 Brigen,
597 2386 656 2434 de
678 2401 827 2450 parco
851 2387 1042 2451 majori,

216 2473 265 2519 S.
292 2470 351 2517 de
373 2470 597 2530 Castello,
816 2471 818 2474 ’

213 2556 236 2601 J
242 2554 459 2602 oahnnes
480 2554 538 2602 de
561 2555 810 2615 Fert-ariis,
832 2556 1015 2605 electus
1036 2557 1343 2616 Mutinensis,
1370 2556 1603 2616 datariuS,

217 2639 266 2685 S.
291 2637 350 2684 de
370 2633 595 2698 Castello,

220 2724 293 2768 Jo.
320 2720 582 2780 Bufalinus,

212 2807 264 2852 F.
289 2804 348 2852 de
369 2807 558 2865 Parma,

216 2890 268 2936 N.
289 2888 347 2936 de
367 2890 544 2938 Sancta
564 2891 813 2949 Severino,

224 2974 272 3020 S.
298 2973 521 3033 Puccius,

224 3058 277 3102 B.
300 3055 358 3103 de
381 3057 595 3116 Perusia,

218 3142 241 3186 J
247 3153 429 3187 oannes
453 3143 647 3206 Ortega,

223 3224 274 3270 P.
299 3222 490 3281 Planca,
517 3225 774 3273 advocatus
802 3226 1170 3285 consistorialis,

221 3309 276 3354 N.
299 3305 357 3353 de
369 3303 576 3365 Maffeis,
600 3309 830 3372 magister
849 3310 1051 3373 plumbi,
1076 3312 1282 3375 scriptor
1303 3312 1615 3375 apostolicus,

225 3390 279 3436 A.
304 3389 667 3452 Trapegnulius,
692 3391 931 3450 infirmUS,

224 3476 264 3520 J.
294 3475 566 3533 PonzettUS,
591 3474 799 3538 scriptor
817 3475 1131 3538 apostolicuS,
