2202 3926
275 315 341 350 142
876 313 1108 352 εῙΟΗΑΝΝΙΞ
1140 312 1435 359 BURCHARDI,
1602 314 1604 316 ’
1841 313 1925 353 [Mai
1955 313 2050 352 1494]

338 420 591 482 Sceptrum
617 435 704 484 per
730 435 808 469 me
832 420 992 484 legato
1013 419 1274 483 porrigitur
1299 416 1379 481 qui
1406 415 1541 463 illum
1574 415 1655 462 dat
1684 414 1786 478 regi
1808 414 1857 462 in
1879 415 2046 464 dexte-

271 517 372 549 ram
397 517 594 551 manum
616 502 887 567 recipienti,
912 502 1078 550 dicens
1103 518 1113 549 ε
1136 501 1315 563 Accipe
1335 499 1535 562 virqam,
1560 505 1644 544 etc.

320 586 539 632 ’Pomum
576 585 751 634 deinde
782 601 809 633 a
847 599 924 632 me
962 584 1121 646 legato
1144 584 1439 645 porrectum,
1472 580 1658 644 legatus
1689 581 1832 629 tradit
1863 580 1963 645 regi
1995 580 2044 628 in

268 667 509 716 sinistram
527 668 797 732 recipienti,
822 667 988 714 dicens
1013 681 1022 712 :
1046 664 1222 727 Accipe
1246 664 1492 727 diynitatis
1503 679 1721 726 pomum,
1746 671 1791 711 et
1804 681 1896 728 per
1921 664 1975 711 id
1997 665 2045 711 in

267 759 309 798 te
328 751 546 799 catholice
561 751 678 814 fidei
697 766 918 814 coynosce
936 749 1252 813 signaculum,
1278 745 1389 811 quia
1416 753 1470 793 ut
1494 745 1628 793 hodie
1648 745 1880 793 ordinaris
1907 754 2048 811 caput

266 834 536 898 etprinceps
556 832 694 897 requi
714 840 760 880 et
765 832 949 896 populi,
973 832 1038 879 ita
1052 846 1315 895 perseveres
1337 829 1508 877 author
1528 836 1574 876 et
1588 828 1818 876 stabilitor
1838 829 2046 877 christia-

264 933 433 965 norum
463 924 510 965 et
535 916 651 981 fidei
682 916 950 974 christiane,
983 924 1039 964 ut
1064 916 1189 981 felix
1221 915 1269 962 iri
1300 930 1451 978 opere,
1484 912 1688 975 locuples
1721 912 1770 959 in
1793 911 1907 976 fide,
1941 928 2046 960 cum

262 1016 373 1064 reqe
392 1016 559 1064 requm
572 999 803 1064 ylorieris,
828 999 909 1063 qui
930 1000 1042 1047 vivit
1053 1007 1283 1063 etreynat
1303 998 1446 1057 Deus,
1464 1012 1552 1059 per
1571 996 1730 1044 omnia
1744 995 1899 1042 secula
1918 1011 2047 1042 secu-

268 1083 435 1132 lorum.
460 1083 647 1153 Amen..

333 1166 491 1230 Surgit
524 1182 624 1226 rex,
662 1171 709 1214 et
741 1180 829 1231 per
861 1180 939 1214 me
977 1180 1093 1214 ense
1127 1164 1427 1229 discingitur,
1459 1167 1507 1213 et
1542 1166 1600 1211 D.
1630 1161 1824 1211 Hectori
1863 1162 2046 1211 Caraffe

269 1249 535 1299 camerario
559 1265 643 1299 suo
661 1249 833 1314 majori
855 1248 1073 1310 traditur,
1100 1249 1179 1313 qui
1202 1264 1311 1298 eum
1330 1249 1378 1296 in
1399 1247 1619 1313 vaginam
1641 1246 1916 1296 immediate
1935 1251 2046 1295 ante

272 1350 437 1398 regem
459 1334 614 1382 defert
629 1350 716 1399 per
734 1337 888 1382 totum
909 1332 1140 1382 officium.

337 1420 541 1482 Legatus
557 1434 585 1466 a
604 1417 785 1466 dextris
807 1422 855 1465 et
877 1416 1270 1481 archiepiscopus
1288 1416 1631 1481 Neapolitanus
1650 1432 1676 1464 a
1695 1414 1899 1463 sinistris
1921 1414 2046 1479 regis

271 1502 518 1551 deducunt
560 1501 717 1566 ipsum
765 1516 956 1565 regem,
996 1500 1288 1565 precedente
1331 1500 1433 1548 solo
1472 1503 1750 1564 porrectore
1791 1499 2044 1565 ejusdem,

284 1589 553 1650 sequuntur
589 1584 865 1649 patriarcha
901 1582 1259 1642 Antiochensis,
1306 1586 1520 1632 oratores
1561 1583 1678 1647 regii
1721 1587 1766 1631 et
1813 1581 2047 1647 capellani

277 1669 487 1734 majores
506 1684 614 1717 cum
634 1667 910 1716 confessore
933 1670 980 1715 et
1001 1666 1384 1726 eleemosinario,
1403 1666 1482 1714 uhi
1507 1683 1588 1715 rex
1610 1666 1712 1731 ipse
1734 1683 1845 1715 cum
1860 1670 2048 1730 sceptro

275 1753 325 1801 in
346 1753 513 1802 dextra
533 1757 580 1801 et
601 1768 746 1816 pomo
772 1751 822 1799 in
850 1751 1040 1800 sinistra
1065 1767 1152 1815 per
1178 1751 1392 1815 legatum
1423 1754 1471 1799 et
1500 1749 1919 1815 archiepiscopum
1946 1764 2052 1813 pre-

276 1838 476 1898 dictum,
498 1838 546 1885 in
577 1837 696 1886 solio
719 1842 763 1885 et
795 1837 908 1886 sede
937 1834 1069 1899 regia
1096 1833 1429 1883 intromittitur
1458 1838 1506 1882 et
1536 1834 1597 1882 ad
1625 1833 1892 1882 sedendum
1918 1832 2053 1896 poni-

275 1925 365 1980 tur,
388 1920 550 1984 legato
570 1920 760 1968 dicente
780 1919 859 1967 Ita
880 1926 924 1967 et
941 1919 1088 1967 retine
1107 1926 1190 1966 etc,

343 2002 695 2066 Convenienter
724 2002 988 2066 precedent
1022 2017 1189 2066 regem
1226 2016 1396 2050 omnes
1428 2000 1563 2065 regii,
1600 2004 1648 2049 et
1678 2000 1849 2065 prelati
1882 2015 2051 2048 omnes

277 2086 430 2151 parati
462 2090 724 2149 sequentur
757 2091 938 2135 stantes
968 2085 1019 2133 in
1048 2085 1261 2134 thalamo
1292 2101 1320 2133 a
1352 2084 1531 2133 dextris
1561 2088 1608 2134 et
1637 2100 1666 2132 a
1702 2083 1907 2133 sinistris
1940 2087 2052 2132 ante

278 2170 443 2218 sedem
477 2170 679 2234 regiam,
714 2170 800 2219 sed
827 2185 914 2232 pro
948 2169 1170 2233 angustia
1195 2168 1289 2217 loci
1322 2168 1425 2216 fieri
1456 2168 1632 2232 poterit
1663 2171 1712 2216 ut
1746 2183 1891 2232 supra
1920 2167 2045 2225 dixi;

277 2252 405 2300 istud
425 2257 587 2301 tamen
605 2252 794 2301 melius.

344 2338 474 2399 Rege
495 2335 795 2392 intronizato,
819 2335 1024 2398 legatuS,
1044 2334 1260 2398 deposita
1279 2334 1438 2394 mitra,
1464 2339 1595 2383 stans
1619 2351 1778 2385 versus
1801 2334 1861 2383 ad
1882 2335 2047 2393 altare,

262 2418 445 2483 incipit
473 2418 520 2466 in
549 2422 693 2466 cantu
723 2418 968 2470 TeDcum
994 2417 1260 2477 laudamus,
1291 2417 1420 2480 quod
1446 2422 1669 2467 cantores
1696 2421 2054 2482 prosequuntur

212 2569 214 2571 ‚
280 2517 433 2565 usque
456 2501 516 2549 ad
533 2501 699 2560 finem,
721 2500 882 2564 legato
903 2500 1007 2564 ipso
1030 2501 1090 2549 ad
1111 2500 1357 2550 dexteram
1382 2505 1429 2549 et
1455 2500 1822 2565 archiepiscopo
1844 2500 1904 2548 ad
1919 2499 2054 2547 sinis-

283 2590 405 2634 tram
427 2585 554 2649 regis
578 2585 680 2633 sine
702 2583 858 2632 mitris
879 2583 1073 2632 interim
1095 2584 1350 2644 stantibUS,
1375 2588 1422 2633 et
1443 2584 1685 2649 regalibus
1707 2584 1929 2633 omnibus
1947 2591 2055 2650 post

280 2667 523 2732 predictos
543 2668 658 2716 hinc
680 2667 791 2715 inde
809 2667 946 2731 juxta
965 2683 1148 2731 regem.

345 2752 501 2801 Finito
543 2751 606 2799 Te
633 2752 800 2810 Deum,
827 2751 1015 2814 legatus
1054 2755 1184 2799 stans
1225 2751 1272 2798 in
1301 2752 1408 2800 loco
1445 2753 1662 2816 predicto
1688 2753 1826 2817 juxta
1865 2768 2048 2817 regem,

281 2835 472 2884 detecto
495 2835 669 2899 capite,
695 2851 752 2883 ex
772 2834 892 2883 libro
921 2833 1035 2882 dicit
1061 2850 1070 2881 :
1095 2834 1337 2882 Firmetur
1356 2851 1526 2883 manus
1553 2843 1634 2883 tua
1664 2844 1771 2896 etc„
1803 2852 1915 2884 cum
1938 2836 2052 2883 dua-

279 2918 367 2967 bus
388 2917 683 2966 orationibus
705 2917 1018 2980 sequentibus
1043 2932 1051 2963 :
1077 2916 1205 2964 idem
1228 2916 1392 2964 dicunt
1413 2917 1555 2981 plane
1574 2932 1742 2966 omnes
1759 2917 1945 2980 prelati.

343 3002 426 3050 His
462 3000 617 3062 dictis,
646 3001 832 3064 legatus
866 3004 1066 3063 accepta
1091 2999 1231 3047 mitra
1258 3004 1304 3048 et
1335 3000 1461 3048 facta
1493 3016 1603 3048 cum
1639 3016 1697 3048 ea
1724 3000 1825 3064 regi
1857 3000 2047 3064 aliquali

281 3085 563 3146 reverentia,
594 3088 640 3132 et
679 3099 765 3148 per
802 3097 969 3146 regem
1005 3082 1105 3146 pari
1141 3082 1286 3130 modo
1317 3082 1511 3142 refacta,
1546 3081 1670 3130 redit
1703 3098 1812 3130 cum
1851 3083 2047 3146 prelatis

282 3166 501 3216 similiter
539 3182 648 3214 cum
687 3165 840 3214 mitris
881 3163 1240 3224 incedentibus,
1277 3164 1496 3214 similiter
1533 3180 1619 3229 per
1657 3180 1740 3214 eos
1779 3165 1912 3229 prius
1945 3165 2046 3229 regi

281 3251 547 3300 reverentia
576 3251 716 3310 facta,
741 3248 802 3297 ad
833 3263 972 3296 suum
1008 3247 1340 3307 faldistorium,
1366 3252 1412 3296 et
1446 3247 1512 3294 illi
1542 3247 1602 3295 ad
1628 3264 1713 3295 sua
1744 3263 1970 3308 scamna;
2000 3253 2046 3296 et

281 3338 504 3383 cantores
532 3333 696 3382 dicunt
727 3330 990 3381 secundum
1015 3332 1247 3396 hymnum
1283 3347 1391 3379 cum
1428 3347 1514 3379 suo
1544 3347 1701 3391 versu,
1746 3331 1863 3380 Veni
1890 3338 2046 3379 sancte

280 3417 516 3482 Spiritus,·
557 3416 617 3466 ad
653 3433 796 3480 quem
834 3416 1020 3481 legatus
1055 3415 1105 3463 in
1141 3432 1228 3464 suo
1271 3414 1554 3473 faldistoriO,
1593 3418 1640 3463 et
1675 3430 1777 3473 reX,
1815 3412 2043 3478 depositis
