2202 3926
159 310 240 351 [Mai
262 309 354 347 1494]
604 305 770 342 RERUM
805 306 1103 344 URBANARLJM
1139 307 1488 344 COMMENTAHH.
1871 313 1935 348 157

154 427 356 474 ponens,
397 409 620 458 videlicet
655 409 902 458 dexteram
943 426 1087 474 super
1123 409 1384 473 evangelia,
1425 412 1471 457 et
1511 409 1752 458 sinistram
1791 428 1937 475 super

152 494 450 553 crucifixum,
469 493 644 558 juravit
667 508 801 542 more
830 493 987 542 solito.
1022 495 1143 541 Tum
1171 492 1358 556 legatus
1393 492 1597 541 instituit
1621 498 1669 542 et
1695 493 1936 543 investivit

152 593 335 642 regem,
365 594 452 642 per
473 578 779 626 traditionem
799 577 973 637 vexilli,
1005 576 1064 625 de
1093 591 1260 640 regno,
1287 580 1334 624 et
1355 575 1403 623 in
1424 575 1550 623 illius
1572 577 1935 640 possessionem

152 660 310 725 ipsum
338 661 538 721 induxit,
570 662 735 710 dicens
762 660 1057 709 Aeectoritate
1084 660 1336 723 apostoliea
1361 667 1445 707 ete.
1476 662 1546 707 De
1578 659 1750 723 quibus
1777 661 1935 710 verbis

153 744 307 793 fuerat
329 745 405 794 die
427 745 706 810 precedenti
726 746 872 810 longa
892 743 1080 808 questio
1109 762 1118 791 :
1145 759 1235 807 ego
1259 757 1466 805 namque
1488 742 1637 791 verba
1657 744 1934 807 hujusmodi

152 828 240 875 sub
261 829 480 893 sequenti
502 834 670 878 tenore
692 844 1031 892 conceperam,
1055 826 1279 876 videlicet
1303 842 1312 873 :

220 935 242 957 «
272 913 566 961 Auctoritate
585 912 851 975 apostolica
867 911 1006 959 nobis
1024 911 1073 957 in
1091 910 1183 957 hac
1201 914 1336 973 parte
1359 909 1621 957 commissa
1640 925 1728 973 per
1744 910 1934 973 impen-

151 997 341 1045 sionem
375 996 517 1060 hujus
550 995 789 1043 vexilli'in
826 994 920 1041 tuis
956 992 1198 1050 manibuS,
1240 996 1285 1039 te
1326 990 1385 1038 de
1428 1007 1576 1054 regno
1616 991 1777 1039 Sicilie
1814 993 1934 1041 citra

150 1081 374 1140 Pharum,
400 1083 447 1128 et
470 1083 569 1127 tota
588 1083 718 1125 terra
734 1092 826 1139 que
849 1079 921 1124 est
940 1075 1061 1123 citra
1080 1074 1287 1122 Pharum
1305 1089 1454 1137 usque
1474 1074 1535 1122 ad
1555 1075 1764 1123 confinia
1786 1081 1933 1124 terra-

148 1180 252 1212 rum
282 1166 447 1211 sancte
482 1177 683 1210 romane
718 1159 934 1207 Ecclesie
967 1174 1133 1207 versus
1169 1159 1408 1206 civitatem
1444 1161 1853 1218 Beneventanam,
1886 1164 1935 1208 et

146 1246 249 1294 aliis
268 1244 508 1308 expressis
524 1245 572 1291 in
590 1243 742 1292 literis
760 1242 1039 1307 apostolicis
1059 1241 1198 1290 nobis
1217 1241 1413 1290 directis
1433 1258 1487 1290 ac
1506 1243 1733 1291 omnibus
1743 1243 1933 1307 juribus

147 1332 192 1377 et
218 1323 518 1392 pertinentiis
546 1326 830 1376 eorumdem
851 1325 1150 1385 investimus,
1177 1329 1322 1389 teque
1349 1325 1398 1373 in
1426 1325 1564 1389 regni
1597 1330 1645 1374 et
1672 1331 1799 1375 terre
1819 1343 1932 1390 pre-

146 1411 400 1470 dictarum,
437 1410 636 1471 realem,
680 1409 981 1474 corporalem
1023 1413 1070 1458 et
1108 1408 1349 1458 actualem
1388 1411 1750 1474 possessionem
1791 1411 1932 1459 indu-

145 1497 314 1556 cimus,
338 1498 476 1560 juxta
496 1496 702 1544 formam
723 1499 771 1544 et
794 1499 1012 1544 tenorem
1033 1495 1279 1543 literarum
1310 1493 1610 1543 earumdem.
1649 1497 1701 1542 In
1734 1494 1931 1543 nomine

145 1580 298 1629 Patris
323 1584 370 1629 et
390 1580 492 1627 Filii
517 1584 564 1628 et
586 1580 790 1644 Spiritus
817 1579 984 1628 sancti.
1010 1582 1183 1627 Amen.
1213 1599 1235 1622 »

209 1664 305 1713 Sed
326 1668 384 1714 D,
410 1663 634 1712 Stefanus
657 1664 715 1713 de
737 1663 915 1712 Narnia
935 1663 1151 1712 notarius
1174 1663 1241 1710 sic
1263 1666 1553 1727 conceperat
1577 1679 1586 1710 :

213 1769 236 1793 «
275 1752 367 1797 Per
398 1749 760 1813 impositionem
792 1747 1070 1812 hujusmodi
1098 1748 1256 1796 vexilli
1285 1753 1450 1796 sancte
1482 1763 1680 1796 romane
1712 1748 1929 1797 Ecclesie

142 1833 422 1882 investimus
445 1838 492 1882 te
521 1834 580 1881 de
602 1849 753 1896 regno
776 1832 936 1880 Sicilie
958 1837 1006 1879 et
1027 1836 1156 1880 terra
1176 1831 1297 1879 citra
1318 1832 1528 1880 Pharum
1544 1832 1683 1896 juxta
1707 1836 1926 1881 tenorem

141 1916 498 1964 commissionis
533 1916 672 1964 nobis
704 1915 849 1975 facte,
891 1919 938 1963 et
974 1919 1019 1963 te
1057 1916 1106 1963 in
1140 1914 1502 1979 possessionem
1540 1916 1676 1980 regni
1714 1919 1761 1964 et
1797 1920 1924 1964 terre

142 2000 426 2049 eorumdem
447 1999 721 2047 inducimus
742 1999 792 2045 in
814 1998 1010 2046 nomine
1033 1998 1185 2046 Patris
1207 2003 1255 2047 et
1276 1998 1381 2045 Filii
1404 2003 1450 2047 et
1475 1999 1680 2061 Spiritus
1703 1999 1854 2046 sancti
1879 2020 1923 2057 »‚

141 2088 188 2131 et
215 2083 336 2131 nihil
363 2083 632 2147 excipiebat
666 2098 675 2129 :
712 2081 839 2129 unde
860 2081 999 2130 nobis
1031 2081 1237 2141 duobus,
1271 2081 1492 2130 videlicet
1514 2083 1571 2129 D.
1598 2081 1844 2145 Stephano
1878 2086 1927 2129 et

140 2181 217 2214 me
241 2181 404 2214 coram
426 2170 484 2214 D.
510 2164 659 2213 Paulo
683 2163 743 2212 de
772 2163 979 2212 Castello
1000 2163 1251 2212 literarum
1272 2166 1648 2230 apostolicarum
1671 2166 1730 2214 de
1751 2166 1923 2230 majori

137 2247 433 2311 presidentia
450 2247 799 2307 abbreviatore,
818 2263 965 2312 super
980 2248 1259 2312 hujusmodi
1277 2249 1432 2298 verbis
1452 2249 1825 2314 disputantibus,
1845 2266 1923 2297 me

139 2333 328 2381 dicente
350 2332 481 2396 quod
500 2332 550 2380 in
576 2332 707 2380 bulla
737 2336 939 2396 excepta
967 2331 1110 2380 etiam
1138 2332 1347 2381 debeant
1375 2333 1423 2381 in
1444 2324 1724 2382 investitura
1748 2333 1919 2397 excipi,

137 2421 185 2465 et
213 2416 295 2464 illo
329 2416 654 2481 respondente
686 2415 817 2480 quod
846 2416 1106 2465 consiliarii
1140 2416 1269 2481 regis
1295 2417 1459 2466 volunt
1487 2418 1816 2466 investituram
1839 2433 1924 2482 per

137 2517 223 2549 sua
240 2501 402 2561 verba,
416 2500 637 2549 videlicet
657 2499 874 2565 proxime
892 2501 1051 2565 posita
1068 2505 1273 2560 tantum,
1292 2501 1415 2561 fieri,
1439 2501 1635 2550 tandem
1654 2501 1922 2550 concorda-

134 2584 284 2633 vimus
305 2585 367 2634 ad
390 2585 597 2633 formam
627 2584 846 2648 superius
875 2584 922 2632 in
950 2585 1251 2634 ordinatione
1283 2586 1674 2634 ceremoniarum
1692 2585 1916 2649 positam.

152 2679 156 2682 ’
203 2673 304 2719 Rex
337 2669 585 2718 investitus
620 2668 814 2717 tradidit
841 2668 1067 2717 vexillum
1100 2669 1387 2717 cancellario
1424 2669 1560 2733 regni
1596 2684 1742 2716 manu
1775 2668 1917 2731 legati

137 2751 225 2799 sibi
245 2756 414 2816 parato
435 2753 563 2802 inter
583 2768 694 2802 suos
715 2752 835 2801 duos
856 2752 1067 2817 prelatos
1086 2752 1383 2811 assistentes,
1411 2758 1458 2800 et
1480 2756 1536 2800 D.
1564 2752 1837 2816 Stephanus
1860 2751 1919 2799 de

134 2835 313 2884 Narnia
338 2836 550 2885 notarius
578 2852 769 2884 camere
794 2836 1042 2900 requisivit
1063 2840 1276 2885 astantes
1296 2836 1344 2884 in
1364 2839 1514 2884 testes
1536 2836 1595 2884 de
1617 2835 1914 2893 investitura,

136 2924 182 2968 et
211 2926 493 2985 procurator
521 2921 698 2969 fiscalis
732 2921 859 2985 regis
889 2921 1011 2969 nihil
1044 2920 1179 2969 dixit.
1217 2923 1505 2969 Processum
1533 2919 1622 2967 fuit
1649 2918 1824 2967 deinde
1858 2919 1917 2966 ad

135 3004 498 3054 coronationem
532 3004 677 3069 regis,
712 3010 898 3055 servato
933 3005 1102 3054 ordine
1134 3003 1373 3069 superius,
1408 3007 1456 3052 et
1487 3007 1539 3051 ut
1572 3002 1620 3050 in
1654 3001 1916 3066 pontificali

134 3086 307 3149 posito.
333 3090 565 3138 Pervento
594 3105 745 3152 usque
774 3089 835 3137 ad
858 3088 1250 3138 benedictionem
1282 3087 1411 3151 regis
1434 3087 1483 3134 in
1503 3086 1699 3143 letania,
1728 3086 1915 3149 legatus

132 3183 219 3231 per
247 3167 644 3220 inadvertentiam
680 3172 797 3219 dixit
829 3171 902 3219 bis
936 3171 985 3218 in
1017 3177 1132 3219 tono
1165 3171 1361 3228 letanie,
1400 3177 1454 3216 zet
1481 3169 1606 3218 hunc
1640 3171 1833 3218 electum
1867 3172 1915 3218 in

132 3269 289 3316 reyem
328 3254 645 3301 coronandum
694 3255 958 3302 benedicere
995 3254 1247 3318 diffitetur,⁸
1290 3257 1547 3318 propterea
1586 3253 1831 3316 replicavit
1870 3259 1915 3302 et

134 3334 276 3383 tertio
309 3333 490 3382 addidit
519 3343 564 3382 et
591 3353 857 3384 consecrare
885 3353 899 3383 :
927 3352 1097 3384 omnes
1125 3336 1367 3385 orationes
1396 3338 1443 3382 et
1469 3334 1561 3381 alia
1585 3334 1702 3398 legit
1727 3335 1914 3398 legatus

134 3418 426 3482 competenti
448 3434 579 3468 voce.
