2222 3926
340 336 409 371 322
947 335 1176 373 JOHANN1S
1214 335 1506 379 eunomiani,
1726 319 1733 325 '
1891 335 1999 375 [110111
2020 336 2115 375 1496]

339 436 531 483 Domini
568 437 717 484 nostri
749 440 863 485 Jesu
897 437 1088 486 Christi.
1126 437 1329 485 Prestito
1351 437 1647 499 juramento,
1684 434 1926 497 predictus
1956 436 2112 499 impe-

337 524 467 566 rator
486 519 581 567 sive
603 536 687 567 rex
709 519 1013 583 amplectitur
1041 519 1275 566 ambobus
1307 518 1514 564 brachiis
1545 517 1811 579 predictam
1837 518 2114 567 columnam

338 618 659 651 marmoream
679 609 891 651 erectam
914 603 961 648 in
985 602 1176 664 signum
1198 600 1328 663 quod
1349 599 1656 663 amplectitur
1677 599 1950 647 dominium
1972 601 2115 649 totius

340 685 496 741 Italie3
523 689 569 732 et
598 684 720 732 sicut
738 684 819 731 illa
841 683 1067 731 columna
1089 688 1159 731 est
1182 687 1362 741 erecta,
1389 682 1455 730 ita
1471 682 1658 746 justitia
1681 689 1843 731 erecta
1866 683 1925 731 sit
1948 683 1997 731 in
2018 683 2122 747 ipso

339 769 649 831 imperatore.

402 855 575 899 Postea
599 851 753 899 dictus
785 867 950 899 comes
983 850 1186 914 accipiat
1219 865 1330 897 cum
1362 849 1633 897 reverentia
1667 865 1813 896 unam
1845 865 2041 898 crucem
2068 850 2117 898 111

336 935 573 994 manibus,
601 951 744 999 supra
764 950 908 998 quam
930 934 990 982 sit
1012 934 1170 997 imago
1194 932 1384 981 Domini
1404 932 1555 981 nostri
1578 934 1691 980 Jesu
1717 932 1910 990 Christi,
1931 937 1979 981 et
2003 938 2113 982 ante

335 1019 489 1083 ipsam
520 1033 715 1066 crucem
751 1017 1015 1081 imperator
1033 1017 1172 1064 flexis
1205 1016 1424 1080 genibus,
1451 1014 1666 1074 devotus,
1694 1015 1940 1062 osculatur
1969 1015 2118 1079 pedes

341 1101 570 1149 crucifixi.

405 1186 506 1232 Hoc
540 1184 686 1242 facto,
719 1184 965 1247 predictus
1003 1199 1186 1243 comes,
1213 1199 1323 1231 cum
1355 1197 1498 1231 cruce
1533 1182 1582 1229 111
1610 1181 1850 1240 manibuS,
1878 1183 2119 1233 antecedit

340 1266 683 1331 imperatorem
707 1271 754 1315 et
772 1268 929 1331 ipsum
951 1266 1214 1315 introducit
1236 1267 1285 1314 in
1311 1266 1567 1314 ecclesiam
1587 1266 1680 1315 divi
1701 1267 1942 1315 Ambrosii
1969 1283 2119 1331 usque

343 1350 403 1397 ad
431 1351 593 1398 10611111
622 1350 700 1398 ubi
731 1351 917 1415 sculpta
947 1356 1020 1399 est
1057 1351 1217 1413 imago
1256 1350 1466 1398 hominis
1503 1351 1711 1399 tenentis
1754 1350 1800 1398 in
1829 1367 1974 1399 manu
2006 1367 2121 1400 cau-

342 1434 453 1482 dam
485 1433 657 1492 leonis,
690 1439 737 1483 et
770 1434 889 1498 lapis
923 1435 1011 1483 istc
1042 1428 1478 1492 ’6511111111110161157
1509 1439 1556 1481 61
1591 1438 1663 1481 651
1696 1450 1724 1481 a
1755 1439 1892 1498 parte
1927 1434 2121 1495 sinistra

342 1515 563 1564 intrando
586 1517 788 1564 chorum
811 1517 938 1565 dicte
960 1518 1182 1576 ecclesie,
1209 1518 1367 1566 eundo
1390 1533 1552 1565 versus
1572 1517 1719 1565 altare
1741 1518 1915 1581 majus,
1938 1523 1985 1565 et
2006 1517 2122 1566 dici-

343 1604 420 1648 tur
450 1601 611 1664 imago
648 1600 728 1648 illa
767 1601 979 1648 hominis
1016 1617 1123 1650 esse
1163 1601 1411 1659 Herculis,
1446 1605 1493 1649 et
1528 1601 1643 1648 dum
1679 1601 2022 1665 applicaverint
2061 1602 2122 1650 ad

342 1683 501 1731 locum
523 1683 812 1747 predictum,
834 1685 936 1748 ipse
959 1699 1123 1733 comes
1146 1684 1341 1749 deponit
1362 1684 1491 1731 illam
1513 1684 1776 1746 imaginem
1798 1669 1954 1732 crucis
1976 1700 2119 1748 quam

343 1770 476 1813 tenet
510 1765 555 1812 in
591 1766 832 1825 manibus,
869 1770 916 1814 61
946 1767 1099 1815 dictus
1133 1767 1396 1831 imperator
1427 1767 1579 1815 flectit
1610 1782 1769 1830 genua
1802 1772 1849 1815 61
1877 1767 2122 1816 osculatur

343 1863 556 1896 crucem.
584 1848 666 1896 His
698 1850 923 1912 peractis,
949 1850 1109 1898 denuo
1138 1850 1240 1913 ipse
1272 1865 1436 1898 comes
1465 1850 1640 1913 accipit
1660 1866 1864 1899 *crucem
1894 1850 1938 1898 in
1966 1850 2121 1899 mani-

343 1932 452 1989 bus,
482 1936 529 1980 et
550 1931 768 1995 precedit
789 1933 1129 1998 imperatorem
1151 1937 1196 1981 et
1221 1949 1329 1982 eum
1353 1933 1615 1981 introducit
1636 1933 1684 1980 in
1706 1933 1908 1981 chorum
1927 1937 1974 1981 et
1993 1933 2122 1982 ducit

342 2014 498 2078 ipsum
526 2015 587 2063 ad
608 2016 757 2064 altare
776 2018 954 2080 majus,
976 2022 1023 2066 et
1045 2017 1108 2064 ibi
1131 2017 1280 2065 flectit
1301 2032 1460 2080 genua
1481 2016 1541 2063 ad
1560 2016 1754 2064 bassum
1776 2017 1935 2065 altaris
1953 2034 1963 2077 3
1985 2021 2033 2066 et
2054 2017 2122 2066 sic

344 2100 531 2158 stando,
553 2099 654 2163 ipse
677 2116 841 2148 6011165
862 2101 984 2150 levat
1011 2101 1099 2165 ipsi
1122 2100 1402 2164 imperatori
1427 2100 1484 2148 de
1514 2100 1668 2163 capite
1694 2115 1924 2148 coronam
1946 2106 1993 2148 et
2014 2115 2122 2148 eam

343 2181 539 2246 deponit
572 2199 715 2246 super
741 2184 888 2232 altare
923 2184 1051 2232 beati
1081 2183 1338 2238 Ambrosii,
1368 2188 1414 2232 61
1445 2183 1509 2230 ihi
1540 2188 1613 2231 651
1644 2187 1836 2245 paratus
1865 2186 2031 2231 Rmus.
2058 2186 2115 2231 D.

343 2265 598 2329 episcopus
625 2267 1000 2316 Mediolanensis
1032 2268 1112 2330 qui
1145 2266 1258 2316 facit
1285 2266 1498 2315 officium
1526 2266 1615 2329 ipsi
1647 2265 1946 2329 imperatori,
1977 2269 2121 2328 prout

342 2348 491 2396 moris
529 2354 619 2396 est.
656 2351 712 2396 Et
747 2349 795 2396 in
829 2349 943 2407 fine,
979 2349 1221 2413 predictus
1263 2364 1426 2397 comes
1467 2347 1673 2411 imponit
1706 2347 1797 2411 ipsi
1838 2346 2118 2411 imperatori

342 2446 573 2478 coronam
606 2431 812 2479 ferream
848 2448 938 2494 que
975 2431 1232 2480 Mediolani
1268 2432 1581 2495 gubernatur.
1617 2430 1700 2490 His
1735 2430 1987 2494 expeditis,
2023 2430 2118 2478 duo

342 2514 529 2562 nobiles
562 2515 810 2579 parentele
840 2515 1049 2572 comitis,
1087 2515 1237 2562 induti
1273 2515 1436 2578 cappis
1471 2502 1591 2561 albis
1634 2529 1778 2578 super
1814 2513 2115 2562 vestimentis

341 2613 526 2655 eorum,
553 2614 663 2646 cum
696 2599 964 2647 reverentia
993 2597 1232 2662 accipiunt
1265 2598 1313 2645 in
1343 2613 1511 2646 eorum
1540 2597 1749 2645 brachiis
1772 2599 1828 2644 D.
1853 2596 2119 2662 imperato—

340 2695 443 2728 rem
473 2685 519 2728 61
547 2697 658 2729 611111
685 2687 878 2746 portant
906 2696 1050 2746 super
1082 2681 1360 2730 cathedram
1383 2698 1422 2729 5.
1446 2681 1707 2739 Ambrosii,
1731 2685 1778 2730 et
1808 2681 1874 2728 ibi
1905 2680 2113 2740 sedebit3

341 2769 387 2810 et
406 2765 618 2812 sedendo
641 2766 896 2814 confirmat
911 2765 1285 2829 privilegiaipsis
1301 2765 1557 2814 comitibus
1580 2764 1639 2813 de
1656 2765 1881 2829 lnglesio,
1898 2764 1946 2812 in
1965 2769 2117 2813 totum

342 2852 387 2893 61
415 2863 503 2910 per
529 2853 700 2907 totum,
726 2853 865 2912 prout
891 2849 1071 2912 jacent,
1095 2854 1141 2896 et
1170 2848 1228 2896 de
1258 2848 1361 2911 ipsa
1390 2848 1756 2896 confirmatione
1789 2848 1841 2896 fit
1872 2847 2117 2911 publicum

340 2929 733 2978 instrumentum.
762 2933 879 2978 Item
902 2932 952 2978 fit
975 2931 1106 2978 aliud
1127 2931 1502 2978 instrumentum
1533 2931 1739 2994 qualiter
1767 2929 2010 2992 predictus
2032 2929 2118 2978 de-

340 3009 437 3059 bite
459 3012 626 3076 recipit
647 3029 877 3061 coronam
896 3014 1103 3061 ferream
1126 3013 1173 3060 in
1188 3012 1478 3062 Mediolano.

407 3097 529 3143 Nota
550 3096 676 3159 quod
698 3099 754 3144 D.
779 3096 1041 3159 imperator
1058 3112 1152 3143 non
1180 3096 1323 3144 debet
1346 3096 1522 3144 morari
1550 3096 1599 3144 in
1620 3096 1807 3145 civitate
1833 3096 2110 3156 Mediolani,

340 3179 428 3227 nisi
450 3196 589 3228 casus
610 3181 901 3229 infirmitatis
923 3180 1062 3238 adsit,
1080 3180 1152 3227 vel
1171 3179 1299 3227 aliud
1317 3180 1500 3244 justum
1523 3179 1939 3244 impedimentum.

406 3265 747 3322 Bernardinus,
779 3263 1088 3312 miseratione
1119 3263 1276 3311 divina
1303 3270 1609 3312 sacrosancte
1650 3279 1849 3312 romane
1878 3261 2108 3320 Ecclesie,

342 3347 458 3394 tituli
490 3352 654 3396 sancte
683 3346 845 3395 Crucis
873 3347 921 3394 111
951 3345 1251 3393 Hierusalem
1280 3345 1530 3410 presbyter
1561 3346 1833 3405 cardinalis,
1856 3346 2112 3410 episcopus

337 3430 645 3493 Saguntinus,
678 3431 738 3478 ad
769 3429 1129 3478 serenissimum
1165 3428 1542 3494 Maximilianum
1583 3444 1892 3498 1·egem,tper
1926 3427 2110 3476 ltaliam
