2216 3886
170 321 307 361 [Juillet
330 324 422 362 1499]
615 323 783 360 RERUM
819 323 1120 369 URBANARUM
1153 324 1502 361 COMMENTARM.
1882 327 1950 362 547

168 428 424 488 propterea
450 425 737 489 aufugerant
764 425 823 473 de
845 426 989 474 domo
1017 426 1396 475 vicecancellarii
1423 441 1592 475 omnes
1615 425 1818 489 predicti
1847 442 1949 474 ser-

169 508 344 556 vitores
372 507 444 556 sui
475 513 523 556 et
548 508 742 572 prelati3
775 513 822 558 et
852 510 979 558 bona
1005 525 1174 559 eorum
1204 526 1260 559 ex
1290 526 1347 559 ea
1368 509 1427 558 ab
1449 509 1622 558 eodem
1651 525 1793 558 mane
1821 509 1949 558 circa

167 596 501 655 exportarunt;
539 592 932 656 archiepiscopus
964 593 1237 652 Januensis,
1272 593 1529 657 episcopus
1563 593 1802 652 Sutrinus,
1835 593 1948 642 Ala-

168 674 337 734 trinus,
375 676 731 738 protonotarius
764 676 977 724 Marinus
1011 682 1057 724 et
1095 677 1273 725 Sfortia
1302 671 1623 741 confugerunt
1657 676 1717 725 ad
1749 677 1946 725 domum

168 758 290 805 Rmi.
317 761 374 806 D.
403 758 658 807 cardinalis
680 759 739 807 de
769 759 1019 807 Columna.
1055 762 1230 823 Captus
1258 760 1346 808 fuit
1375 764 1422 808 et
1450 760 1509 808 ad
1539 765 1750 808 castrum
1777 777 1816 807 s,
1846 761 1946 807 An-

165 841 259 904 geli
281 841 452 890 ductus
478 843 672 905 quidam
695 842 1081 901 Bartholomeus,
1107 842 1400 890 camerarius
1421 842 1821 902 vicecancellarii,
1846 859 1942 892 non

168 929 328 973 tamen
346 925 495 979 lesus,
527 926 612 973 sed
632 941 802 990 parum
823 930 929 989 post
951 925 1199 973 liberatuS.
1226 928 1309 973 SS.
1342 928 1398 973 D.
1430 928 1486 973 N.
1518 929 1787 974 commotus
1815 926 1944 973 misit

163 1009 537 1072 gubernatorem
578 1008 715 1057 Urbis
755 1008 816 1057 ad
857 1007 1149 1056 cardinalem
1188 1008 1497 1067 Columnam,
1540 1013 1588 1057 et
1627 1025 1738 1057 cum
1783 1024 1842 1058 eo
1883 1011 1939 1056 D.

161 1091 420 1140 Adrianum
454 1093 853 1156 protonotarium,
891 1092 1204 1141 secretarium
1239 1109 1395 1153 suum,
1435 1093 1685 1157 requirens
1722 1093 1942 1141 cardina-

158 1174 254 1223 lem
276 1180 327 1223 ut
348 1175 555 1239 prelatos
577 1179 624 1223 et
643 1175 883 1224 Marinum
908 1176 1293 1239 protonotarium
1315 1180 1363 1224 et
1385 1176 1611 1225 Sfortiam
1632 1177 1731 1240 qui,
1758 1181 1810 1225 ut
1829 1194 1941 1241 pre-

158 1257 347 1317 dicitur,
378 1258 439 1306 ad
464 1274 575 1307 eum
606 1259 941 1322 confugerant,
973 1259 1221 1307 Sanctitati
1252 1275 1337 1308 sue
1365 1259 1595 1319 mitteret,
1625 1261 1753 1323 quod
1783 1261 1941 1309 cardi-

157 1342 279 1390 nalis
299 1342 518 1391 honestis
546 1342 703 1390 verbis
731 1342 893 1390 facere
922 1342 1176 1391 recusavit.
1205 1342 1406 1390 Habitus
1429 1346 1502 1390 est
1530 1358 1674 1406 super
1699 1343 1794 1390 hoc
1815 1343 1941 1393 inter

158 1424 451 1492 cardinalem
479 1429 527 1473 et
555 1425 930 1488 gubernatorem
955 1426 1163 1490 plurium
1190 1426 1420 1474 horarum
1449 1442 1610 1474 sermo
1641 1442 1650 1473 :
1682 1426 1939 1475 cardinalis

156 1508 408 1572 responsio
439 1508 656 1556 Pontifici
692 1508 938 1569 nunciata,
976 1514 1023 1558 et
1048 1509 1115 1557 illi
1146 1509 1395 1574 replicatio
1429 1509 1694 1558 Pontificis.
1725 1510 1938 1559 Tandem

162 1591 419 1640 cardinalis
439 1591 604 1640 videns
626 1591 750 1640 forte
771 1592 1039 1656 periculum
1061 1592 1334 1651 imminere,
1357 1592 1682 1655 gubernatore
1706 1598 1752 1642 et
1774 1594 1940 1642 Adria-

156 1691 218 1723 no
262 1675 308 1722 in
351 1690 544 1724 camera
579 1675 836 1723 cardinalis
884 1675 1222 1734 existentibUS,
1264 1675 1521 1724 cardinalis
1568 1682 1753 1726 secrete
1795 1678 1936 1726 exivit

154 1765 202 1808 et
228 1776 340 1808 cum
361 1759 558 1824 prelatis
580 1765 627 1808 et
654 1759 757 1807 aliis
784 1759 1012 1823 predictis
1035 1759 1116 1822 qui
1145 1759 1206 1807 ad
1233 1774 1343 1807 eum
1372 1760 1708 1824 confugerant,
1734 1762 1936 1810 recessit

153 1843 280 1892 circa
308 1844 480 1892 horam
514 1843 731 1907 quintam
760 1842 915 1891 noctis
947 1842 1072 1890 illius
1104 1858 1163 1891 ex
1193 1843 1340 1901 Urbe,
1372 1843 1526 1891 iturus
1556 1843 1617 1891 ad
1644 1860 1731 1891 sua
1757 1850 1930 1903 castra,

151 1932 294 1991 atque
318 1943 427 1975 cum
456 1926 680 1974 omnibus
699 1926 854 1974 salvus
875 1926 1092 1990 pervenit
1119 1926 1282 1985 ad....,
1310 1926 1388 1973 ubi
1412 1931 1512 1975 erat
1534 1930 1700 1975 Rmus.
1725 1929 1781 1974 D.
1807 1927 1933 1977 vice-

152 2009 488 2059 cancellarius.
514 2011 822 2059 Gubernator
842 2014 889 2059 et
913 2009 1169 2069 Adrianus,
1197 2025 1308 2058 cum
1331 2009 1604 2073 aliquandiu
1626 2010 1933 2060 deliberatio-

149 2109 263 2143 nem
288 2094 545 2142 cardinalis
567 2099 920 2158 expectassent,
952 2093 1276 2157 intelligentes
1300 2109 1351 2141 se
1373 2093 1743 2155 circumventoS,
1774 2096 1932 2145 redie-

151 2182 261 2226 runt
281 2177 343 2225 ad
365 2169 667 2238 Pontificem,
692 2179 772 2241 qui
791 2178 1005 2226 turbatus
1033 2177 1190 2225 vocari
1211 2177 1324 2225 fecit
1346 2177 1475 2225 circa
1495 2178 1567 2226 vel
1585 2182 1694 2242 post
1714 2179 1929 2229 medium

148 2261 301 2310 noctis
323 2263 378 2309 R.
401 2264 457 2309 D.
482 2261 747 2326 Aloysium,
773 2261 1053 2326 episcopum
1077 2261 1450 2321 Pisauriensem,
1476 2262 1765 2311 cancellarie
1787 2279 1929 2328 apos-

151 2344 290 2393 tolice
313 2350 564 2409 regentem
586 2351 635 2394 et
656 2345 779 2393 Rmi.
812 2348 869 2393 D.
895 2344 1274 2393 vicecancellarii
1298 2344 1460 2392 locum
1488 2349 1736 2394 tenentem
1757 2345 1818 2394 ad
1842 2363 1928 2410 pa-

147 2427 314 2475 latium
342 2433 390 2476 et
416 2428 462 2476 in
493 2444 686 2476 camera
706 2428 922 2492 episcopi
945 2427 1248 2486 Mutinensis,
1279 2427 1467 2486 datarii,
1490 2428 1694 2478 honeste
1723 2429 1925 2479 detineri

149 2513 196 2558 et
221 2511 367 2558 etiam
396 2511 553 2575 ipsum
584 2515 640 2559 D.
673 2512 911 2560 datarium
941 2510 1171 2559 custodiri
1197 2510 1385 2574 [jussit].
1420 2510 1633 2559 Tandem
1664 2511 1921 2572 dominica,

148 2596 201 2640 21
233 2593 359 2658 julii,
398 2600 507 2659 post
539 2595 809 2659 prandium,
844 2594 1106 2643 licentiavit
1138 2597 1186 2642 et
1219 2593 1280 2641 ad
1315 2593 1511 2642 domum
1546 2611 1684 2643 suam
1722 2595 1922 2644 remisit.

146 2675 326 2724 Eadem
347 2693 537 2741 quoque
559 2677 816 2734 dominica,
845 2677 904 2726 de
931 2693 1093 2735 mane,
1117 2677 1414 2740 gubernator
1436 2676 1592 2737 Urbis,
1618 2678 1676 2726 de
1698 2679 1924 2727 mandato

146 2761 273 2825 Pape
303 2776 412 2809 cum
444 2761 575 2809 omni
606 2765 750 2825 gente
781 2777 866 2809 sua
886 2760 1076 2809 intravit
1106 2760 1302 2808 domum
1332 2760 1709 2810 vicecancellarii
1738 2767 1786 2811 et
1815 2779 1923 2812 eam

143 2842 351 2907 undique
380 2845 683 2908 perquisivit;
717 2843 912 2893 tandem
939 2849 1049 2908 post
1068 2844 1186 2893 duas
1207 2844 1354 2892 horas
1375 2844 1448 2892 vel
1470 2845 1615 2905 circa,
1647 2844 1768 2894 nihil
1790 2846 1837 2894 in
1865 2863 1922 2896 ea

143 2926 215 2974 vel
235 2927 295 2976 de
313 2943 372 2976 ea
391 2928 662 2988 immutato,
685 2928 746 2976 ad
766 2928 964 2976 domum
983 2944 1120 2976 suam
1141 2928 1298 2977 rediit.

208 3010 390 3058 Eodem
423 3027 533 3060 sero
562 3011 790 3061 hesterno
825 3012 1010 3061 sabbati
1044 3013 1278 3076 preteriti,
1309 3013 1439 3062 circa
1467 3013 1639 3062 horam
1667 3029 1778 3073 xxn,
1811 3029 1920 3062 cuni

143 3096 196 3141 R.
223 3096 275 3141 P.
303 3095 357 3141 D.
383 3095 596 3158 Baptista
619 3096 849 3154 BuffaluS,
872 3096 1127 3160 episcopus
1152 3096 1508 3159 AquinatensiS‚
1532 3098 1591 3146 de
1621 3097 1766 3146 domo
1792 3097 1917 3144 Rmi.

139 3180 195 3225 D.
220 3174 474 3225 cardinalis
495 3177 554 3226 de
568 3178 752 3227 Ursinis
771 3179 991 3237 veniens,
1012 3179 1073 3227 ad
1092 3179 1291 3227 domum
1311 3196 1448 3228 suam
1471 3180 1711 3228 rediturus
1730 3180 1919 3244 equita-

139 3264 226 3319 ret,
250 3275 346 3309 non
369 3260 513 3324 longe
535 3277 564 3308 a
582 3264 744 3311 Monte
760 3262 970 3311 Jordano
988 3261 1128 3310 irruit
1148 3263 1196 3309 in
1215 3279 1328 3310 eum
1346 3262 1542 3325 quidam
1561 3261 1785 3310 inimicus
1804 3278 1918 3310 suus

134 3350 182 3394 et
202 3358 313 3394 cum
329 3360 444 3394 ense
458 3345 740 3406 vulneravit;
759 3362 818 3395 ex
833 3360 928 3409 quo
947 3345 1188 3394 firmatum
1205 3350 1276 3394 est
1292 3345 1448 3409 ipsum
1464 3345 1747 3409 episcopum
1766 3346 1914 3393 fuisse

135 3429 466 3488 interfectum3
491 3428 572 3492 qui
594 3429 787 3477 tandem
808 3444 979 3493 parum
998 3428 1128 3477 lesus
1149 3429 1208 3477 ad
1227 3428 1426 3476 domum
1448 3444 1587 3477 suam
1608 3428 1841 3491 pervenit.
