2216 3886
139 362 251 405 [Avi-il
274 362 368 402 1499]
590 359 758 396 RERUM
790 356 1093 395 URBANARUM
1126 355 1471 394 COMMENTARH.
1852 357 1922 393 5253

143 465 188 512 in
225 461 583 528 parochialibus
617 459 835 508 ecclesiis
868 457 1131 507 consuevit.
1169 456 1352 505 Deinde
1386 455 1631 505 benedixit
1665 460 1714 503 et
1749 471 1923 504 conse-

144 548 291 597 cravit
316 562 423 595 eam
445 561 555 594 cum
583 545 798 592 balsamo
820 547 866 592 et
886 542 1163 600 chrismate,
1186 545 1329 606 prout
1348 540 1396 588 in
1419 539 1749 598 ceremoniali,
1782 555 1926 606 appo-

146 631 237 680 sito
278 629 367 678 sibi
405 628 622 693 gremiali
663 632 710 676 et
747 627 860 676 sede
902 626 1128 675 camerali
1164 640 1314 689 prope
1351 640 1433 672 vas
1471 639 1594 687 aque
1630 623 1922 687 predictum,

147 713 410 763 benedictis
434 713 564 777 prius
595 712 732 776 agnis
753 711 799 758 in
824 711 981 774 capsis
1003 709 1189 774 positiS,
1213 713 1259 757 et
1285 708 1510 756 omnibus
1537 707 1642 755 aliis
1672 707 1719 755 in
1745 707 1926 756 retibus

147 799 242 846 sive
263 797 416 856 retiis,
447 801 494 844 et
517 795 623 843 aliis
652 794 832 843 ibidem
861 793 1194 851 existentibuS,
1219 792 1393 840 sedens
1421 791 1657 840 immersit
1679 806 1850 839 omnes
1878 791 1927 839 in

148 897 271 945 aqua
292 880 511 945 predicta
539 879 810 927 successive
837 893 926 941 per
951 876 1272 925 cubicularios
1292 876 1342 923 in
1362 875 1598 924 bacilibus
1626 875 1806 923 auratis
1838 875 1927 922 sibi

148 969 448 1029 apportatos,
481 978 603 1027 quos
631 962 733 1026 ipse
764 960 982 1009 Pontifex
1002 960 1051 1007 in
1072 964 1223 1024 parte,
1256 975 1311 1007 ac
1333 959 1588 1007 cardinalis
1612 974 1756 1016 unus,
1782 963 1828 1006 et
1851 973 1929 1005 ar-

149 1047 490 1111 chiepiscopus
529 1045 823 1094 Arelatensis
861 1060 971 1091 cum
1008 1043 1307 1092 coclearibus
1343 1042 1571 1106 predictis
1613 1040 1928 1090 extrahebant

150 1136 194 1179 et
216 1130 460 1195 ponebant
488 1130 536 1177 in
565 1129 772 1193 scyphos
800 1142 994 1192 parvos3
1024 1142 1174 1191 prope
1202 1142 1281 1174 vas
1308 1125 1579 1189 predictum
1606 1124 1815 1188 positum
1846 1124 1932 1171 fuit

151 1214 360 1279 scyphus
387 1228 592 1277 magnus
616 1227 704 1276 per
727 1211 946 1275 longum,
978 1216 1024 1259 et
1053 1226 1197 1274 super
1219 1210 1353 1257 illum
1379 1210 1475 1257 duo
1502 1208 1634 1272 parvi
1661 1223 1748 1272 per
1775 1212 1933 1256 trans-

149 1312 356 1356 versum,
386 1297 435 1344 in
463 1310 584 1358 quos
610 1309 779 1358 parvos
806 1294 1111 1358 ponebantur
1130 1293 1240 1356 agni
1262 1292 1485 1356 baptizati
1510 1291 1605 1340 sive
1628 1292 1791 1351 infusi,
1817 1298 1864 1340 et
1884 1292 1934 1339 in

151 1380 243 1428 illis
270 1378 425 1444 parvis
453 1377 770 1442 portabantur
799 1392 945 1440 super
973 1392 1193 1425 mensam
1220 1375 1507 1440 predictam,
1539 1379 1586 1423 et
1615 1390 1703 1438 per
1731 1374 1933 1438 presby-

151 1469 281 1512 teros
311 1460 632 1510 cubicularios
663 1459 887 1507 manibus
914 1459 1085 1509 exinde
1117 1459 1494 1508 extrahebantur
1524 1464 1571 1508 et
1602 1458 1933 1507 extendeban-

153 1553 231 1597 tur
251 1561 398 1611 super
410 1560 656 1604 mensam3
679 1543 889 1607 denique
911 1544 970 1592 de
993 1543 1186 1608 scyphis
1207 1542 1569 1607 reponebantur
1589 1542 1638 1589 in
1657 1558 1737 1590 vas
1759 1557 1936 1605 argen-

154 1637 288 1679 teum
321 1629 613 1694 predictum.
651 1630 780 1692 Papa
811 1628 1023 1691 ponebat
1054 1643 1252 1675 manum
1287 1626 1348 1675 ad
1380 1626 1567 1690 singula
1599 1625 1770 1674 bacilia
1802 1626 1938 1688 agnis

155 1715 316 1778 plena,
352 1728 462 1760 cum
493 1713 900 1775 immergerentur
922 1727 1009 1774 per
1038 1711 1359 1759 cubicularios
1380 1711 1430 1758 in
1455 1725 1630 1773 aquam
1651 1710 1934 1774 predictam.

155 1796 480 1846 Interfuerunt
503 1795 715 1859 quinque
737 1794 1006 1843 cardinales
1028 1795 1077 1841 in
1101 1810 1270 1843 eorum
1292 1795 1458 1859 cappis
1480 1794 1632 1842 solitis
1658 1811 1667 1842 :
1695 1811 1734 1843 s.
1769 1797 1941 1843 Praxe-

158 1882 250 1940 dis,
285 1878 659 1937 Alexandrinus,
695 1879 975 1938 Gurcensis,
1004 1881 1259 1942 Capuanus
1287 1882 1333 1926 et
1361 1878 1553 1942 Borgia,
1585 1893 1788 1941 quorum
1815 1894 1939 1925 unus

160 1964 358 2015 sedebat
378 1963 439 2011 ad
459 1962 710 2011 dexteram
738 1965 868 2026 Pape
900 1978 1045 2026 super
1067 1962 1350 2021 scabellum,
1376 1966 1553 2011 etcum
1575 1961 1780 2009 cocleari
1813 1963 1940 2024 Pape

160 2048 443 2098 extrahebat
476 2061 628 2110 agnos
660 2047 942 2104 immersos;
977 2051 1041 2105 et,
1078 2061 1174 2093 uno
1208 2045 1457 2104 attediato,
1493 2044 1751 2093 recedebat
1784 2044 1863 2092 ille
1895 2049 1943 2092 et

160 2133 281 2182 alter
317 2130 597 2180 accedebat.
634 2130 724 2178 Alii
759 2134 965 2193 quatuor
998 2129 1224 2178 sederunt
1259 2129 1308 2176 in
1344 2128 1565 2176 scabellis
1602 2128 1662 2177 ad
1698 2127 1942 2176 sinistram

159 2219 306 2280 Pape.
338 2215 529 2263 Primus
558 2214 819 2262 extrahens
846 2214 931 2262 fuit
960 2212 1213 2261 cardinalis
1242 2212 1434 2275 Borgia,
1467 2211 1726 2269 secundus,
1756 2212 1943 2274 Capua-

161 2314 268 2358 uuS,
295 2297 484 2358 tertiuS,
510 2296 795 2355 Gurcensis;
821 2297 1091 2345 successive
1113 2295 1191 2344 alii
1213 2296 1324 2344 duo,
1351 2297 1403 2342 In
1425 2294 1645 2359 opposito
1668 2298 1771 2343 erat
1792 2309 1944 2358 genu-

162 2382 315 2431 flexus
337 2381 733 2444 archiepiscopus
754 2380 1049 2429 Arelatensis
1071 2380 1151 2443 qui
1174 2394 1285 2428 cum
1309 2378 1404 2427 alio
1432 2378 1641 2426 cocleari
1662 2376 1944 2425 extrahebat

162 2480 313 2528 agnos
346 2464 627 2520 immersos;
657 2468 723 2522 et,
754 2463 834 2511 illo
865 2463 1112 2522 attediato,
1147 2464 1352 2512 accessit
1377 2464 1427 2510 in
1458 2463 1561 2527 ejus
1590 2462 1754 2510 locum
1788 2459 1946 2508 archi-

163 2548 420 2613 episcopus
443 2547 672 2610 Reginus,
694 2546 990 2610 gubernator
1009 2547 1165 2606 Urbis,
1191 2547 1273 2609 qui
1291 2546 1593 2596 extrahebat.
1618 2544 1944 2593 Interfuerunt

162 2630 332 2696 prelati
354 2628 606 2677 domestici
630 2632 756 2693 Pape
781 2630 831 2677 in
855 2645 1025 2678 eorum
1046 2630 1210 2694 cappis
1233 2631 1329 2679 sive
1354 2629 1613 2689 mantellis,
1640 2629 1833 2677 circiter
1857 2644 1940 2686 xv,

165 2714 366 2763 scilicet.
398 2713 694 2762 Arelatensis
723 2717 770 2762 et
798 2713 1009 2778 Reginus
1037 2713 1407 2777 archiepiscopi,
1439 2712 1762 2770 ZamorensiS,
1794 2713 1947 2775 Capu-

163 2798 427 2861 taquensis,
468 2796 817 2857 Urbinatensis,
858 2797 1164 2856 Mutinensis,
1203 2796 1478 2854 Perusinus,
1518 2795 1773 2854 Tullensis,
1816 2798 1947 2843 Inte-

165 2881 435 2930 ramnensis
464 2886 510 2930 et
536 2880 698 2945 plures
726 2881 822 2929 alii.
855 2885 974 2931 Cum
1004 2884 1133 2945 Papa
1157 2881 1342 2946 legeret
1368 2880 1752 2938 benedictioneS,
1787 2878 1947 2927 archi-

167 2966 421 3030 episcopus
465 2966 760 3014 Arelatensis
806 2966 960 3014 tenuit
1000 2966 1177 3014 librum
1222 2969 1269 3013 et
1314 2964 1568 3028 episcopus
1616 2963 1943 3021 Zamorensis,

169 3049 436 3096 candelam.
478 3049 698 3098 Interfuit
740 3050 886 3099 etiam
925 3050 1074 3098 abbas
1119 3066 1159 3097 s.
1204 3048 1493 3106 Sebastiani,
1536 3048 1739 3095 sacrista
1783 3050 1949 3094 noster

170 3132 510 3196 superpellicio
540 3133 753 3192 indutus,
786 3134 866 3196 qui
896 3132 1087 3181 volebat
1116 3131 1246 3195 quod
1271 3130 1440 3194 prelati
1468 3130 1751 3193 pluvialibus
1783 3128 1949 3176 indue-

172 3218 352 3262 rentur.
379 3214 483 3261 Dixi
506 3214 573 3261 illi
595 3214 710 3262 illud
730 3231 827 3262 non
848 3214 1123 3271 convenire,
1149 3230 1259 3262 cum
1281 3218 1410 3278 Papa
1440 3217 1569 3261 esset
1591 3214 1712 3271 sine,
1743 3217 1791 3260 et
1812 3217 1946 3259 actus

170 3298 258 3345 iste
281 3302 408 3346 esset
431 3302 566 3345 extra
585 3297 742 3345 divina
765 3297 926 3345 officia
951 3303 999 3345 et
1018 3297 1337 3360 particularis,
1363 3296 1591 3344 cardinali
1620 3295 1945 3343 Alexandrino

170 3395 362 3429 mecum
386 3380 697 3428 assentiente.
722 3383 1003 3429 Manserunt
1023 3395 1193 3428 omnes
1215 3381 1263 3427 in
1296 3380 1392 3427 suis
1414 3378 1659 3427 habitibus
1682 3378 1943 3425 consuetiS.

173 3468 298 3527 Papa
329 3462 544 3526 permisit
574 3462 795 3525 immergi
830 3477 999 3510 omnes
1030 3478 1198 3526 agnOS,
1232 3467 1329 3510 tam
1362 3477 1470 3508 cum
1505 3460 1686 3509 retibus
1722 3465 1767 3507 et
1799 3461 1846 3507 in
1879 3460 1948 3506 eis
