2202 3900
273 352 343 387 360
848 340 853 344 '
887 350 1118 388 JOHANNIS
1154 337 1453 396 BURCHARDI,
1826 355 1934 394 [Mars
1953 344 2048 398 1'497]

275 457 339 514 et,
374 454 544 502 eadem
574 453 668 512 die,
692 454 929 502 Sanctitas
960 460 1052 501 sua'
1076 453 1136 500 ad
1165 453 1342 500 Urbem
1374 449 1565 500 reversa
1597 456 1671 500 est
1701 468 1809 500 cum
1831 456 2050 505 comitiva

277 552 361 584 sua
379 535 459 598 (1).

340 620 520 667 Eadem
552 618 646 677 die,
678 635 766 681 per
802 619 1079 666 affixionem
1113 618 1390 666 cedularum
1419 619 1468 666 in
1497 617 1599 667 acie
1630 619 1795 683 Campi
1830 621 1968 670 Flore
2004 628 2050 672 et

277 703 388 750 alibi
410 718 498 765 per
525 703 722 759 Urbem,
747 701 805 749 de
828 702 1054 750 mandato
1081 701 1356 750 Sanctitatis
1379 718 1481 762 sue,
1515 701 1795 750 mandatum
1815 702 1903 752 fuit
1924 705 2052 767 quod

278 786 404 833 dicta
426 785 502 831 die
533 783 714 832 sabbati
747 785 1118 833 ostenderentur
1148 784 1304 848 capita
1336 786 1665 848 apostolorum
1694 787 1819 834 Petri
1843 791 1889 835 et
1917 788 2047 835 Pauli

278 869 325 914 in
348 867 545 914 basilica
571 866 900 926 Lateranensi,
926 871 971 914 et
996 866 1239 914 dominica
1264 867 1497 930 proxima,
1520 883 1612 930 que
1645 868 1732 915 erit
1760 869 2048 932 palmarum,

279 951 326 997 in
356 950 552 997 basilica
579 949 809 1012 principis
838 950 1166 1012 apostolorum
1197 950 1255 998 de
1288 950 1413 997 Urbe
1443 951 1782 999 ostenderetur
1808 952 2052 1001 sudarium

280 1049 362 1080 seu
396 1033 552 1080 vultus
588 1032 797 1090 Domini,
833 1037 879 1080 et
913 1033 1041 1095 quod
1074 1033 1310 1081 Sanctitas
1343 1049 1446 1091 sua,
1481 1034 1652 1081 eadem
1684 1034 1758 1082 die
1794 1034 2052 1094 dominica,

279 1115 520 1179 publicam
539 1115 929 1164 benedictionem
951 1115 1083 1163 daret
1106 1116 1371 1165 solemnem
1394 1116 1587 1180 populo.

349 1197 600 1246 Dominica
629 1198 914 1261 palmarum,
952 1202 1007 1246 19
1042 1199 1216 1258 martii,
1251 1201 1334 1247 SS.
1370 1202 1428 1246 D.
1459 1202 1513 1247 N.
1545 1216 1669 1264 papa
1700 1206 1893 1264 paratus
1923 1218 2057 1251 more

285 1281 424 1328 solito
455 1280 703 1328 benedixit
733 1285 779 1328 et
814 1281 1054 1329 distribuit
1085 1282 1269 1345 palmas
1297 1281 1345 1329 in
1373 1282 1557 1345 capella
1584 1284 1767 1347 maj0re
1801 1285 1980 1348 palatii,
2013 1291 2060 1334 et

284 1364 371 1411 fuit
391 1363 593 1427 penuria
619 1363 909 1427 palmarum;
934 1368 1188 1427 propterea
1218 1366 1540 1414 cardinalibus
1571 1372 1755 1414 tantum
1779 1373 1825 1415 et
1855 1369 2060 1416 oratori-

285 1447 374 1495 bus
397 1447 505 1495 date
539 1451 648 1495 sunt
680 1462 735 1494 ac
763 1448 872 1494 duci
899 1448 1079 1495 Gandie
1108 1453 1155 1496 et
1183 1449 1241 1496 de
1270 1449 1469 1497 Pisauri.
1496 1453 1601 1497 Dux
1623 1451 1802 1499 Gandie
1830 1467 1858 1499 a
1882 1451 2058 1499 dextris

288 1534 334 1577 et
355 1533 412 1578 D.
438 1529 620 1577 Pisauri
643 1546 670 1577 a
686 1530 890 1577 sinistris
910 1535 1167 1578 tenuerunt
1186 1532 1368 1595 palmas
1391 1535 1518 1595 Pape
1545 1549 1554 1580 ε
1582 1538 1743 1582 orator
1760 1538 2058 1584 Venetorum

288 1615 419 1663 dedit
454 1631 628 1678 aquam
666 1615 886 1663 manibus
921 1618 1066 1678 Pape.
1104 1617 1217 1662 Post
1249 1615 1521 1678 palmarum*
1555 1615 1960 1674 distributionem,
1998 1619 2056 1664 D.

293 1698 624 1757 Gundisalvus,
644 1697 933 1746 Ferdinandi
951 1698 1247 1761 capitaneus,
1267 1698 1411 1746 etiam
1431 1698 1645 1746 interfuit
1665 1699 1714 1746 in
1733 1699 1860 1746 dicta
1880 1699 2064 1761 capella

293 1786 340 1829 et
372 1781 525 1828 noluit
552 1782 732 1830 habere
764 1782 924 1829 locum
957 1796 1095 1828 suum
1127 1781 1175 1827 in
1203 1781 1428 1843 gradibus
1462 1781 1564 1828 solii
1586 1784 1730 1844 Pape,
1760 1781 1846 1828 sed
1867 1781 1989 1829 sedit
2015 1782 2063 1828 in

295 1864 447 1911 banco
470 1869 713 1912 oratorum
734 1864 986 1920 laicorum,
1008 1869 1116 1927 post
1135 1869 1376 1911 oratorem
1403 1864 1531 1927 regis
1553 1869 1601 1911 et
1627 1864 1794 1927 regine
1819 1864 2066 1928 Hispania-

294 1962 419 2006 rum,
460 1963 618 2010 neque
657 1947 805 1995 voluit
843 1947 1058 2010 recipere
1091 1947 1302 2010 palmam
1332 1951 1440 2010 post
1482 1946 1754 2010 predictum
1792 1953 2060 2006 oratorem;

294 2031 352 2078 de
372 2046 464 2093 quo
488 2046 598 2078 cum
621 2031 787 2079 RRmi.
814 2035 914 2079 DD.
940 2031 1207 2079 cardinales
1229 2031 1409 2079 factum
1432 2031 1811 2091 considerarent,
1837 2031 2067 2079 miraren—
2152 2056 2156 2059 -

294 2120 370 2161 tur
407 2132 415 2160 :
454 2115 708 2163 suscitatus
743 2131 957 2172 causam,
990 2115 1203 2163 intellexi
1237 2114 1286 2161 id
1322 2118 1482 2162 actum
1516 2130 1623 2162 esse
1660 2120 1859 2178 propter
1892 2115 2064 2163 ducem

295 2197 496 2256 Gandie,
533 2198 683 2244 filium
720 2201 865 2261 Pape.
909 2198 1111 2246 Nolebat
1147 2198 1275 2245 enim
1307 2198 1552 2260 predictus
1592 2197 1908 2245 Gundisalvus
1941 2196 2092 2259 capi-·

297 2286 467 2328 taneus
501 2281 629 2343 quod
650 2284 707 2328 D.
743 2282 838 2328 dux
861 2281 1145 2344 precederet
1173 2297 1181 2328 :
1207 2281 1254 2327 in
1274 2296 1368 2342 quo
1391 2286 1553 2328 tamen
1577 2280 1761 2327 ratione
1782 2295 1880 2326 non
1907 2279 2067 2327 uteba-

297 2368 390 2423 tur,
416 2363 501 2410 sed
521 2363 648 2410 mala
669 2367 716 2411 et
738 2364 928 2412 sinistra
948 2364 1190 2428 opinione.

329 2449 529 2493 *Rmus.
586 2449 642 2494 D.
697 2447 951 2494 cardinalis
997 2449 1364 2496 Beneventanus
1406 2447 1524 2495 dixit
1565 2447 1762 2494 missam
1803 2445 2070 2493 solemnem

299 2530 345 2576 in
377 2528 732 2595 dictacapella,
767 2531 896 2591 Papa
928 2534 1171 2592 presente,
1204 2533 1250 2577 et
1270 2529 1437 2576 habuit
1454 2545 1596 2576 unam
1618 2528 1828 2592 palmam
1849 2530 2033 2574 tantum
2059 2544 2068 2573 :

302 2611 577 2675 passionem
614 2611 730 2658 dixit
775 2613 857 2659 SS.
903 2615 959 2659 D.
995 2617 1162 2660 noster
1209 2628 1316 2659 cum
1351 2612 1536 2660 duobus
1580 2610 1856 2659 cantoribus
1890 2609 2071 2673 capelle

302 2698 466 2741 nostre
496 2694 544 2740 in
571 2694 864 2757 paramentis
894 2694 1119 2742 violaceis
1148 2711 1156 2742 :
1183 2695 1275 2742 alia
1303 2710 1438 2742 more
1461 2694 1618 2742 solito.
1644 2697 1749 2742 Non
1771 2693 1859 2741 fuit
1881 2697 2074 2740 ostensa

302 2776 542 2833 veronica,
583 2791 668 2824 seu
702 2777 964 2837 sudarium,
999 2794 1085 2825 seu
1120 2778 1277 2825 vultus
1316 2778 1525 2837 Domini,
1574 2792 1729 2839 neque
1768 2792 1856 2839 per
1889 2777 1973 2823 SS.
2012 2777 2067 2822 D.

303 2867 525 2908 nostrum.
552 2848 750 2923 publica*
781 2860 1053 2908 benedictio
1081 2861 1221 2919 facta,
1265 2860 1376 2907 licet
1412 2859 1460 2906 id
1498 2859 1640 2907 fuerit
1675 2875 1763 2922 per
1799 2857 1993 2906 cedulas
2025 2857 2071 2903 in

302 2942 430 2989 Urbe
450 2941 768 3004 publicatum3
793 2940 878 2988 sed
898 2941 1020 2999 heri,
1038 2941 1086 2987 in
1107 2941 1305 2988 basilica
1320 2940 1647 2999 Lateranensi,
1665 2940 1819 3002 capita
1837 2939 2075 3003 apostolo-

305 3042 409 3072 rum
439 3027 629 3073 fuerunt
664 3030 873 3073 ostensa.
902 3028 1046 3086 Papa,
1068 3028 1325 3085 antequam
1360 3023 1510 3071 exiret
1544 3038 1786 3071 cameram
1814 3027 2070 3079 secretam,
2125 3019 2129 3022 ’

306 3109 547 3157 accersitis
570 3108 630 3156 ad
650 3124 700 3155 se
725 3107 1063 3164 cardinalibus,
1089 3106 1233 3169 elegit
1254 3106 1311 3153 ad
1334 3091 1589 3153 ecclesiam
1612 3105 1945 3153 Clusinensem
1967 3119 2077 3167 pas-

306 3191 422 3238 toris
444 3191 612 3239 solatio
635 3191 913 3238 destitutam
930 3193 984 3237 R.
999 3192 1054 3237 D.
1076 3189 1379 3252 Sinulphum,
1397 3188 1780 3252 protonotarium
1799 3193 1848 3235 et
1869 3191 2078 3235 secreta-

305 3273 428 3320 rium
450 3274 783 3337 apostolicum,
808 3273 867 3321 de
886 3271 1166 3343 eorumdem
1195 3271 1509 3320 cardinalium
1530 3270 1751 3329 consilio,
1773 3275 1821 3318 et
1838 3270 1996 3333 ipsum
2016 3271 2072 3316 D.

354 3453 385 3488 1.
416 3452 506 3500 Voy.
530 3452 681 3497 Sanuto,
703 3456 730 3489 t.
754 3453 781 3498 Ι,
802 3451 869 3490 col.
890 3452 972 3489 561.
