2202 3926
304 334 372 371 156
902 326 1134 363 JOHANNIS
1168 324 1463 371 BURCHARDI,
1881 331 1964 370 [Mai
1986 332 2078 373 1494]

305 435 373 483 sic
399 434 448 481 in
470 432 642 482 eodem
668 432 774 480 loco
804 432 1160 496 protonotarius
1183 435 1231 479 et
1261 447 1311 477 se
1335 429 1452 476 mihi
1475 428 1678 492 amplius
1709 423 1806 476 non
1835 434 2074 495 opposuit.

303 516 671 581 Capellanorum
698 514 821 562 Rmi.
860 517 916 562 D.
952 514 1096 576 legati
1125 511 1452 561 assistentium
1485 511 1761 559 indutorum
1795 517 2078 578 superpelli-

302 601 388 648 ciis
407 615 636 647 numerus
649 598 734 645 fuit
753 597 945 644 circiter
960 612 1062 652 x1113
1084 598 1138 642 D.
1158 595 1354 642 Alvarus
1371 593 1538 641 Garsia
1556 594 1615 641 de
1633 595 1770 643 Soria
1796 593 2077 647 scolasticus

307 683 554 742 Lucensis,
591 681 917 744 majordomus
939 684 986 726 et
1012 679 1316 727 caudatarius
1348 695 1479 739 suus,
1511 679 1598 727 fuit
1632 694 1744 727 suus
1772 679 2001 728 assistens
2030 681 2078 729 in

302 765 511 830 pluviali,
539 763 596 811 de
618 762 739 810 libro
762 761 851 809 sibi
877 761 1109 809 serviens,
1861 758 1864 759 ⁷

366 851 423 895 D.
456 846 667 911 Raphael
688 845 745 893 de
767 846 927 892 Arena
947 844 1176 892 diaconus
1204 845 1388 908 capelle
1409 845 1512 909 ipse
1545 846 1750 893 cantavit
1775 847 2075 909 evangelium

302 936 364 991 et,
390 936 440 980 ut
468 930 691 988 diximus,
719 929 807 976 sibi
832 927 1045 985 servivit;
1074 929 1131 975 D.
1158 927 1414 975 Honofrius
1441 927 1624 976 Nicolai
1646 927 1968 976 subdiaconus
1989 929 2076 978 sibi

301 1013 515 1071 servivit3
540 1015 597 1060 D.
632 1011 841 1060 Didacus
868 1012 1100 1060 Serranus
1127 1011 1332 1075 scriptor
1361 1012 1654 1074 apostolicus
1680 1010 1867 1059 servivit
1897 1011 1985 1059 sibi
2019 1013 2077 1061 de

299 1100 461 1156 mitra;
488 1101 543 1146 D.
572 1096 839 1145 Ludovicus
855 1095 1044 1159 Papira,
1066 1095 1328 1148 canonicus
1344 1094 1730 1155 PanormitanuS,
1748 1095 1953 1159 portavit
1968 1111 2079 1144 cru-

299 1199 429 1241 cem;
454 1184 511 1229 D.
538 1184 705 1229 Petrus
728 1180 786 1228 de
809 1183 925 1240 Pen,
951 1180 1320 1228 archidiaconus
1339 1179 1397 1227 de
1416 1178 1736 1239 Trasiamura,
1758 1179 2073 1238 abbreviator,

299 1264 488 1313 servivit
508 1264 567 1312 de
593 1263 793 1321 missali,
814 1263 948 1310 illum
970 1268 1141 1310 tenens
1170 1278 1255 1310 suo
1279 1267 1516 1327 tempore,
1543 1265 1600 1310 D.
1624 1262 1902 1310 Leonardus
1931 1265 2079 1326 Capo-

299 1349 401 1397 cius
438 1346 699 1395 canonicus
742 1346 937 1394 basilice
980 1346 1208 1410 principis
1247 1346 1576 1410 apostolorum
1623 1346 1681 1395 de
1721 1346 1848 1395 Urbe
1887 1346 2076 1410 pluviali

297 1431 492 1479 indutus
526 1429 859 1494 superpellicio
891 1430 1078 1478 servivit
1107 1430 1165 1478 de
1199 1430 1372 1478 baculo
1401 1429 1626 1494 pastorali
1659 1445 1804 1492 quem
1832 1444 1985 1493 usque
2015 1429 2075 1477 ad

299 1515 342 1562 A
350 1531 477 1578 ymas
496 1513 592 1561 Dei
612 1513 780 1561 tenuit.

363 1601 492 1646 Hora
512 1597 683 1645 deinde
704 1613 803 1644 xnn
823 1597 894 1644 vel
917 1597 1062 1656 circa,
1087 1613 1170 1646 rex
1191 1613 1301 1645 cum
1321 1598 1417 1645 suis
1439 1596 1699 1645 curialibus
1722 1599 1769 1644 et
1789 1596 2069 1657 baronibus,

298 1682 457 1747 pluvia
477 1681 634 1729 adhuc
655 1681 875 1740 durante,
900 1681 1029 1728 venit
1053 1680 1114 1727 ad
1135 1680 1410 1739 ecclesiam,
1434 1683 1564 1728 veste
1587 1679 1745 1742 ampla
1766 1678 1824 1727 de
1845 1678 2074 1728 broccato

301 1765 572 1814 cremesino
605 1763 752 1811 riccio
784 1762 1071 1811 hermellino
1109 1763 1345 1810 subducta
1378 1777 1522 1825 super
1554 1761 1645 1809 alia
1673 1776 1819 1824 parva
1852 1765 1982 1809 veste
2017 1762 2075 1810 de

303 1848 524 1896 setonino
560 1847 697 1909 nigro
738 1862 846 1893 cum
879 1846 1046 1894 monili
1084 1861 1142 1894 ex
1178 1845 1330 1893 tribus
1370 1845 1533 1908 perlis,
1577 1849 1624 1893 et
1659 1845 1818 1909 lapide
1853 1846 2075 1909 precioso

295 1931 470 1979 valoris
497 1930 617 1977 forte
653 1929 845 1977 circiter
873 1928 1157 1977 ducatorum
1187 1929 1357 1977 decem
1388 1928 1538 1976 millia
1564 1928 1692 1991 quod
1718 1924 1950 1977 birretum
1977 1944 2073 1977 non

296 2013 511 2072 mutavit,
547 2028 699 2076 usque
731 2013 791 2060 ad
820 2028 998 2060 corone
1026 2012 1373 2075 receptionem.
1407 2011 1550 2062 Venit
1577 2011 1638 2059 ad
1665 2011 1921 2060 ecclesiam
1949 2011 2075 2059 circa

296 2097 508 2144 medium
536 2096 669 2143 chori
702 2096 1045 2144 canonicorum
1071 2111 1080 2141 ε
1107 2098 1424 2142 occurrerunt
1453 2094 1496 2142 ei
1527 2094 1920 2158 archiepiscopus
1950 2096 2074 2143 Nea-

294 2179 533 2243 politanus
574 2184 620 2227 et
658 2178 932 2242 patriarcha
969 2177 1319 2235 AntiochenuS,
1369 2177 1446 2240 qui
1496 2177 1653 2240 ipsum
1699 2181 1984 2240 receperunt
2027 2185 2073 2229 et

295 2261 597 2310 deduxerunt
622 2278 631 2309 :
656 2261 827 2325 prelati
856 2261 944 2309 sibi
972 2265 1357 2319 assurrexerunt,
1391 2260 1504 2307 fecit
1531 2264 1578 2308 et
1606 2261 1708 2324 ipse
1733 2277 1817 2308 rex
1847 2277 2073 2310 reveren-

294 2345 402 2405 tias,
428 2348 476 2393 et
498 2344 621 2393 sedit
638 2346 776 2409 juxta
798 2345 1017 2393 ordinem
1040 2344 1259 2407 superius
1280 2343 1479 2391 dictum.

361 2431 508 2477 Lecta
530 2428 661 2476 bulla
688 2444 775 2491 per
806 2431 861 2476 D.
895 2426 1190 2492 Stephanum
1217 2427 1276 2476 de
1307 2427 1500 2486 Narnia,
1532 2443 1616 2476 rex
1645 2429 1908 2491 genuflexit
1931 2445 2074 2493 super

295 2512 541 2560 cussinum
569 2527 732 2560 coram
761 2512 939 2574 legato,
965 2515 1012 2559 et
1042 2527 1070 2559 a
1096 2511 1301 2559 sinistris
1330 2511 1458 2574 regis
1489 2512 1770 2575 genuflexus
1800 2513 1946 2560 etiam
1970 2518 2071 2562 erat

296 2599 351 2644 D.
395 2595 638 2660 Johannes
683 2598 928 2643 Pontanus
971 2594 1258 2643 secretarius
1302 2610 1434 2654 suus,
1486 2595 1566 2657 qui
1610 2595 1941 2658 juramentum
1983 2612 2071 2660 per

295 2693 460 2741 regem
481 2678 794 2742 prestandum
816 2677 1048 2740 scriptum
1068 2677 1253 2725 habens
1274 2677 1322 2724 in
1344 2677 1714 2741 manulegebat,
1734 2682 1781 2726 et
1795 2678 2070 2742 Alphonsus

296 2777 380 2809 rex
400 2761 650 2824 repetebat
677 2765 724 2810 et
745 2761 812 2808 ita
839 2761 899 2808 ad
926 2760 1225 2824 singulorum
1250 2759 1507 2808 verborum
1527 2761 1846 2824 prolationem
1873 2777 2070 2825 proces-

297 2848 462 2891 serunt
488 2844 547 2890 ad
580 2845 874 2906 completum
890 2845 1239 2907 juramentum,
1270 2847 1335 2902 et,
1365 2844 1563 2906 prolatis
1584 2860 1671 2907 per
1690 2860 1855 2907 regem
1876 2844 2030 2892 verbis
2055 2861 2065 2892 ε

295 2935 341 2973 et
370 2926 451 2973 hec
485 2934 645 2973 sancta
678 2927 770 2974 Dei
801 2928 1059 2990 evanqelia,
1083 2927 1281 2991 ‚legatus
1317 2926 1503 2989 accepit
1538 2926 1733 2974 missale
1766 2930 1986 2989 apertum
2020 2926 2068 2973 in

294 3008 533 3068 manibus,
566 3023 711 3056 manu
738 3025 883 3072 super
910 3026 1068 3073 genua
1097 3026 1183 3058 sua
1211 3009 1329 3057 illud
1357 3014 1547 3067 tenens,
1579 3008 1707 3071 quod
1733 3009 1792 3057 ad
1820 3009 2068 3057 dexteram

296 3107 432 3138 suam
467 3089 677 3140 habebat
714 3091 998 3140 crucifixum
1035 3098 1144 3141 ante
1182 3108 1233 3141 se
1269 3092 1415 3155 igitur
1451 3092 1712 3155 depictum,
1753 3096 1801 3138 et
1833 3090 1893 3139 ad
1925 3091 2068 3139 aliam

296 3190 491 3222 manum
534 3176 710 3239 apponi
749 3175 959 3224 feceram
1000 3180 1197 3235 cartam,
1240 3175 1288 3222 in
1314 3190 1408 3238 qua
1447 3175 1622 3238 scripta
1661 3179 1798 3222 erant
1835 3173 2069 3238 principia

297 3263 502 3320 quatuor
543 3253 916 3322 evangeliorum,
964 3259 1184 3307 videlicet
1227 3275 1351 3306 unus
1399 3259 1664 3307 secundum
1705 3258 1978 3306 ‚Iohannem
2019 3257 2067 3302 in

291 3342 541 3404 principio,
577 3347 623 3390 et
648 3342 768 3390 alter
789 3342 1054 3391 secundum
1075 3342 1341 3391 Mattheum
1368 3342 1481 3389 liber
1500 3342 1832 3406 qener²ationi.s·‚
1858 3342 1950 3389 alia
1973 3341 2066 3388 duo

298 3425 500 3473 aliorum
541 3425 743 3473 duorum
788 3426 1211 3489 evangelistarum3
1258 3441 1400 3490 super
1442 3441 1535 3488 que
1571 3442 1654 3473 rex
1694 3426 1859 3473 ambas
1895 3439 2066 3472 manus
