2202 3926
165 365 303 406 [Juillet
327 365 421 405 1493]
611 362 783 399 RERUM
815 361 1119 398 URBANARUM
1147 361 1501 398 COMMENTARH.
1905 370 1951 405 83

162 470 323 532 partes
342 465 506 526 dividi,
530 469 578 514 et
603 465 749 528 aliqui
776 465 942 513 dicunt
968 464 1099 528 quod
1119 464 1278 513 adhuc
1300 464 1436 523 vivit3
1462 469 1510 513 et
1541 480 1599 514 eo
1621 482 1680 514 ex
1705 467 1801 515 hoc
1823 470 1952 532 quod

161 554 349 601 secreto
371 549 517 599 modo
539 549 760 614 capiebat
779 549 946 598 literas
965 551 1023 597 D.
1049 548 1324 608 cardinaliS,
1347 553 1395 598 et
1415 548 1545 613 ipsas
1567 554 1615 598 et
1638 550 1867 614 quicquid
1888 552 1952 600 ibi

168 636 403 701 agebatur
418 650 542 700 pape
563 633 837 683 Alexandro
859 638 997 683 sexto
1016 634 1278 683 revelabat.

228 719 315 768 Die
334 719 477 769 tertia
494 718 598 784 julii
624 721 765 778 1493,
788 717 918 766 circa
936 734 1071 767 xv1111
1092 718 1286 778 horam,
1304 718 1506 767 tenebre
1528 718 1655 768 facte
1675 724 1787 769 sunt
1810 736 1957 785 super

166 809 346 855 terram
379 808 427 853 et
459 803 718 852 insurrexit
747 806 917 851 ventus
948 801 1399 851 imminentissimus
1437 807 1485 852 et
1515 803 1657 853 turbo
1688 804 1738 852 in
1769 821 1881 854 aere
1909 810 1958 854 et

169 888 330 954 pluvia
349 904 525 953 magna
541 887 630 937 fuit
651 887 700 935 in
722 887 877 945 Urbe3
903 890 951 935 et
973 890 1108 935 extra
1122 885 1326 945 Urbem3
1351 886 1400 934 in
1414 887 1563 951 pratis
1579 888 1884 949 Neronianis,
1910 890 1958 937 in

174 976 327 1022 Ponte
347 972 506 1021 Milvio
537 976 584 1020 et
603 987 768 1021 versus
799 973 1003 1019 Pontem
1022 969 1257 1017 Salarium
1276 969 1469 1018 fuerunt
1489 971 1749 1034 grandines
1771 972 1959 1021 densis-

173 1056 294 1105 sime
317 1055 440 1104 sicut
467 1070 618 1103 nuces
645 1047 839 1118 magne.
862 1055 921 1100 Et
947 1052 1181 1101 destruxit
1203 1068 1374 1102 omnes
1396 1070 1516 1118 quos
1537 1054 1718 1105 invenit
1734 1056 1880 1114 foris3
1911 1062 1959 1105 et

173 1156 401 1206 campum
433 1139 654 1189 Fracassi
683 1154 792 1187 cum
821 1136 1046 1202 gentibus
1075 1137 1174 1185 suis
1201 1136 1283 1201 qui
1314 1143 1452 1188 erant
1479 1138 1655 1189 inloco
1683 1139 1766 1204 qui
1787 1139 1961 1189 dicitur

130 1227 132 1229 ’
169 1225 336 1275 Prima
346 1232 511 1290 porta,
535 1239 646 1272 cum
667 1222 827 1272 tendis
852 1226 898 1270 et
915 1220 1279 1286 patiglionibuS,
1307 1221 1356 1270 in
1377 1226 1532 1272 totum
1560 1224 1836 1274 sracassavit
1855 1224 1961 1274 lan-

170 1327 300 1372 ceaS,
326 1325 503 1375 cappas
526 1324 698 1358 omnes
735 1306 1011 1366 devastavit,
1043 1306 1187 1356 sellas
1215 1310 1263 1355 et
1288 1306 1607 1370 supellectilia
1626 1308 1790 1358 omnia
1809 1310 1961 1359 dicto-

170 1411 277 1444 rum
294 1393 503 1443 militum
525 1392 763 1441 destruxit
783 1395 832 1441 et
851 1391 921 1439 vis
943 1406 1176 1455 aquarum
1194 1391 1536 1455 transportavit
1549 1391 1616 1440 ita
1635 1392 1766 1457 quod
1782 1394 1961 1458 reperti

170 1480 366 1527 fuerunt
397 1477 462 1527 ibi
493 1477 633 1526 multi
670 1475 781 1540 equi
812 1474 989 1534 mortui
1019 1478 1067 1524 et
1102 1474 1359 1540 deperditi,
1394 1479 1442 1524 et
1461 1475 1689 1540 armigeri
1715 1477 1881 1542 magni
1915 1481 1964 1527 et

168 1563 300 1628 parvi
319 1578 489 1612 omnes
521 1561 795 1610 clamabant
822 1577 832 1609 :
857 1559 1222 1609 Misericordia!
1240 1559 1483 1624 fugientes
1498 1577 1664 1610 versus
1683 1566 1876 1611 montes
1899 1580 1960 1611 ne

168 1648 614 1712 submergerentur.
646 1645 844 1694 Duravit
873 1660 960 1709 per
993 1643 1114 1692 duos
1148 1643 1296 1692 horas
1337 1644 1610 1706 continuas,
1648 1651 1697 1696 et
1734 1651 1845 1712 post
1874 1648 1963 1697 fuit

164 1731 319 1779 visum
341 1729 470 1795 quod
489 1745 578 1795 per
606 1729 820 1793 quinque
848 1727 1036 1793 palmos
1063 1732 1112 1776 et
1145 1727 1270 1777 ultra
1301 1728 1350 1776 in
1382 1728 1505 1778 valle
1535 1730 1633 1790 illa,
1660 1730 1740 1779 ubi
1768 1732 1963 1781 fuerunt

166 1820 340 1875 castra,
363 1815 452 1863 fuit
471 1815 569 1863 alta
588 1813 772 1878 grando
792 1816 840 1861 et
861 1828 987 1876 aqua
1005 1830 1015 1871 3
1041 1811 1170 1875 quod
1190 1828 1289 1861 non
1309 1813 1400 1862 fuit
1418 1814 1522 1863 sine
1537 1815 1750 1865 maximo
1772 1815 1962 1866 incom-

166 1900 311 1948 modo
345 1898 460 1947 dicti
501 1897 720 1945 Fracassi
750 1900 799 1945 et
832 1896 990 1960 gentis
1028 1899 1222 1944 sue.'Et
1250 1897 1500 1958 damnum,
1530 1903 1583 1948 ut
1609 1899 1802 1960 dicitur,
1836 1900 1963 1950 inter

166 1998 317 2047 equos
337 1981 552 2047 perditos
582 1985 631 2029 et
655 1980 786 2029 bona
811 1978 1064 2044 deperdita
1085 1983 1133 2028 et
1154 1979 1415 2042 devastata,
1440 1982 1529 2031 fuit
1548 1983 1804 2048 plusquam
1826 1985 1958 2035 mille

167 2066 545 2131 quingentorum
566 2064 871 2114 ducatorum.

230 2153 284 2199 ln
304 2150 431 2199 Urbe
451 2165 583 2208 ver0,
604 2148 654 2197 in
676 2148 821 2197 domo
844 2147 1004 2196 Ursini
1022 2149 1182 2198 mariti
1204 2149 1328 2198 Julie
1351 2150 1484 2200 Belle
1501 2149 1560 2200 de
1577 2153 1807 2202 Farnesio
1830 2154 1959 2219 apud

163 2238 379 2285 Montem
409 2234 692 2294 Jordanum,
734 2237 907 2282 ventus
946 2233 1152 2283 removit
1191 2250 1341 2283 unum
1366 2235 1631 2297 caminum,
1662 2238 1743 2301 qui
1773 2243 1878 2288 erat
1909 2239 1955 2287 in

162 2321 268 2386 ejus
290 2320 454 2379 dom0,
473 2323 521 2368 et
540 2319 666 2370 ultra
682 2316 799 2366 illud
818 2317 867 2365 in
883 2316 1012 2368 dicta
1029 2318 1175 2368 domo
1188 2319 1362 2368 cecidit
1381 2320 1542 2386 fulgur
1559 2326 1606 2371 et
1618 2321 1779 2387 aliqua
1796 2322 1959 2373 devas-

161 2404 306 2466 tavit3
332 2410 380 2456 et
393 2405 489 2456 hoc
510 2406 600 2455 fuit
620 2405 696 2456 die
719 2406 967 2456 mercurii.

229 2491 318 2540 Die
361 2491 608 2541 dominica
638 2491 881 2556 sequenti,
915 2494 1178 2540 Fracassus
1221 2507 1333 2540 cum
1372 2491 1598 2556 gentibus
1638 2491 1736 2541 suis
1767 2492 1959 2543 intravit

160 2577 364 2625 Romam
386 2579 434 2625 et
454 2576 740 2626 monstravit
761 2592 813 2626 se
835 2578 963 2641 Pape
983 2575 1032 2624 in
1052 2575 1214 2641 platea
1235 2593 1274 2624 s.
1302 2576 1450 2625 Petri.

224 2661 311 2711 Die
334 2665 393 2710 23
421 2660 535 2709 dicti
561 2660 764 2722 mensis,
786 2660 983 2724 quidam
1011 2660 1195 2709 sbirrus
1219 2659 1442 2725 barigelli
1470 2661 1550 2726 qui
1580 2662 1762 2712 luserat
1783 2667 1831 2712 et
1850 2678 1958 2727 per-

157 2745 346 2795 diderat
381 2748 567 2795 certam
608 2744 868 2810 pecuniam
905 2745 969 2810 (et
998 2744 1078 2793 hic
1113 2749 1218 2793 erat
1245 2743 1538 2808 Januensis),
1573 2746 1775 2795 contulit
1809 2763 1860 2796 se
1891 2746 1954 2796 ad

159 2829 415 2879 ecclesiam
446 2828 601 2878 sancti
632 2828 777 2878 Blasii
806 2828 866 2878 de
902 2829 1028 2877 Malo
1050 2828 1100 2876 in
1130 2827 1332 2892 regione
1362 2830 1515 2878 sancti
1536 2825 1799 2892 Eustachii,
1830 2836 1877 2880 et
1907 2831 1955 2879 in

155 2913 275 2963 facie
297 2912 424 2962 dicte
447 2912 652 2962 ecclesie
673 2913 788 2961 vidit
806 2929 958 2961 unum
979 2912 1266 2961 crucifixum
1286 2912 1336 2961 in
1361 2929 1503 2962 muro
1526 2913 1773 2979 depictum
1793 2933 1802 2962 z
1829 2915 1950 2979 ipse,

156 2998 284 3047 malo
324 2996 504 3056 animO,
539 3011 651 3045 cum
689 2996 896 3060 quadam
925 3001 1184 3062 partesana
1215 3012 1360 3061 quam
1393 2997 1443 3046 in
1466 2998 1689 3047 manibus
1721 2998 1950 3058 habebat,

157 3081 398 3146 percussit
418 3080 602 3130 dictum
623 3080 908 3129 crucifixum
929 3080 979 3129 in
999 3081 1154 3146 capite
1177 3085 1226 3129 et
1252 3081 1302 3129 in
1326 3086 1526 3146 pectore
1547 3099 1557 3143 3
1583 3087 1632 3132 et
1654 3078 1744 3131 fuit
1772 3082 1903 3131 visus
1926 3099 1955 3131 a

160 3166 367 3230 quadam
394 3165 670 3215 meretrice.
695 3168 752 3214 Et
782 3181 894 3215 cum
921 3165 1024 3230 ipse
1051 3165 1343 3215 miraculose
1372 3166 1462 3216 iret
1490 3166 1674 3216 circum
1703 3167 1832 3216 circa
1852 3168 1954 3216 dic-

159 3253 263 3297 tum
293 3249 457 3298 locum
487 3253 536 3299 et
566 3264 665 3298 non
691 3253 857 3314 posset
885 3247 996 3297 inde
1019 3247 1167 3307 exire,
1194 3249 1470 3313 supervenit
1491 3249 1647 3297 dictus
1670 3249 1949 3314 barigelluS,

160 3338 207 3384 et
228 3333 332 3398 ipsa
349 3332 521 3382 mulier
541 3333 700 3397 ipsum
721 3349 860 3382 reum
880 3332 1123 3382 accusavit
1144 3332 1225 3396 qui
1243 3332 1372 3381 illico
1395 3337 1564 3397 captus
1592 3334 1682 3382 fuit
1702 3350 1711 3393 ;
1736 3337 1785 3382 et
1810 3332 1951 3382 ambe

157 3434 328 3468 manus
350 3415 439 3464 sibi
461 3421 723 3479 amputate,
748 3433 859 3466 cum
880 3417 1090 3466 clavibus
1118 3416 1167 3464 in
1194 3416 1324 3465 dicto
1351 3431 1491 3466 muro
1520 3418 1683 3478 affixe,
1707 3422 1756 3467 et
1778 3421 1951 3481 postea

157 3504 206 3551 in
226 3505 394 3567 Agone
421 3499 572 3549 furcis
594 3515 858 3564 suspensus
877 3501 967 3549 fuit
983 3516 1070 3564 per
1086 3500 1271 3548 dictum
1295 3500 1598 3564 barigellum.
