2222 3926
327 277 397 311 270
935 274 1166 312 JOHANNIS
1198 274 1489 318 BURCHARDI,
1875 274 1982 314 [Mars
2005 273 2099 313 1496]

328 392 473 442 quam
506 379 564 424 D.
596 379 813 426 Ventura
834 378 1154 436 Bruxellinus,
1179 378 1382 426 clericus
1413 393 1624 434 camere,
1656 391 1821 423 coram
1849 391 1908 424 eo
1942 392 2097 439 genu-

328 461 478 523 flexus
499 461 678 520 tenuit;
704 460 879 509 deinde
909 461 1127 524 pontifex
1157 461 1357 524 portavit
1390 475 1497 507 eam
1528 460 1588 507 ad
1616 457 1850 522 capellam
1873 462 1936 511 et,
1963 458 2099 507 finita

325 544 488 604 missa,
532 560 639 593 eam
691 544 802 592 inde
843 544 1116 607 reportavit.
1163 542 1267 590 Alia
1303 542 1552 590 observata
1601 547 1713 590 sunt
1755 557 1888 590 more
1917 541 2092 589 solito.

325 629 611 677 Sermonem
632 627 745 675 fecit
767 631 1054 690 procurator
1074 624 1254 672 ordinis
1277 641 1316 672 s.
1341 625 1490 674 Marie
1512 625 1571 673 de
1593 627 1755 672 Monte
1778 624 2014 674 Carmelo.

391 710 642 759 Dominica
663 709 827 773 quinta
860 708 1244 772 quadragesime,
1277 711 1337 756 20
1365 708 1540 768 martii,
1572 712 1626 758 R.
1657 708 1706 756 in
1734 707 1920 756 Christo
1950 710 2002 755 P.
2034 710 2092 756 D.

323 793 589 857 Eggerdus,
617 793 871 857 episcopus
895 791 1226 851 Slesvicencis,
1259 808 1382 840 unus
1408 809 1466 841 ex
1491 793 1654 857 palatii
1685 790 1933 856 apostolici
1961 791 2096 839 audi-

323 876 507 926 toribus
544 876 794 934 assistens,
834 874 1093 924 celebravit
1131 874 1329 923 missam
1364 875 1605 939 publicam
1642 875 1691 923 in
1727 874 1912 938 capella
1947 873 2095 932 dicta,

323 963 451 1024 Papa
467 962 691 1023 presente
715 975 724 1006 :
747 974 1025 1006 sermonem
1044 957 1159 1006 fecit
1178 962 1466 1022 procurator
1485 958 1666 1007 ordinis
1686 973 1931 1007 servorum
1954 957 2092 1006 beate

322 1043 488 1092 Marie.
512 1042 619 1091 Alia
639 1057 775 1090 more
797 1041 936 1090 solito
957 1046 1154 1106 peracta
1174 1045 1301 1090 sunt.

388 1127 527 1175 Feria
548 1130 699 1185 sexta,
728 1129 788 1174 25
822 1125 998 1184 martii,
1029 1126 1204 1173 testum
1228 1125 1625 1174 Annunciationis
1659 1126 1798 1174 beate
1826 1125 1975 1173 Marie
2003 1125 2096 1172 vir-

323 1210 467 1274 ginis,
491 1210 572 1259 SS.
599 1212 656 1257 D.
680 1214 847 1258 noster
865 1214 1059 1273 paratus
1081 1210 1279 1269 amictu,
1301 1210 1425 1269 alba,
1449 1209 1660 1274 cingulo,
1686 1209 1947 1273 capuccino
1965 1208 2092 1267 albo,

325 1299 373 1344 et
405 1293 612 1357 desuper
645 1293 768 1342 stola
797 1293 905 1341 alba
934 1293 1161 1357 pretiosa,
1196 1293 1567 1357 precedentibus
1597 1293 1755 1357 ipsum
1785 1309 1927 1342 cruce
1958 1296 2006 1341 et
2035 1295 2095 1339 22

325 1378 642 1428 cardinalibus
663 1394 750 1443 per
769 1377 957 1426 Turrim
979 1377 1301 1440 Sanguineam
1323 1382 1432 1425 ante
1455 1377 1710 1426 ecclesiam
1729 1394 1768 1425 s,
1793 1377 1942 1426 Marie
1962 1378 2094 1439 Mag-

327 1462 496 1511 dalene
523 1477 610 1526 per
637 1461 845 1526 plateam
879 1460 1020 1509 beate
1051 1459 1198 1508 Marie
1236 1460 1455 1508 Rotunde
1489 1460 1716 1524 equitavit
1743 1459 1803 1508 ad
1838 1459 2096 1508 ecclesiam

327 1546 466 1594 beate
488 1545 637 1594 Marie
666 1544 725 1593 de
746 1543 975 1593 Minerva.
1012 1545 1064 1590 In
1095 1542 1293 1591 introitu
1322 1543 1544 1603 ecclesie,
1576 1545 1746 1593 fratres
1782 1548 2097 1607 expectat-unt

329 1645 439 1678 eum
476 1633 523 1678 et
561 1634 849 1693 receperunt
878 1627 1320 1691 processionaliter3
1355 1626 1567 1691 generali
1595 1626 1774 1674 ordinis
1803 1626 1904 1674 solo
1931 1630 2096 1689 parato

329 1717 377 1761 et
408 1728 603 1762 crucem
638 1712 860 1760 manibus
890 1714 1111 1775 portante
1143 1726 1285 1774 quam
1318 1709 1600 1758 ministravit
1635 1709 1863 1758 cardinali
1897 1707 2100 1757 Senensi

330 1796 412 1860 qui
442 1794 658 1844 exhibuit
687 1795 902 1860 pontifici
937 1794 1265 1843 osculandam.
1301 1796 1405 1850 Qua
1436 1809 1523 1857 per
1550 1793 1831 1860 pontificem
1865 1791 2096 1850 osculata,

329 1879 633 1928 cantantibus
654 1879 879 1927 fratribus
900 1879 963 1927 Te
978 1880 1138 1927 Deum
1157 1878 1423 1938 laudamur,
1445 1877 1682 1942 processit
1701 1877 1761 1925 ad
1779 1877 1927 1926 altare
1943 1876 2039 1939 maj
2048 1891 2101 1923 us

329 1962 427 2023 ubi,
452 1962 577 2011 facta
597 1978 656 2011 ex
685 1978 819 2010 more
852 1951 1087 2022 oratione,
1122 1961 1339 2026 deposito
1370 1960 1649 2025 capuccino,
1681 1961 1868 2025 accepit
1896 1958 2100 2024 pluviale

329 2051 377 2095 et
412 2046 527 2095 fecit
560 2046 918 2095 confessionem
954 2062 1064 2095 cum
1101 2045 1395 2108 celebrante;
1437 2049 1484 2093 et
1515 2045 1607 2093 alia
1643 2060 1778 2093 more
1816 2043 1956 2092 solito
1992 2045 2101 2091 sunt

329 2130 594 2180 observata.
625 2129 822 2178 Missam
856 2130 1109 2179 celebravit
1143 2129 1425 2178 solemniter
1457 2133 1512 2177 R.
1549 2129 1599 2176 in
1629 2128 1818 2176 Christo
1849 2130 1900 2176 P.
1933 2129 1988 2175 D.
2017 2130 2100 2175 Jo-

328 2211 532 2274 hannes,
558 2213 813 2277 episcopus
833 2214 1209 2262 Interamnensis
1228 2229 1340 2261 cum
1357 2229 1452 2261 una
1470 2213 1687 2260 oratione
1707 2216 1911 2270 tantum,
1941 2210 2101 2259 Gloria

330 2297 378 2345 in
399 2295 588 2345 excelsis
607 2296 735 2353 Deo,·
761 2301 807 2345 et
828 2297 919 2345 alia
939 2312 1074 2345 more
1097 2297 1237 2345 solito
1260 2296 1344 2355 (1).
1370 2296 1526 2344 Finita
1546 2295 1710 2355 missa,
1728 2298 2100 2343 veneruntcon-

328 2380 497 2448 fratres
520 2379 822 2429 Annunciate
844 2397 954 2429 cum
976 2380 1118 2429 bacili
1147 2380 1207 2428 ad
1228 2380 1358 2443 quod
1379 2384 1508 2444 Papa
1529 2396 1616 2445 per
1640 2377 1906 2427 cardinales
1928 2376 2101 2425 obtulit

330 2465 461 2512 circa
493 2467 552 2512 25
587 2463 784 2512 ducatos
815 2463 1050 2529 duplices,
1096 2469 1143 2513 et
1177 2464 1300 2512 forte
1338 2465 1509 2513 decem
1540 2464 1589 2512 in
1623 2461 1878 2523 carolenis,
1917 2465 1964 2510 et
1995 2465 2105 2525 post

330 2563 441 2597 eum
466 2546 734 2596 cardinales
764 2563 899 2596 more
932 2548 1089 2596 solito.
1120 2550 1241 2596 Item
1263 2548 1383 2596 alius
1410 2563 1520 2596 cum
1546 2547 1690 2595 bacili
1718 2562 1829 2594 cum
1855 2548 1912 2594 14
1942 2542 2102 2593 bursis

329 2630 640 2696 pecuniarum
677 2630 833 2694 plenis
869 2647 956 2695 pro
1000 2634 1056 2678 14
1093 2631 1264 2695 puellis
1301 2631 1599 2691 maritandis,
1631 2646 1723 2694 que
1759 2645 1868 2679 cum
1905 2627 2105 2692 singulis

330 2714 562 2762 matronis
589 2720 899 2763 accesserunt
929 2719 1040 2764 ante
1072 2718 1269 2779 Papam,
1304 2719 1351 2764 et
1381 2720 1582 2779 accepta
1608 2730 1667 2764 ex
1694 2714 1916 2762 manibus
1947 2707 2103 2761 cardi*

330 2797 450 2845 nalis
473 2813 511 2844 s.
538 2798 728 2860 Georgii
751 2798 914 2857 bursa,
940 2798 1154 2847 osculate
1177 2803 1286 2848 sunt
1306 2799 1481 2862 pedem
1504 2801 1649 2862 Pape.

396 2879 579 2928 Deinde
601 2879 809 2927 surrexit
831 2881 959 2942 Papa
977 2883 1040 2938 et,
1066 2879 1194 2927 facta
1216 2883 1325 2927 ante
1347 2880 1495 2927 altare
1518 2880 1756 2936 oratione,
1781 2879 1978 2927 dimisso
1999 2875 2101 2942 plu-

331 2964 453 3025 viali,
489 2961 803 3025 reassumpsit
833 2961 1147 3025 capuccinum
1182 2966 1228 3010 et
1259 2966 1368 3025 post
1398 2962 1666 3011 cardinales
1700 2978 1985 3026 progressus
2016 2961 2103 3008 fuit

331 3047 391 3095 ad
416 3038 649 3111 capellam
680 3044 934 3093 cardinalis
966 3045 1284 3108 Neapolitani,
1314 3045 1361 3092 in
1391 3061 1485 3109 qua
1512 3051 1648 3094 erant
1673 3036 1968 3109 indulgentie
2000 3044 2103 3108 ple-

330 3131 462 3180 narie
511 3147 520 3178 :
568 3129 678 3177 inde
720 3132 855 3177 extra
893 3131 1080 3191 portam
1123 3125 1438 3192 principalem
1479 3129 1604 3177 dicte
1644 3128 1848 3177 ecclesie
1888 3127 2104 3176 ascendit

330 3229 527 3277 equum,
553 3217 599 3260 et
627 3228 715 3276 per
742 3212 867 3260 viam
894 3211 1064 3260 domus
1094 3212 1152 3260 de
1180 3212 1418 3271 Maximis,
1450 3228 1674 3277 campum
1694 3213 1851 3273 Flore,
1876 3217 2008 3261 recta
2033 3211 2106 3259 via

380 3398 414 3438 1.
442 3397 544 3434 Cette
563 3397 729 3434 derniere
748 3396 881 3445 phrase
900 3396 994 3434 n'est
1013 3395 1154 3434 donnee
1174 3405 1244 3446 que
1264 3407 1329 3446 par
1349 3396 1382 3433 le
1403 3397 1484 3435 149.
