2222 3926
190 322 398 362 [Decembre
420 324 514 362 1494]
637 322 803 359 RERUM
840 321 1140 358 URBANARUM
1170 321 1519 358 COMMENTARH.
1898 326 1963 361 211

190 442 298 491 liter
327 443 386 492 de
410 444 556 493 verbo
590 445 651 493 ad
678 444 891 504 verbum,
928 448 976 492 et
1006 459 1152 492 manu
1180 442 1374 507 propria
1404 445 1600 506 rogatus
1634 447 1682 491 et
1709 443 1966 506 requisitus

190 527 360 591 scripsi
395 531 443 576 et
477 526 758 591 subscripsi,
788 527 1076 591 signumque
1110 540 1273 574 meum
1311 524 1360 572 in
1387 524 1535 573 tidem
1564 529 1612 573 et
1638 525 1969 574 testimonium

192 614 478 660 consuetum
506 611 724 676 apposui.

255 693 512 754 Florentie,
556 694 633 743 die
674 694 905 758 vigesima
944 693 1111 757 quinta
1145 693 1418 742 novembris
1463 697 1607 753 1494,
1650 694 1696 741 in
1735 697 1971 742 conventu

193 777 357 825 Crucis
377 777 559 826 ordinis
578 777 836 827 Minorum.
1191 784 1194 787 '

259 861 399 910 Feria
436 861 618 926 quinta,
663 866 719 910 18
757 862 936 910 mensis
970 861 1260 919 decembris,
1295 861 1457 909 omnia
1491 860 1618 910 bona
1651 864 1777 926 Pape
1807 866 1973 926 parata

196 949 306 994 sunt
332 945 393 993 ad
424 945 513 994 iter
539 949 587 994 et
613 952 875 1005 recessum,
909 945 1037 993 lecto
1069 949 1116 993 et
1146 944 1394 993 credentia
1423 944 1701 1008 quotidiana
1720 945 1968 997 duntaxat,

196 1029 402 1093 demptis
432 1028 656 1077 omnibus
692 1028 954 1093 apostolice
991 1027 1174 1092 capelle
1219 1027 1436 1077 saci-istie
1480 1028 1794 1092 paramentis,
1841 1028 1971 1075 omui

194 1112 460 1161 munitione
486 1112 669 1177 palatii,
697 1116 799 1161 toto
819 1128 987 1177 grano,
1007 1113 1266 1176 omniaque
1284 1128 1376 1176 que
1399 1112 1618 1161 Pontifex
1635 1112 1800 1170 habet,
1826 1111 1974 1159 missa

194 1197 254 1244 ad
281 1200 490 1246 castrum
518 1213 556 1245 s.
590 1195 779 1260 Angeli,
813 1211 983 1244 omnes
1011 1195 1278 1244 cardinales
1306 1194 1458 1258 parati
1486 1195 1547 1243 ad
1573 1211 1837 1255 recessum,
1864 1194 1972 1257 equi

196 1279 361 1328 ferrati
384 1279 552 1344 parati.

262 1364 402 1412 Feria
439 1368 596 1422 sexta,
659 1366 715 1411 19
756 1363 1045 1424 decembris,
1096 1363 1283 1412 liberati
1338 1363 1530 1412 fuerunt
1576 1379 1604 1410 a
1643 1361 1971 1410 detentoribus

196 1448 362 1494 Rmus.
397 1449 455 1494 D.
489 1445 746 1494 cardinalis
777 1462 815 1494 s,
853 1446 1068 1495 Severini
1099 1446 1180 1510 qui
1212 1446 1439 1510 equitavit
1469 1445 1530 1493 ad
1557 1462 1723 1510 regem
1752 1446 1969 1503 Francie,

186 1529 274 1593 *qui
305 1529 364 1579 de
397 1529 637 1595 pontificis
663 1531 803 1595 jussu
838 1536 886 1580 et
914 1531 1111 1579 nomine
1139 1546 1248 1579 cum
1280 1546 1338 1579 eo
1366 1530 1577 1594 quedam
1608 1534 1900 1579 tractarurus
1929 1535 1976 1578 et

194 1617 450 1678 propterea
479 1614 732 1673 Columna,
763 1614 864 1679 qui,
900 1618 950 1663 ut
979 1615 1302 1675 asserebatur,
1336 1614 1625 1679 promiserat
1654 1617 1781 1678 Pape
1813 1630 1975 1663 arcem

195 1697 325 1746 Ostie
352 1697 623 1757 restituere,
657 1702 704 1747 et
732 1714 783 1747 se
814 1698 875 1746 ad
900 1698 1088 1747 soldum
1114 1697 1329 1747 Ecclesie
1351 1698 1551 1746 dederat
1578 1701 1626 1746 et
1653 1702 1971 1747 converterat.

262 1780 513 1830 Dominica
533 1787 704 1846 quarta
725 1781 974 1842 adventus,
1010 1786 1065 1830 21
1098 1781 1389 1840 decembris,
1414 1782 1463 1829 in
1485 1782 1675 1830 Christo
1698 1785 1750 1829 P.
1774 1784 1831 1830 D.
1857 1783 1976 1829 Ber-

197 1863 392 1934 nardus,
430 1865 685 1930 episcopus
719 1866 974 1926 DucensiS,
1000 1865 1475 1915 celebravitmissam
1510 1866 1781 1914 solemnem
1814 1865 1863 1913 in
1896 1881 1977 1913 ca-

195 1947 323 2011 pella
354 1948 536 2012 majore
573 1948 754 2012 palatii,
792 1952 923 2013 Papa
954 1952 1206 2013 presente:
1232 1966 1510 1999 sermonem
1545 1950 1659 1998 fecit
1689 1953 1976 2014 procurator

196 2031 436 2095 generalis
458 2031 639 2079 ordinis
662 2032 1052 2092 Carmelitarum;
1071 2032 1164 2080 alia
1184 2033 1435 2092 observata
1457 2036 1568 2080 sunt
1589 2047 1725 2081 more
1747 2031 1905 2080 solito.

261 2115 408 2163 Missa
445 2115 597 2173 finita,
642 2114 972 2180 interrogante
1014 2119 1159 2181 Papa,
1202 2116 1317 2165 dixit
1358 2116 1476 2163 mihi
1522 2116 1652 2179 quod
1693 2115 1975 2163 intendebat

196 2199 358 2247 venire
398 2199 460 2247 ad
494 2199 823 2248 matitutinum
859 2199 1014 2248 noctis
1053 2199 1226 2248 natalis
1263 2199 1456 2247 Domini
1494 2202 1540 2246 et
1575 2198 1704 2262 quod
1740 2198 1974 2247 lectiones

196 2282 475 2332 dicerentur
508 2299 618 2331 cum
652 2283 838 2342 ordine,
875 2286 1017 2347 prout
1050 2283 1208 2332 fuerat
1239 2283 1288 2330 in
1321 2283 1477 2346 primo
1512 2299 1638 2330 anno
1672 2282 1745 2330 sui
1780 2282 1976 2346 pontifi-

196 2370 331 2415 catus
353 2367 679 2416 observatum.

261 2450 399 2499 Feria
429 2450 657 2510 secunda,
690 2454 748 2498 22
780 2451 1072 2511 decembris,
1103 2451 1298 2515 incepta
1326 2451 1412 2500 suit
1443 2451 1580 2499 ruina
1610 2450 1782 2499 domus
1809 2449 1974 2498 Jacobi

195 2533 403 2583 aurificis
426 2538 474 2583 et
494 2534 699 2584 aliorum
726 2535 857 2583 circa
876 2540 1088 2584 castrum
1117 2552 1156 2583 s.
1181 2534 1352 2598 Angeli
1371 2535 1592 2595 sitarum,
1619 2539 1667 2583 et
1698 2534 1975 2597 designatus

197 2617 404 2666 t'ossatus
425 2618 505 2681 qui
527 2622 738 2667 castrum
752 2618 909 2683 ipsum
928 2619 1230 2667 circumdare
1254 2618 1413 2667 debet.

267 2701 606 2765 Superioribus
625 2701 764 2750 ethis
783 2702 970 2759 diebus,
995 2702 1216 2751 videlicet
1241 2706 1316 2761 19,
1343 2707 1421 2760 21,
1446 2706 1524 2762 22,
1554 2706 1611 2750 023
1631 2703 1776 2767 hujus
1795 2703 1976 2751 mensis

199 2784 487 2845 decembris,
522 2790 691 2849 gentes
724 2786 852 2850 regis
891 2786 1091 2835 Francie
1122 2787 1343 2835 incursus
1379 2787 1593 2836 fecerunt
1627 2803 1722 2851 ⁴per
1759 2792 1976 2836 montem

197 2867 401 2915 Marium
431 2885 583 2932 usque
613 2869 674 2918 ad
701 2888 739 2917 s.
772 2873 998 2919 Lazarum
1032 2874 1079 2918 et
1106 2875 1243 2934 prata
1270 2888 1309 2918 s.
1335 2871 1506 2935 Angeli
1535 2871 1808 2935 adjacentia
1840 2890 1848 2919 z
1882 2875 1977 2919 sta-

198 2955 393 2999 tuerunt
426 2952 572 3000 etiam
611 2969 706 3001 una
739 2958 883 3002 nocte
913 2954 1151 3002 dictorum
1179 2953 1368 3001 dierum
1397 2955 1576 3003 Urbem
1605 2955 1868 3019 proditorie
1897 2955 1978 3003 de-

201 3033 382 3083 bellare
404 3036 463 3083 ab
487 3036 567 3084 illa
586 3040 726 3100 porta
748 3041 795 3085 et
816 3029 1166 3086 Columuenses
1192 3038 1251 3086 ab
1271 3037 1380 3098 alia,
1407 3038 1454 3085 in
1478 3039 1619 3103 cujus
1643 3039 1907 3087 subsidium
1930 3044 1978 3085 et

203 3116 496 3181 adjutorium
524 3120 653 3169 mille
682 3120 803 3169 Galli
834 3119 1075 3169 debebant
1102 3137 1152 3168 se
1184 3120 1489 3170 introducere
1520 3138 1609 3185 per
1638 3122 1817 3170 tlumen
1850 3122 1980 3170 circa

204 3200 402 3260 Ostiam,
434 3203 495 3250 ad
513 3203 646 3252 littus
676 3204 896 3253 Ostiense
925 3205 983 3253 de
1004 3205 1165 3254 littore
1189 3204 1459 3254 Portuensi.
1486 3204 1577 3253 Sed
1608 3206 1728 3253 adeo
1756 3205 1844 3253 fuit
1864 3205 1979 3252 vali-

202 3282 290 3330 dus
316 3287 486 3332 ventus
513 3285 582 3333 eis
603 3288 869 3335 contrarius
897 3288 1027 3351 quod
1053 3303 1150 3335 non
1178 3292 1440 3351 potuerunt
1467 3286 1595 3349 quod
1625 3288 1980 3351 proposuerunt

205 3367 394 3431 exequi.
433 3350 668 3416 Dicebant
691 3369 819 3418 enim
852 3386 940 3434 per
967 3374 1157 3433 portam
1186 3370 1335 3418 sancti
1369 3369 1498 3416 Pauli
1528 3369 1621 3416 hec
1650 3370 1778 3417 mala
1803 3385 1975 3433 perpe-

210 3455 380 3509 trasse,
421 3450 624 3500 intrasse
668 3452 861 3502 Urbem.
907 3453 1067 3516 ignem
1109 3452 1435 3503 succendisse,
1479 3452 1710 3515 spoliasse
1750 3457 1795 3500 et
1833 3451 1981 3498 inulta
