2216 3886
245 316 315 351 504
855 311 875 347 J
879 309 1039 347 OHANN
1045 310 1087 346 IS
1120 310 1415 357 BUROEARDI,
1755 316 1912 356 [Janvier
1927 319 2022 359 1499]

243 416 378 481 tyris,
411 415 460 463 in
493 429 588 478 quo
622 417 786 462 Rmus.
819 416 876 462 D.
911 412 1165 461 cardinalis
1193 428 1231 460 s,
1268 412 1493 460 Praxedis
1528 413 1785 463 celebravit
1816 417 2014 468 missam

244 499 530 557 solemnem,
564 498 613 544 in
643 497 825 560 capella
855 497 1040 559 maj0re
1071 493 1361 557 supradicta,
1391 499 1616 557 presente
1648 498 1797 561 Papa;
1833 515 2020 549 sermo-

171 573 175 577 ⁴
243 598 355 631 nem
389 581 504 629 fecit
537 580 731 643 quidam
759 580 907 626 frater
934 577 1115 625 ordinis
1147 592 1397 625 servorum
1426 578 1567 627 beate
1599 579 1766 639 Marie,
1803 582 1882 644 qui
1919 599 2024 632 ser-

243 680 440 713 monem
475 677 613 710 suum
646 661 695 709 in
729 666 826 709 tres
859 664 1019 724 partes
1052 659 1101 707 in
1134 652 1370 723 principio
1404 660 1585 720 divisit;
1619 667 1665 711 et
1699 679 1758 712 ex
1787 667 2024 715 memoria

242 748 373 797 labili
402 747 476 794 vix
501 745 707 809 primam
733 748 921 808 partem
953 743 1185 802 recitavit,
1216 744 1430 807 vagando
1457 744 1572 794 hinc
1598 745 1728 807 inde,
1763 751 1810 796 et
1836 753 2024 812 preter-

242 830 401 879 missis
442 828 616 876 ceteris
653 827 867 891 partibus
901 841 1179 875 sermonem
1214 841 1325 874 cum
1359 827 1576 876 omnium
1610 834 1727 879 nota
1760 830 2017 880 conclusit.

246 913 351 961 Alia
370 915 565 977 peracta
586 915 694 959 sunt
717 925 852 958 more
878 909 1036 958 solito.

307 996 446 1044 Feria
466 995 649 1058 quinta,
676 996 733 1041 27
759 993 976 1057 ejusdem
998 993 1177 1041 mensis
1201 992 1489 1054 decembriS,
1517 995 1566 1043 in
1593 995 1718 1045 festo
1748 1013 1787 1045 s,
1831 998 2026 1047 Joannis

244 1079 553 1143 evangeliste,
591 1081 757 1125 Rmus.
794 1079 852 1124 D.
890 1076 1145 1124 cardinalis
1176 1092 1214 1124 s.
1253 1077 1418 1125 Crucis
1453 1078 1711 1128 celebravit
1744 1080 1943 1129 missam
1977 1082 2024 1130 in

244 1164 370 1212 dicta
399 1162 600 1226 capella,
634 1164 860 1224 presente
891 1162 1035 1223 Papa.
1074 1161 1361 1208 Sermonem
1392 1152 1507 1209 fecit
1535 1161 1683 1210 frater
1712 1163 1936 1212 Nicolaus
1965 1164 2023 1212 de

244 1245 533 1304 Mediolano,
565 1244 746 1292 ordinis
767 1243 1141 1307 predicatorum,
1174 1243 1332 1291 socius
1353 1245 1679 1308 procuratoris
1702 1246 1922 1310 ejusdem
1945 1262 2024 1294 or-

246 1330 386 1389 dinis,
430 1327 743 1377 cancellarius
784 1327 944 1375 fratris
985 1326 1265 1392 Hieronymi
1305 1327 1364 1375 de
1405 1328 1648 1389 Ferraria,
1687 1329 1800 1378 dicti
1842 1329 2022 1378 ordinis

245 1412 552 1477 professoris,
589 1411 827 1459 combusti
861 1426 986 1459 anno
1020 1410 1286 1474 superiore.
1325 1410 1429 1459 Alia
1458 1415 1570 1459 sunt
1600 1411 1854 1461 observata
1886 1428 2022 1462 more

249 1495 408 1543 solito.

313 1577 451 1626 Feria
481 1582 633 1637 sexta,
659 1581 719 1626 28
745 1577 858 1625 dicti
880 1577 1060 1626 mensis
1087 1576 1377 1637 decembris,
1402 1577 1540 1625 rediit
1565 1577 1626 1625 ad
1647 1577 1824 1626 Urbem
1854 1581 2021 1627 RmuS.

251 1664 309 1710 D.
335 1661 589 1709 cardinalis
617 1660 792 1723 Borgia
819 1675 878 1709 ex
903 1660 1120 1720 Viterbo,
1155 1660 1299 1708 rebus
1326 1660 1504 1708 ibidem
1531 1660 1592 1710 ad
1616 1665 1726 1709 vota
1746 1662 2027 1725 compositis

251 1748 299 1792 et
321 1744 536 1792 exulibus
566 1744 613 1791 in
642 1743 882 1791 civitatem
909 1743 1062 1806 ipsam
1091 1743 1332 1806 repositiS,
1359 1743 1559 1791 dimisso
1588 1743 1766 1794 ibidem
1794 1749 1849 1793 R.
1881 1749 1934 1795 P.
1966 1750 2023 1796 D.

251 1826 490 1874 Ludovico
519 1827 724 1891 Angelo,
756 1826 1120 1890 archiepiscopo
1149 1827 1428 1886 Cusentino,
1459 1843 1604 1890 quem
1633 1829 1717 1876 SS.
1743 1831 1801 1877 D.
1831 1832 1888 1878 N.
1918 1836 2028 1894 post

251 1910 455 1973 predicti
483 1909 738 1958 cardinalis
766 1924 1013 1958 recessum
1035 1909 1146 1958 illuc
1177 1911 1236 1959 ad
1263 1910 1350 1974 ipsi
1375 1911 1603 1959 cardinali
1631 1912 1953 1961 assistendum
1980 1918 2028 1962 et

250 1993 599 2041 consulendum
622 1992 836 2041 miserat.

316 2076 452 2125 Feria
482 2075 712 2135 secunda,
740 2079 794 2124 31
824 2080 871 2123 et
893 2075 1061 2124 ultima
1081 2076 1261 2124 mensis
1290 2076 1579 2138 decembriS,
1609 2079 1803 2129 fuerunt
1828 2096 2028 2145 vespere

250 2160 494 2208 solemnes
529 2160 578 2207 in
610 2159 794 2223 capella
818 2160 1001 2223 majore
1030 2160 1322 2224 supradicta,
1354 2176 1479 2225 papa
1511 2167 1754 2225 presente,
1781 2168 1829 2212 et
1857 2164 2027 2213 eadem

250 2243 326 2291 die
349 2244 635 2307 inceperunt
657 2242 823 2291 larvati
852 2243 948 2291 sive
979 2243 1270 2291 mascherati
1296 2243 1366 2291 ire
1395 2248 1442 2292 et
1470 2245 1683 2307 equitare
1714 2262 1800 2310 per
1828 2247 2022 2295 Urbem.

313 2327 477 2375 Martis
505 2326 781 2375 immediate
814 2326 1078 2389 sequentis,
1112 2327 1198 2375 fuit
1226 2327 1375 2376 missa
1403 2328 1634 2377 solemnis
1663 2329 1711 2377 in
1743 2329 1913 2379 eadem
1947 2346 2027 2378 ca·-

249 2412 393 2476 pella,
430 2424 574 2474 quam
613 2409 868 2458 celebravit
901 2412 1065 2457 RmuS.
1102 2413 1160 2458 D.
1201 2411 1456 2459 cardinalis
1492 2412 1859 2474 Alexandrinus,
1901 2416 2029 2478 Papa

251 2499 474 2560 presente
516 2509 525 2541 ε
568 2507 844 2541 sermonem
881 2493 993 2542 fecit
1030 2493 1225 2556 quidam
1264 2494 1411 2542 frater
1450 2495 1632 2543 ordinis
1669 2497 2027 2560 predicatorum

250 2579 459 2628 breviter
479 2581 525 2626 et
547 2578 689 2625 bene.
717 2576 888 2624 Omnia
910 2576 1001 2624 alia
1021 2575 1270 2624 observata
1287 2581 1396 2626 sunt
1414 2593 1549 2626 more
1569 2578 1724 2627 solito.
1747 2581 1890 2643 Papa,
1916 2584 2027 2628 ante

252 2663 467 2719 missam,
492 2676 604 2709 cum
631 2657 915 2724 paramenta
942 2659 1200 2723 acciperet,
1228 2660 1404 2709 creavit
1429 2661 1773 2710 cubicularium
1803 2678 1944 2710 suum
1966 2665 2023 2711 D.

251 2744 523 2794 Evandrum
548 2743 607 2792 de
630 2743 821 2802 Scottis,
848 2743 1078 2791 clericum
1105 2743 1498 2803 Lundunensem,
1531 2748 1578 2793 et
1597 2745 1838 2794 mandavit
1865 2750 1922 2795 D.
1953 2745 2028 2793 Si-

252 2828 450 2891 nulpho,
477 2826 704 2889 episcopo
735 2826 947 2885 Clusino,
975 2826 1157 2874 decano
1186 2826 1611 2887 cubiculariorum,
1643 2815 1697 2875 ut'
1717 2828 1942 2876 eumdem
1964 2831 2021 2876 D.

253 2910 522 2958 Evandrum
547 2908 783 2971 reciperet
813 2913 992 2957 etcum
1014 2908 1140 2957 inter
1159 2908 1476 2957 cubicularios
1505 2909 1782 2958 Sanctitatis
1810 2926 1894 2959 sue
1923 2911 2025 2959 col-

252 2994 452 3042 locaret.

318 3075 458 3124 Feria
495 3073 681 3138 quinta,
726 3076 752 3121 3
799 3073 979 3121 mensis
1016 3074 1247 3138 januarii,
1295 3074 1488 3124 fuerunt
1528 3075 1772 3126 celebrate
1819 3079 2022 3142 exequie

253 3159 495 3222 quondam
516 3157 673 3206 fratris
698 3157 898 3205 Mariani
920 3157 978 3206 de
1000 3159 1332 3218 Gennazzano,
1357 3158 1559 3206 ministri
1581 3159 1820 3223 generalis
1842 3161 2024 3210 ordinis

251 3242 597 3291 heremitarum
619 3258 658 3288 S.
681 3240 936 3305 Augustini
959 3240 1017 3289 de
1041 3241 1189 3300 Urbe;
1214 3244 1269 3289 R.
1297 3243 1348 3289 P.
1371 3244 1427 3289 D.
1450 3241 1747 3303 ThilmanUS,
1770 3243 2024 3307 episcopus

251 3323 589 3387 Tripolitanus,
615 3323 817 3372 titularis
843 3323 1023 3372 ordinis
1047 3324 1249 3388 predicti
1270 3324 1531 3389 professor,
1561 3325 1765 3374 vicarius
1786 3326 1836 3373 in
1864 3326 2024 3390 ponti-

252 3407 470 3455 ficalibus
503 3410 559 3454 R.
591 3409 646 3454 D.
682 3406 892 3470 episcopi
923 3406 1214 3468 BasiliensiS,
1248 3407 1503 3457 celebravit
1529 3408 1726 3456 missam
1760 3408 2019 3472 publicam,
