2202 3926
279 329 346 365 148
882 330 1113 367 JOHANNlS
1147 330 1443 378 BURCHARDI,
1852 333 1932 374 [Mai
1956 335 2047 374 1494]

277 430 447 489 latere,
479 430 539 478 ad
567 431 650 479 Dei
677 431 870 480 laudem
898 438 944 481 et
971 434 1156 496 prefate
1188 433 1400 481 Ecclesie
1426 436 1600 479 statum
1628 436 1676 478 et
1701 431 1954 490 honorem,
1989 433 2047 480 de

276 514 476 561 fratrum
495 520 770 563 nostrorum
793 516 996 563 consilio
1012 516 1289 564 duxerimus
1309 513 1662 571 destinandum,
1682 513 1766 560 tibi
1781 513 2048 577 predictum

276 609 440 659 regem
455 597 717 661 inungendi
739 603 784 646 et
803 598 984 661 regiam
1002 613 1230 645 coronam
1246 597 1389 660 capiti
1407 612 1491 642 suo
1508 595 1803 659 imponendi,
1823 600 1869 645 et
1886 596 2046 644 Sicilie

274 677 394 726 citra
424 680 632 728 Pharum
663 696 829 743 regem
858 680 1147 728 catholicum
1175 678 1438 727 coronandi
1467 678 1746 726 facultatem
1773 678 2046 727 conceden-

274 763 359 818 teS,
385 766 527 823 prout
548 763 596 808 in
618 762 722 810 aliis
749 762 926 810 nostris
956 762 1164 825 desuper
1191 762 1422 810 confectis
1442 761 1592 810 literis
1614 761 1916 820 continetur;
1949 765 2044 811 Nos

272 844 539 906 cupientes,
574 850 623 893 ut
652 845 821 910 spiritu
852 846 1054 894 aliarum
1082 837 1392 908 largitionum
1423 849 1469 894 et
1498 861 1755 893 munerum
1785 844 1966 893 incolas
2000 850 2046 894 et

269 926 562 975 habitatores
580 929 785 992 partium
806 929 994 977 illarum
1016 928 1188 977 reddas
1207 931 1327 988 Deo,
1353 933 1398 976 et
1421 928 1523 976 sedi
1544 928 1760 992 predicte
1779 928 1882 992 plus
1902 928 2047 977 devo-

270 1014 360 1068 tos,
387 1010 445 1058 de
474 1011 820 1074 omnipotentis
850 1013 935 1060 Dei
964 1012 1294 1060 misericordia
1320 1028 1376 1059 ac
1406 1012 1657 1060 beatorum
1686 1011 1814 1059 Petri
1836 1016 1884 1059 et
1912 1012 2045 1060 Pauli

268 1094 594 1155 apostolorum
626 1096 908 1144 auctoritate
940 1096 1128 1155 confisi,
1163 1095 1582 1158 circumspectioni
1614 1100 1712 1154 tue,
1743 1100 1794 1142 ut
1825 1094 1920 1153 die,
1954 1111 2048 1157 qua

265 1193 351 1240 pro
372 1179 683 1227 coronatione
703 1178 979 1243 hujusmodi
1001 1179 1222 1227 facienda
1241 1179 1439 1226 missam
1458 1178 1742 1237 celebrabis,
1767 1183 1875 1241 post
1896 1178 2044 1241 ipsius

265 1260 411 1309 misse
446 1261 803 1310 solemnitatem
837 1262 1059 1310 omnibus
1094 1266 1141 1310 et
1174 1262 1373 1326 singulis
1407 1261 1654 1324 utriusque
1693 1277 1835 1324 sexus
1873 1260 2046 1309 Christi

265 1342 487 1392 fidelibus
518 1345 854 1408 undecumque
884 1345 1186 1394 venientibus
1216 1347 1296 1409 qui
1329 1345 1487 1394 eidem
1520 1344 1667 1392 misse
1702 1349 1782 1392 aut
1814 1343 2046 1392 benedic-

264 1425 383 1472 tioni
411 1432 491 1475 tue
523 1443 666 1490 quam
699 1433 807 1492 post
836 1429 990 1492 ipsam
1020 1430 1218 1477 missam
1248 1429 1427 1492 populo
1454 1428 1572 1476 inibi
1600 1428 1819 1477 existenti
1846 1427 2043 1491 largitus

263 1508 427 1569 fueris,
451 1509 772 1569 interfuerint,
797 1510 1062 1573 plenariam
1085 1512 1301 1560 omnium
1322 1515 1632 1575 peccatorum
1651 1527 1850 1560 suorum
1872 1510 2043 1559 remis—

262 1594 447 1643 sionem
485 1599 532 1643 et
569 1595 915 1658 indulgentiam
954 1595 1003 1642 in
1038 1596 1193 1642 forma
1231 1595 1442 1644 Ecclesie
1482 1600 1715 1644 consueta
1752 1594 2037 1642 auctoritate

259 1678 522 1741 apostolica
535 1678 767 1742 largiendi
783 1694 837 1725 ac
854 1678 997 1726 etiam
1022 1683 1103 1726 tua
1115 1678 1392 1742 hujusmodi
1405 1678 1661 1742 largitione
1675 1678 1896 1736 durante,
1915 1678 2041 1724 infra

257 1760 383 1809 illius
400 1761 596 1821 limites,
619 1777 763 1824 quem
781 1761 1180 1824 quotiescumque
1200 1766 1246 1809 et
1265 1761 1555 1824 ubicumque
1576 1761 1855 1809 solemniter
1873 1776 2037 1808 coram

258 1847 303 1891 te
333 1843 565 1892 celebrari
597 1843 789 1903 feeeris,
825 1850 1029 1906 septem,
1064 1859 1172 1891 cum
1202 1858 1299 1891 non
1331 1848 1588 1905 antequam
1615 1842 1769 1906 ipsam
1797 1842 2036 1890 civitatem

257 1942 342 1974 seu
362 1927 523 1975 locum
544 1926 785 1992 insignem
804 1943 891 1990 pro
912 1927 1066 1989 primo
1094 1926 1314 1990 ingressu
1337 1926 1618 1975 solemniter
1640 1925 1905 1985 intraveris,
1931 1942 2036 1974 om-

254 2010 395 2057 nibus
415 2025 525 2057 vere
550 2009 878 2073 penitentibus
901 2014 948 2058 et
972 2010 1206 2058 confessis
1236 2009 1414 2058 ibidem
1435 2009 1740 2073 presentibus
1763 2013 1860 2058 tres
1883 2023 2034 2058 annos

253 2092 311 2140 de
340 2093 565 2157 injunctis
594 2093 662 2141 eis
689 2093 994 2157 presentibus
1022 2093 1069 2140 in
1098 2093 1304 2140 Domino
1333 2093 1596 2152 relaxandi,
1623 2092 1816 2157 plenam
1841 2097 1887 2140 et
1911 2091 2035 2140 libe-

254 2190 355 2221 ram
386 2174 721 2222 auctoritatem
753 2175 989 2238 prefatam
1018 2180 1185 2223 tenore
1212 2174 1510 2238 presentium
1544 2176 1855 2224 concedimus
1890 2175 2037 2224 facul-

254 2261 419 2305 tatem.
458 2260 632 2305 Datum
669 2260 840 2315 Rome,
865 2258 993 2322 apud
1033 2262 1252 2306 sanctum
1286 2261 1499 2316 Petrum,
1524 2273 1650 2306 anno
1689 2257 2033 2306 incarnationis

255 2340 495 2389 dominice
516 2343 1029 2400 MCCCCLXXXXIIII,
1057 2345 1227 2405 quarto
1253 2340 1440 2389 decimo
1467 2340 1694 2390 kalendas
1716 2341 1846 2401 maii,
1871 2340 2031 2405 ponti-

253 2424 421 2472 ficatus
442 2425 591 2472 nostri
615 2441 741 2473 anno
765 2425 995 2474 secundo.
1030 2445 1051 2469 ³>

313 2507 400 2555 Die
422 2508 604 2568 martis,
633 2512 660 2556 6
683 2508 863 2556 mensis
885 2509 1016 2567 maii,
1047 2508 1351 2572 supradictus
1373 2511 1429 2555 D.
1451 2507 1673 2572 Aloysius
1689 2508 1747 2557 de
1763 2509 2022 2574 Aragonia,

245 2590 460 2637 marchio
495 2591 783 2651 Giracensis,
821 2591 901 2654 qui
934 2591 1051 2639 alias
1085 2597 1303 2655 tempore
1335 2591 1488 2639 felicis
1511 2591 1858 2640 recordationis
1881 2596 2025 2642 Inno-

246 2674 391 2721 centii
430 2690 553 2738 pape
591 2676 744 2724 octavi
785 2691 895 2724 cum
935 2676 1258 2724 illustrissimo
1298 2675 1513 2739 principe
1551 2678 1776 2741 Capuano
1813 2678 1860 2725 in
1901 2679 2026 2727 Urbe

248 2757 476 2818 existens,
501 2759 577 2807 die
614 2763 639 2807 3
676 2761 855 2809 mensis
874 2760 996 2825 junii
1029 2761 1503 2817 MCCCCLXXXXII,
1528 2759 1888 2808 matrimonium
1910 2776 2027 2809 con-

247 2840 387 2888 traxit
417 2857 504 2904 per
527 2841 652 2890 viam
683 2843 821 2892 litere
853 2844 911 2892 de
942 2843 1174 2908 presenti,
1204 2843 1254 2890 in
1280 2842 1450 2906 prefati
1480 2858 1602 2906 pape
1631 2848 1678 2891 et
1706 2843 2022 2907 plurimorum

235 2923 562 2980 ‘cardinalium
599 2929 645 2973 et
677 2927 973 2989 prelatorum
1006 2943 1062 2975 ac
1087 2927 1289 2974 aliorum
1313 2926 1573 2989 presentia,
1605 2941 1715 2973 cum
1749 2929 1806 2973 D.
1842 2927 2024 2990 Baptis-

249 3006 410 3054 tistina
442 3008 574 3068 Cibo,
612 3009 827 3072 ejusdem
854 3026 975 3073 pape
1007 3014 1183 3074 nepote
1213 3008 1292 3074 (1),
1330 3012 1377 3056 et
1402 3008 1575 3055 deinde
1604 3023 1756 3070 nuper
1783 3008 1832 3055 in
1857 3015 2022 3058 sancte

248 3096 447 3138 romane
480 3091 691 3140 Ecclesie
725 3092 1019 3141 cardinalem
1053 3094 1138 3141 fuit
1175 3097 1448 3156 assumptus
1482 3096 1529 3141 et
1562 3097 1767 3150 creatus,
1806 3094 2021 3141 nondum

246 3176 406 3220 tamen
442 3173 739 3236 publicatus;
782 3175 941 3223 Sicilie
972 3180 1229 3240 propterea
1261 3175 1470 3225 clericali
1507 3175 1680 3223 ascribi
1718 3175 2017 3238 desiderans,

242 3270 405 3302 coram
437 3255 580 3304 fratre
617 3261 673 3306 D.
708 3258 979 3307 Alexandro
1010 3260 1195 3308 Caraffa
1224 3259 1588 3323 archiepiscopo
1620 3258 1935 3322 Neapolitano
1970 3259 2018 3307 in

289 3379 322 3416 1.
352 3380 400 3416 Ce
427 3380 586 3429 mariage
610 3395 630 3418 a
657 3386 712 3420 ete
740 3386 886 3420 raconte
912 3396 999 3421 avec
1025 3384 1135 3422 detail
1160 3396 1224 3434 par
1251 3385 1451 3431 Burchard,
1474 3385 1566 3420 dans
1594 3383 1626 3420 le
1652 3387 1676 3421 t.
1702 3383 1715 3419 Ι
1737 3383 1781 3420 de
1808 3388 1900 3421 cette
1927 3383 2012 3420 edit.

244 3450 337 3486 page
359 3440 441 3477 487.
