2222 3926
325 303 394 339 256
929 304 1162 341 ,IOHANNIS
1194 301 1490 348 BURCHARDI,
1648 335 1651 339 .
1775 302 1986 341 [Decembre
2008 302 2103 341 1495]

327 402 556 452 officiales
577 405 749 469 prelati
769 408 816 454 et
835 405 1102 454 cardinales
1121 405 1273 469 parati
1297 407 1549 453 venerunt.
1573 404 1657 450 SS.
1682 404 1719 448 D
1735 435 1746 446 .
1773 406 1957 460 noster,
1978 402 2105 451 sacta

327 486 543 536 oratione
583 489 739 547 solita,
765 489 950 552 accepit
970 489 1162 535 mitram
1182 487 1393 550 planam,
1419 490 1467 534 et
1505 485 1598 532 duo
1634 500 1693 532 ex
1722 483 1997 532 cantoribus
2026 500 2103 533 re-

326 573 400 617 tro
424 569 580 633 ipsum
605 570 872 633 genuflexis
900 570 1074 617 librum
1098 584 1242 631 super
1263 567 1527 615 scabellum
1547 567 1803 626 habenteS,
1826 567 2103 616 cantoribus

325 649 371 698 in
396 666 564 699 eorum
588 651 727 699 solito
756 651 864 698 loco
883 650 1286 713 respondentibus
1311 666 1320 697 ε
1347 649 1519 713 quibus
1549 648 1714 710 finitis,
1741 653 1824 700 SS.
1863 653 1916 699 D.
1939 654 2106 699 noster

328 731 551 790 surrexit,
577 730 792 793 deposita
828 731 986 789 mitra,
1017 731 1289 796 depositum
1332 731 1427 779 sive
1453 736 1677 780 ornatum
1708 731 2027 782 faldistorium
2057 737 2106 781 et

325 818 454 861 stans
478 813 719 861 Sanctitas
742 829 828 861 sua
848 813 1026 862 ibidem
1050 830 1215 862 versus
1234 815 1294 863 ad
1314 814 1461 863 altare
1484 814 1600 863 dixit
1628 815 1925 879 competenti
1944 831 2060 864 voce
2088 831 2098 863 :
2143 821 2147 823 ’

324 896 473 945 Pater
492 898 691 958 Noster,
708 898 837 961 quod
858 902 1043 946 secrete
1059 899 1332 963 complevit.
1364 899 1560 948 Interim
1581 898 1675 947 duo
1691 915 1750 948 ex
1767 898 2103 948 assistentibus

327 979 568 1045 episcopis
595 985 909 1045 apportarunt
929 981 1103 1030 librum
1124 986 1170 1030 et
1193 982 1462 1043 candelam,
1488 987 1536 1030 et
1559 985 1686 1046 Papa
1706 981 1821 1030 dixit
1846 980 2105 1030 versiculos

333 1067 379 1111 et
409 1064 652 1113 orationes
685 1070 962 1128 sequenteS,
1002 1081 1121 1128 quas
1158 1081 1216 1114 ex
1250 1066 1337 1114 sibi
1359 1082 1446 1130 per
1469 1081 1547 1114 me
1580 1066 1703 1114 datis
1725 1064 1955 1128 elegerat,
1982 1067 2109 1112 etex

326 1147 505 1196 missali
525 1148 669 1197 scribi
689 1148 885 1197 fecerat.
1872 1159 1875 1163 '

392 1230 464 1278 Et
476 1248 535 1279 ne
555 1248 639 1279 nos
655 1232 850 1279 inducas
869 1232 917 1279 in
939 1232 1260 1293 tentationem,

395 1314 495 1362 Sed
512 1315 655 1363 libera
672 1332 756 1363 nos
778 1332 805 1362 a
823 1316 964 1364 malo.

394 1398 471 1447 Ne
490 1399 711 1463 respicias
727 1409 920 1462 peccata
938 1409 1096 1448 nostra
1117 1399 1333 1460 Domine,

397 1483 496 1530 Sed
502 1483 648 1546 fidem
669 1482 879 1531 Ecclesie
900 1493 994 1532 tue.

398 1565 475 1613 Ne
495 1566 808 1614 reminiscaris
831 1567 1135 1632 iniquitatum
1153 1576 1422 1616 nostrarum
1443 1568 1765 1632 antiquarum.

403 1647 508 1696 Cito
548 1649 806 1713 anticipent
840 1667 922 1698 nos
962 1652 1272 1700 misericordie
1294 1660 1386 1711 tue,
1425 1653 1534 1715 quia
1548 1668 1781 1715 pauperes
1801 1651 1921 1716 sacti
1947 1666 2110 1698 sumus

335 1731 491 1779 nimis.

398 1815 574 1864 Averte
601 1833 629 1863 a
649 1817 797 1876 nobis,
836 1816 1060 1878 Domine,
1087 1818 1459 1882 indiqnationem
1480 1826 1629 1877 tuam,

401 1897 474 1946 Et
492 1900 666 1962 procul
682 1900 785 1947 sita
802 1901 935 1948 nobis
954 1902 1096 1966 furor
1117 1909 1242 1949 tuus.

398 1981 599 2046 Adjuoa
620 1999 720 2042 nos,
741 1983 875 2031 Deus
896 1985 1116 2032 salutaris
1137 1994 1312 2046 noster,

351 2132 354 2133 ⁷
400 2066 474 2114 Et
494 2075 693 2130 propter
711 2068 913 2132 qloriam
940 2069 1141 2116 nominis
1163 2070 1249 2129 tui,
1282 2070 1502 2129 Domine,
1528 2070 1671 2117 libera
1703 2086 1787 2118 nos
1808 2078 1852 2118 et
1879 2067 2110 2134 propitius

335 2159 429 2198 esto
442 2151 649 2214 peccatis
669 2152 858 2211 nostris,
875 2160 1069 2215 propter
1085 2169 1253 2200 nomen
1274 2161 1428 2201 tuum.

395 2231 635 2281 Memento
656 2235 820 2294 nostri,
844 2234 1064 2294 Domine,
1090 2236 1139 2283 in
1161 2236 1440 2300 beneplacito
1455 2236 1626 2300 populi
1645 2237 1731 2297 tui,

398 2315 468 2364 Et
497 2318 631 2365 visita
669 2334 753 2365 nos
787 2319 835 2365 in
857 2319 1057 2366 salutari
1077 2327 1170 2380 tub,
1197 2328 1249 2367 ut
1278 2319 1460 2368 liberati
1487 2319 1542 2366 de
1575 2320 1874 2369 tribulatione
1895 2320 2113 2383 confitea-

332 2417 440 2449 mur
459 2402 642 2450 nomini
662 2411 822 2451 sancto
844 2411 939 2451 tu0.

395 2485 538 2533 Mitte
559 2485 707 2545 nobis,
731 2485 955 2546 Domine,
980 2484 1214 2535 auxilium
1226 2488 1281 2536 de
1293 2486 1486 2549 Sancte,

400 2568 472 2616 Et
489 2568 545 2616 de
566 2568 687 2616 Sion
718 2577 848 2617 tuere
868 2585 970 2617 nos.

398 2650 622 2712 Domine,
651 2651 824 2700 exaudi
845 2652 1100 2702 orationem
1120 2671 1292 2715 meam,

398 2733 469 2783 Et
490 2737 663 2784 clamor
683 2753 814 2784 meus
838 2737 903 2785 ad
920 2745 960 2785 te
983 2736 1155 2786 veniat.

396 2817 635 2867 Dominus
660 2820 909 2879 vobiscum,

360 2952 362 2954 ,
397 2899 467 2948 Et
485 2915 592 2948 cum
613 2901 896 2964 spiritu-tuo.

1111 3005 1249 3053 Orem
1255 3022 1326 3053 us.

398 3139 535 3187 Deus
569 3137 651 3203 qui
686 3139 990 3187 contritorum
1028 3154 1124 3186 non
1156 3140 1346 3204 despicis
1377 3142 1608 3205 yemitum
1630 3152 1673 3191 et
1694 3142 1994 3192 morientium
2015 3158 2110 3192 non

256 3276 258 3278 ¹
333 3221 518 3284 spernis
551 3223 795 3287 affectum,
818 3222 1036 3286 precibus
1059 3223 1229 3271 nostris
1255 3240 1372 3287 quas
1404 3223 1486 3272 tibi
1502 3243 1593 3289 pro
1624 3226 1922 3276 tribulatione
1950 3235 2110 3278 nostra

335 3321 358 3352 e
362 3305 414 3370 ff
411 3305 650 3365 andimus,
666 3305 881 3370 [attende]
897 3322 1064 3370 easque
1078 3305 1324 3355 clementer
1340 3308 1529 3369 exaudi,
1549 3310 2106 3379 utquidquidcontraJnos

338 3387 556 3435 diabolice
581 3396 666 3436 aut
691 3390 897 3438 liumane
926 3390 1203 3451 moliuntur,
1236 3391 1535 3441 adversitates
1571 3393 1636 3442 ad
1655 3395 1859 3444 nibilum
1883 3394 2107 3461 rediyan-
