2216 3886
272 357 342 391 506
881 351 1112 388 ,IOHANle
1150 348 1444 393 nuncii-xptol,
1777 349 1934 388 [Janvior
1955 353 2049 392 1499}r

274 458 421 506 tensis
444 455 702 505 celebravit
730 455 925 502 missam
955 453 1222 500 solemnem
1250 450 1297 496 in
1329 449 1499 497 eadem
1527 448 1725 510 capella.
1749 451 1876 511 Papa
1903 452 2044 499 etiam

273 545 523 605 presente,
567 552 840 586 sermonem
874 535 984 583 fecit
1013 537 1298 596 procurator
1326 531 1505 578 ordinis
1533 546 1779 578 servorum
1806 532 1852 579 b.
1878 534 2042 581 Marie.

273 624 376 672 Alia
399 621 560 670 omnia
581 620 831 667 observata
854 632 986 664 more
1011 616 1170 663 solito.

339 705 450 753 Heri
473 708 583 751 ante
605 702 776 748 horam
799 713 1122 763 vesperarum,
1147 696 1381 744 Antonius
1415 697 1472 743 de
1496 697 1725 747 Valderes
1746 698 1804 746 de
1833 699 2040 759 Castilla,

272 788 350 851 qui
380 801 543 834 curam
571 783 778 831 habebat
813 781 1010 844 singulis
1039 780 1208 827 diebus
1236 779 1552 828 distribuendi
1583 795 1731 844 panes
1760 797 1818 828 ex
1847 781 2048 844 pistrino

273 871 368 917 sive
394 869 532 916 furno
563 870 707 929 Pape,
740 865 930 912 RRmis.
963 866 1062 911 DD.
1089 862 1428 920 cardinalibus,
1459 863 1652 926 prelatis
1685 869 1732 911 et
1762 854 2049 913 officialibus

274 954 401 1016 ipsos
431 951 609 999 habere
645 949 815 1007 solitis,
840 947 957 995 dixit
980 947 1097 994 mihi
1123 962 1174 993 se
1205 945 1384 993 habere
1419 945 1465 992 in
1501 947 1735 994 mandatis
1763 963 1791 994 a
1821 951 1958 996 Rmo.
1989 951 2044 996 D.

275 1035 452 1083 Didaco
482 1034 709 1097 episcopo
737 1030 1033 1089 Zamorensi,
1058 1029 1288 1092 magistro
1312 1028 1482 1076 domus
1503 1031 1584 1077 SS.
1610 1033 1664 1077 D.
1691 1033 1745 1078 N.
1768 1046 1907 1094 pape,
1933 1031 2049 1079 mihi

275 1118 415 1165 dandi
441 1132 587 1180 panes
610 1115 838 1177 deinceps
861 1114 1059 1177 singulis
1089 1112 1275 1170 diebus,
1302 1112 1428 1168 sicut,
1444 1112 1750 1160 subdiaconis
1774 1115 2049 1177 apostolicis

274 1204 320 1248 et
347 1199 646 1248 auditoribus
681 1198 794 1246 dare
825 1201 1156 1254 consueverat,
1189 1201 1234 1243 et
1264 1195 1357 1242 hoc
1389 1195 1570 1243 ratione
1607 1196 1750 1244 officii
1784 1197 1878 1244 mei
1911 1198 2051 1246 cleri-

275 1287 407 1330 catus
445 1281 850 1330 ceremoniarum.
878 1283 1156 1343 Propterea,
1180 1279 1272 1326 hoc
1294 1294 1453 1338 mane,
1479 1279 1636 1343 incepi
1662 1296 1747 1343 pro
1774 1280 2049 1344 hujusmodi

275 1366 475 1430 panibus
498 1365 688 1413 mittere
710 1368 756 1411 et
782 1364 964 1411 habere
993 1362 1111 1410 duos
1139 1376 1288 1424 panes
1318 1361 1375 1409 de
1404 1362 1682 1426 majoribus,
1709 1379 1792 1410 sex
1814 1379 1982 1427 parvos
2004 1368 2050 1412 et

274 1449 390 1496 duas
413 1449 787 1507 ciambellettas;
821 1453 865 1495 et
890 1447 952 1495 ita
976 1446 1176 1509 singulis
1205 1446 1374 1493 diebus
1405 1450 1574 1508 postea
1604 1445 1721 1492 mihi
1750 1445 1863 1493 dare
1895 1446 2050 1494 conti-

277 1533 465 1592 nuavit3
493 1537 539 1581 et
570 1548 678 1596 ego,
709 1547 795 1595 pro
826 1530 1035 1578 ineundo
1071 1529 1304 1593 principio
1339 1545 1396 1577 eo
1431 1528 1651 1587 feliciter,
1687 1528 1856 1576 donavi
1891 1529 2048 1577 eidem

277 1617 485 1664 Antonio
509 1616 746 1663 ssorenum
769 1630 917 1662 unum
939 1614 1040 1660 auri
1063 1613 1110 1660 in
1132 1628 1264 1660 auro.

344 1699 483 1747 Feria
514 1699 696 1762 quinta,
727 1701 784 1745 10
816 1697 929 1744 dicti
960 1695 1140 1744 mensis
1166 1694 1389 1758 januarii,
1416 1697 1529 1741 ante⁴
1560 1694 1706 1754 diem,
1741 1696 1920 1760 incepit
1951 1696 2050 1743 for—

283 1782 391 1829 titer
423 1782 641 1845 ningere,
674 1785 720 1828 et
754 1781 821 1828 sic
852 1779 1108 1833 fortissime
1143 1794 1230 1841 per
1265 1781 1408 1825 totam
1445 1777 1570 1824 diem
1592 1796 1601 1834 ς
1623 1777 1671 1824 in
1705 1793 1812 1825 sero
1837 1779 2051 1842 pervenit

280 1865 453 1912 boreas
485 1869 531 1913 et
554 1879 780 1927 magnum
805 1863 983 1927 gelum,
1009 1861 1136 1924 quod
1163 1861 1346 1908 duravit
1366 1860 1529 1908 multis
1551 1860 1720 1908 diebus
1743 1866 1787 1908 et
1816 1862 2046 1919 cessavit;

274 1948 448 1996 deinde
471 1948 528 1995 de
556 1963 722 1996 mense
755 1945 983 1995 februarii
1004 1945 1144 1993 rediit
1171 1944 1347 1992 iterum
1376 1960 1605 2007 magnum
1628 1945 1776 2008 frigus
1811 1950 1856 1992 et
1886 1945 2047 2008 gelum

274 2047 384 2078 cum
406 2031 623 2095 predicto
645 2035 803 2088 vent0,
829 2030 957 2093 quod
978 2029 1150 2077 iterum
1171 2029 1230 2076 ad
1250 2028 1410 2092 plures
1433 2028 1534 2077 dies
1553 2029 1849 2092 perduravit.¹

338 2116 475 2163 Feria
497 2115 725 2173 secunda,
756 2118 811 2162 14
835 2114 947 2163 dicti
970 2114 1150 2162 mensis
1169 2115 1394 2178 januarii,
1416 2114 1542 2162 venit
1569 2113 1628 2160 ad
1657 2113 1833 2161 Urbem
1863 2111 2049 2174 Magni-

274 2199 391 2246 ticus
412 2201 510 2246 D...
538 2203 700 2247 orator
725 2199 863 2246 Illmi.
891 2197 1103 2245 Federici
1126 2197 1252 2260 regis
1279 2196 1576 2260 Neapolitani
1602 2196 1662 2243 ad
1685 2194 2047 2243 serenissimum

272 2298 436 2345 regem
461 2285 787 2330 Romanorum
808 2299 817 2340 3
841 2298 867 2329 a
886 2282 981 2329 suis
1001 2280 1231 2328 duntaxat
1253 2279 1519 2327 associatus
1543 2280 1590 2326 in
1615 2293 1722 2327 sero
1743 2278 1876 2325 tarde
1899 2277 2048 2325 intra-

271 2365 332 2413 vit
357 2366 550 2413 Urbem.
577 2365 817 2428 Magnifici
841 2363 1031 2412 Domini
1051 2369 1266 2411 oratores
1287 2363 1521 2411 Sereniss.
1543 2362 1668 2425 regis
1690 2366 1736 2409 et
1757 2361 1922 2424 regine
1946 2361 2050 2408 His-

273 2448 540 2511 paniarum,
568 2448 647 2510 qui
679 2463 833 2510 nuper
853 2447 911 2494 de
935 2461 1100 2494 mense
1123 2446 1393 2493 decembris
1416 2449 1617 2492 Romam
1642 2449 1876 2491 venerunt
1896 2444 2049 2507 peti-e—

275 2534 379 2577 runt
414 2545 441 2577 a
478 2531 560 2577 SS.
602 2532 656 2577 D.
699 2531 753 2576 N.
792 2529 840 2575 in
878 2529 998 2576 sacri
1040 2528 1228 2590 collegii
1271 2531 1558 2575 RRmorum.
1597 2530 1697 2574 DD.
1736 2527 2046 2575 cardinalium
2103 2530 2105 2532 ’

271 2614 515 2676 presentia
548 2613 719 2671 audiri,
757 2617 1027 2660 asserentes
1065 2613 1112 2659 id
1146 2612 1214 2660 eis
1248 2628 1276 2659 a
1310 2627 1420 2674 rege
1456 2617 1499 2659 et
1535 2611 1700 2673 regina
1737 2611 2046 2658 commissum

272 2697 398 2765 quod
424 2698 506 2744 SS.
538 2699 593 2743 D.
623 2699 675 2744 N.
699 2696 813 2759 ipsis
842 2696 1068 2744 continuo
1091 2710 1146 2742 ac
1165 2694 1324 2757 sepius
1346 2694 1563 2757 negavit;
1589 2693 1834 2740 consensit
1855 2693 2048 2740 tandem

272 2794 356 2825 eos
385 2779 569 2836 audire,
596 2780 643 2826 in
673 2795 754 2826 sex
785 2779 1097 2826 cardinalium
1119 2777 1379 2840 presentia,
1406 2781 1452 2824 et
1483 2777 1610 2823 diem
1636 2776 1704 2823 eis
1733 2776 1896 2823 statuit
1922 2790 2049 2822 mer-

273 2860 392 2906 curii
418 2864 475 2906 16
499 2860 611 2907 dicti
634 2859 1052 2922 mensisjanuarii,
1080 2874 1170 2920 qua
1192 2861 1299 2920 post
1328 2857 1580 2920 prandium
1611 2858 1657 2903 in
1687 2872 1881 2904 camera
1908 2873 2050 2920 papa-

277 2941 385 3002 galli
408 2956 491 2989 eos
521 2942 711 2988 audivit.
736 2942 1052 2988 Interfuerunt
1083 2941 1246 2987 RRmi.
1274 2943 1372 2987 DD.
1399 2939 1664 2986 cardinales
1695 2940 2044 2999 Ulixbonensis,

273 3024 640 3082 Alexandrinus,
661 3041 698 3071 s.
723 3024 903 3080 Crucis,
924 3026 1193 3086 Capuanus,
1213 3022 1632 3071 vicecancellarius
1655 3028 1700 3071 et
1720 3024 1911 3086 Borgia.
1934 3026 2047 3072 Post

272 3107 469 3169 longum
509 3122 783 3155 sermonem
817 3111 1079 3164 oratorum,
1114 3105 1277 3153 habita
1311 3110 1419 3152 sunt
1451 3106 1574 3153 inter
1613 3122 1696 3154 eos
1738 3108 1881 3155 verba
1913 3107 2047 3155 valde
2083 3131 2089 3137 ν

274 3190 487 3237 clamosa
508 3195 602 3237 tarn
628 3206 712 3254 per
739 3193 917 3253 Papam
949 3205 1090 3252 quarn
1119 3204 1204 3251 per
1237 3192 1452 3236 oratores
1484 3194 1529 3237 et
1563 3189 1808 3253 injuriosa.
1834 3177 2046 3238 Tandem

276 3282 511 3336 oratoreS,
537 3282 807 3325 asserentes
833 3292 1000 3324 eorum
1031 3275 1158 3323 dicta
1186 3275 1363 3323 debere
1393 3291 1448 3322 ex
1477 3276 1817 3324 commissione
1845 3275 1971 3342 regis
2001 3279 2047 3322 et

277 3358 439 3420 regine
471 3375 632 3407 coram
676 3361 861 3408 notario
901 3364 947 3407 et
985 3358 1186 3406 testibus
1226 3359 1501 3422 protestari,
1537 3359 1775 3422 petierunt
1811 3358 2046 3406 notarium

280 3441 523 3504 publicum
548 3443 796 3491 intromitti
817 3460 825 3502 ;
854 3446 980 3506 Papa
1008 3441 1252 3505 respondit
1277 3442 1404 3505 quod.
1431 3447 1809 3506 protestarentur
1830 3441 1876 3487 in
1900 3440 2046 3505 parti-
