2222 3926
154 287 325 328 [octobre
347 288 426 319 1496
434 288 444 326 J
600 286 771 324 RERUM
804 281 1107 324 URBANAR‘UM
1141 287 1489 328 COMMENTARH.
1865 298 1937 334 335

154 390 357 449 Gandie,
380 392 465 439 SS.
492 392 547 439 D.
571 392 628 439 N.
650 405 773 454 pape
796 390 941 447 filius,
964 390 1154 438 intravit
1174 391 1351 438 Urbem
1382 406 1468 454 per
1491 397 1680 455 portam
1703 396 1934 444 Portuen-

153 490 277 534 sem,
301 489 359 523 ex
382 474 578 523 Civitate
599 473 762 523 Veteri
789 473 1005 532 venienS,
1037 474 1114 522 cui
1145 478 1377 522 venerunt
1408 475 1597 522 obviam
1625 477 1804 526 familie
1835 495 1935 527 om-

155 557 288 605 nium
321 560 610 605 RRmorum.
649 558 748 605 DD.
783 556 1098 605 cardinalium
1133 572 1230 605 uon
1265 563 1431 606 vocate
1463 574 1549 621 per
1575 575 1815 621 cursores,
1849 563 1935 611 sed

156 645 327 703 sponte
364 640 760 689 Dominationum
796 656 1009 689 suarum.
1044 644 1210 689 Rmus.
1243 643 1300 688 D.
1339 641 1594 691 cardinalis
1628 644 1932 705 Valentinus,

154 723 269 771 dicti
283 723 420 771 ducis
439 723 585 772 frater
600 740 880 788 germanus,
900 729 948 772 et
966 729 1077 773 natu
1100 725 1274 788 maj0r,
1293 725 1562 788 expectavit
1583 726 1740 790 ipsum
1760 728 1934 777 ducem

155 806 276 854 intra
291 813 479 871 portam
495 808 778 875 predictam,
802 824 945 871 quem
963 808 1230 856 honorifice
1246 814 1498 872 receptum
1515 810 1768 858 associavit
1784 828 1934 876 usque

149 889 209 937 ad
226 890 454 954 palatium
471 891 791 954 apostolicum
809 893 857 940 in
873 908 967 956 quo
991 891 1196 940 debebat
1217 892 1470 955 hospitari,
1489 897 1536 941 et
1556 893 1833 956 equitarunt
1848 912 1934 959 per

150 978 348 1036 pontem
378 990 417 1021 s.
451 974 799 1034 Bartholomei,
825 976 1040 1024 Plateam
1066 974 1346 1033 Judeorum,
1373 977 1606 1038 Campum
1634 976 1772 1025 Flore
1803 985 1934 1027 recta

151 1055 222 1104 via
238 1056 299 1104 ad
320 1057 549 1120 palatium
568 1058 859 1122 predictum.
880 1058 1144 1126 Cardinalis
1166 1064 1269 1106 erat
1290 1074 1318 1105 a
1336 1058 1533 1117 dextris,
1552 1059 1647 1106 dux
1665 1075 1692 1107 a
1707 1060 1928 1122 sinistris,

150 1139 476 1202 precedebant
512 1141 752 1201 scutiferi3
787 1142 965 1190 familia
1004 1146 1050 1190 et
1087 1141 1276 1189 nobiles
1309 1142 1476 1205 prelati
1511 1144 1858 1205 sequebantur,
1885 1151 1932 1194 et

150 1220 244 1269 alia
265 1237 399 1271 more
423 1222 581 1272 solito.

219 1309 358 1357 Feria
377 1308 560 1372 quinta,
590 1312 637 1355 11
668 1308 784 1356 dicti
801 1308 983 1355 mensis
1005 1308 1216 1371 augusti,
1237 1308 1414 1355 festum
1436 1308 1533 1355 sive
1552 1310 1928 1359 anniversarium

148 1391 504 1455 Assumptionis
523 1392 607 1439 SS.
633 1393 690 1438 D.
716 1393 773 1438 N.
798 1406 921 1454 pape
942 1390 1203 1438 Alexandri
1221 1392 1284 1439 VI
1306 1390 1367 1438 ad
1387 1390 1575 1453 apicem
1598 1394 1773 1440 summi
1794 1410 1933 1457 apos-

151 1474 323 1523 tolatus
345 1477 510 1522 Rmus.
538 1476 594 1522 D.
621 1473 877 1522 cardinalis
893 1473 1259 1537 Segobricensis
1273 1474 1531 1522 celebravit
1546 1475 1743 1523 missam
1762 1477 1916 1526 solem

147 1575 258 1606 nem
280 1558 330 1607 in
350 1558 536 1621 capella
560 1559 733 1623 majori
759 1557 837 1605 cui
866 1560 996 1622 Papa
1022 1558 1237 1607 interfuit
1260 1574 1269 1616 3
1294 1557 1423 1606 venit
1445 1558 1592 1605 etiam
1619 1559 1680 1606 ad
1707 1561 1928 1609 eamdem

147 1642 344 1692 missam
375 1641 726 1689 illustrissimus
761 1641 857 1689 dux
897 1641 1078 1689 Gandie
1111 1659 1121 1690 ε
1156 1642 1215 1689 de
1249 1643 1476 1691 mandato
1510 1646 1637 1708 Pape
1672 1644 1810 1692 datus
1841 1643 1929 1691 fuit

146 1726 280 1774 locus
302 1725 350 1774 in
372 1741 599 1790 supremo
621 1725 771 1789 gradu
799 1726 923 1785 solii,
949 1717 1081 1774 socio
1106 1741 1217 1774 meo
1249 1726 1298 1774 id
1323 1727 1442 1774 mihi
1469 1735 1641 1790 postea
1668 1728 1924 1776 referente.

149 1812 295 1857 Datus
327 1814 375 1857 et
402 1809 488 1857 t'uit
520 1809 657 1857 locus
686 1809 814 1857 inter
844 1810 1055 1872 prelatos
1089 1810 1372 1858 assistentes
1404 1813 1458 1857 R.
1488 1811 1533 1857 iu
1565 1811 1755 1859 Christo
1784 1813 1836 1858 P.
1868 1813 1923 1858 D.

144 1892 372 1952 Johanni,
397 1893 764 1957 archiepiscopo
787 1893 1049 1956 Ragusino,
1076 1908 1228 1956 nuper
1256 1892 1394 1941 Urbis
1425 1893 1756 1956 gubernatori,
1781 1909 1926 1957 quem

145 1975 204 2024 de
227 1975 390 2024 officio
411 1975 747 2040 gubernatoris
767 1976 1322 2041 hujusmodirevocavit,
1347 1981 1394 2024 et
1416 1976 1460 2024 ei
1485 1977 1673 2024 suffecit
1703 1980 1758 2024 R.
1786 1979 1838 2024 P.
1866 1979 1921 2024 D.

147 2061 341 2107 Petrum
370 2059 618 2123 Isuaglies,
644 2059 772 2108 sedis
794 2060 1055 2123 apostolice
1078 2060 1481 2124 protonotarium,
1502 2060 1579 2108 cui
1601 2060 1746 2108 etiam
1771 2060 1926 2124 major

144 2142 300 2200 locuS,
319 2143 505 2192 ratione
524 2143 673 2192 officii
694 2144 972 2207 hujusmodi
991 2143 1347 2207 gubernatoris,
1366 2143 1413 2190 in
1435 2143 1563 2191 dicta
1581 2143 1766 2207 capella
1784 2143 1922 2191 datus

144 2230 234 2275 est.
258 2227 405 2275 Missa
430 2227 555 2276 dicta
578 2231 651 2276 est
672 2227 732 2275 de
752 2226 940 2290 Spiritu
964 2235 1142 2286 salecto,
1166 2226 1358 2274 omissis
1381 2226 1431 2273 in
1458 2226 1675 2275 oratione
1691 2231 1748 2287 ⁴et
1768 2226 1925 2290 prefa—

143 2310 274 2360 tione
294 2310 447 2360 verbis
472 2331 494 2355 «
517 2310 744 2358 hodierna
765 2310 838 2358 die
854 2330 875 2354 »
896 2326 905 2369 ;
928 2314 975 2359 et
992 2311 1086 2358 alia
1105 2325 1242 2357 more
1265 2315 1498 2358 consueto
1522 2314 1631 2357 sunt
1652 2310 1918 2358 observata.

208 2393 350 2443 Feria
381 2399 534 2451 sexta,
567 2397 626 2442 26
660 2395 869 2458 augusti,
894 2394 1276 2443 anniversarium
1303 2394 1631 2442 coronationis
1662 2395 1745 2441 SS.
1776 2395 1832 2441 D.
1863 2395 1919 2440 N.

143 2493 285 2541 pape,
317 2478 527 2541 prefatus
558 2480 724 2525 Rmus.
759 2480 816 2525 D.
851 2478 1108 2526 cardinalis
1142 2477 1401 2531 Perusinus
1435 2476 1693 2526 celebravit
1725 2476 1922 2523 missam

144 2559 429 2619 solemnem,
450 2559 498 2607 in
515 2560 700 2623 capella
716 2561 948 2624 predicta,
974 2564 1104 2625 Papa
1119 2566 1345 2624 presente
1361 2578 1371 2618 3
1390 2561 1439 2608 in
1460 2577 1555 2623 qua
1576 2560 1740 2609 omnia
1760 2559 1924 2608 obser-

145 2648 250 2693 vata
270 2648 380 2692 sunt
399 2657 534 2691 more
553 2642 711 2691 solito.
1705 2640 1707 2645 ’

206 2727 344 2776 Feria
365 2731 517 2786 sexta,
539 2731 563 2774 7
588 2726 816 2784 octobris,
835 2726 953 2775 obiit
972 2727 1308 2776 serenissimus
1328 2729 1384 2774 D.
1407 2726 1740 2774 Ferdinandus
1760 2726 1920 2775 Sicilie

142 2828 227 2860 rex
253 2811 613 2875 Neapolitanus,
635 2810 684 2858 in
712 2811 850 2876 cujus
870 2810 1030 2859 locum
1054 2816 1100 2860 et
1123 2827 1327 2875 regnum
1354 2814 1729 2874 assumptus-est
1750 2815 1796 2859 et
1818 2827 1921 2859 suc-

138 2895 283 2944 cessit
314 2894 665 2943 illustrissimus
703 2894 973 2943 Fridericus
1009 2895 1068 2943 de
1100 2894 1360 2959 Aragonia,
1397 2894 1621 2958 princeps
1654 2894 1916 2946 Altamure,

139 2979 235 3027 dux
270 2977 573 3037 Andrieusis,
607 2978 744 3042 regni
783 2977 987 3042 predicti
1033 2978 1349 3038 admiralduS,
1387 2977 1676 3026 Ferdinandi
1719 2977 1918 3026 senioris

139 3060 252 3109 dicti
284 3060 421 3124 regni
453 3061 601 3125 regis,
635 3062 768 3125 prius
803 3062 1092 3111 Ferdinandi
1125 3063 1327 3128 predicti
1361 3062 1527 3110 ultimo
1562 3062 1669 3110 loco
1703 3060 1916 3109 defuncti

139 3145 288 3193 frater
316 3161 591 3208 germanus,
628 3147 703 3194 cui
738 3149 1046 3212 omnipotens
1083 3151 1211 3196 Deus
1247 3162 1534 3210 prosperum
1564 3146 1835 3208 ingressum
1869 3149 1915 3192 et

138 3228 330 3277 felicem
350 3244 627 3293 regressum
649 3231 857 3280 tribuere
879 3232 1119 3295 dignetur.
1146 3235 1301 3278 Amen
1325 3234 1409 3293 (1).

186 3414 219 3449 1.
249 3412 452 3451 Ferdinand
481 3416 626 3450 mourut.
651 3425 737 3450 sans
764 3413 892 3451 laisser
919 3414 1121 3458 d'enfants;
1145 3426 1212 3450 son
1240 3411 1342 3449 oncle
1364 3411 1530 3448 Frederic
1549 3410 1597 3447 lui
1620 3411 1787 3447 succecla.
1813 3410 1911 3446 Dan:
