2216 3886
294 319 356 355 '174-
890 316 1123 353 JOHANNIS
1156 315 1450 358 BURCHARDI,
1844 320 1938 360 [Juin
1961 324 2053 364 1498]

291 419 374 468 suit
395 420 443 469 in
467 421 650 485 capella
680 421 819 467 beate
846 418 994 467 Mario
1021 418 1079 465 de
1108 417 1338 466 Febribus
1365 436 1374 464 :
1400 417 1558 465 anima
1585 418 1691 481 ejus
1720 421 1987 483 requiescat
2008 422 2054 471 in

288 519 423 569 pace.

354 587 441 637 DIe
458 587 588 645 lune,
615 590 673 633 28
694 586 805 634 dicti
824 584 1003 633 mensis
1023 584 1153 643 maii,
1174 583 1261 631 fuit
1280 584 1620 632 consistorium
1639 591 1880 635 secretum
1899 588 1948 635 in
1965 605 2056 653 quo

288 670 528 734 prefectus
550 669 634 716 fuit
666 667 871 716 ecclesie
892 667 1150 726 Nucerine,
1173 683 1261 731 per
1292 667 1475 716 obitum
1503 669 1702 732 predicti
1732 670 1897 719 Jacobi
1931 672 2059 736 epis-

282 754 417 817 copi,
441 752 646 817 pastoris
668 751 838 800 solatio
860 751 1105 812 destitute,
1128 754 1183 799 R.
1209 754 1262 799 Ρ.
1288 755 1345 800 D.
1364 752 1605 801 Mattheus
1626 753 1685 800 de
1707 753 1914 815 Ubaldis,
1937 756 2056 805 sacri

288 836 448 902 palatii
485 834 734 899 apostolici
767 850 1022 883 causarum
1057 834 1266 893 auditor,
1297 834 1378 898 qui
1401 835 1476 883 die
1498 836 1664 884 martis
1685 837 1960 890 immediate
1983 854 2060 889 see-

287 920 476 984 quentis
497 919 700 968 visitavit
720 921 804 967 SS.
830 921 888 966 D.
911 922 1130 966 nostrum
1152 923 1199 966 et
1217 918 1260 966 ei
1281 934 1368 982 pro
1390 934 1524 968 more
1546 919 1719 981 gratias
1742 920 1855 983 egit.
1885 920 2057 969 deinde

289 1003 610 1052 cardinalibus
630 1003 870 1066 palatinis,
892 1007 1064 1066 postea
1086 1002 1406 1050 Recanatensi
1430 1006 1477 1050 et
1506 1003 1791 1051 camerario,
1813 1004 2058 1054 Visitatio-

287 1102 399 1136 nem
426 1086 707 1150 hujusmodi
741 1085 855 1134 fecit
882 1085 931 1132 in
961 1100 1114 1148 cappa
1145 1085 1203 1132 de
1235 1084 1559 1134 ciambellotto
1586 1086 1819 1147 violaceo,
1845 1091 1892 1135 et
1913 1087 2054 1148 male,

290 1170 401 1234 quia
422 1169 587 1218 debuit
608 1184 716 1217 esse
737 1169 784 1216 in
807 1184 960 1232 cappa
979 1169 1038 1216 de
1060 1184 1220 1232 panno
1241 1170 1499 1231 panonatio
1521 1174 1569 1218 et
1589 1175 1819 1233 cooperta
1841 1186 2054 1219 rosacea.

288 1257 453 1301 Rmus.
481 1256 539 1302 D.
564 1252 819 1301 cardinalis
843 1253 1104 1300 Perusinus
1124 1256 1287 1315 preter
1308 1253 1482 1300 scitum
1503 1267 1666 1300 meum
1690 1253 1954 1302 associatus
1975 1254 2060 1306 fuit

288 1353 316 1386 a
343 1339 442 1386 DD.
478 1336 919 1385 locumtenentibus
950 1340 998 1384 et
1029 1336 1326 1384 auditoribus
1365 1340 1468 1384 rote
1502 1336 1724 1384 videlicet
1756 1336 1980 1384 Adriensi
2013 1341 2059 1386 et

288 1420 544 1469 Genetensi
578 1419 743 1469 electis
776 1425 823 1467 et
851 1422 991 1467 Petro
1023 1420 1082 1468 de
1113 1420 1374 1483 Accolytis,
1406 1419 1659 1468 Dominico
1687 1420 1746 1467 de
1778 1420 2055 1478 Jacobatiis,

285 1503 470 1552 Achille
486 1504 545 1551 de
565 1504 771 1563 Grassis,
788 1503 997 1552 Antonio
1015 1503 1074 1551 de
1091 1506 1253 1550 Monte
1273 1506 1319 1551 et
1334 1506 1357 1550 J
1362 1503 1513 1550 acobo
1533 1503 1777 1565 Dragatio,
1798 1518 1852 1550 ac
1868 1501 2058 1550 familiis

287 1589 575 1635 RRmorum.
601 1589 701 1635 DD.
736 1587 1049 1635 cardinalium
1080 1585 1297 1635 Perusini
1325 1590 1373 1634 et
1403 1585 1632 1643 Cesarini,
1668 1590 1715 1634 et
1742 1586 1982 1633 advocatis
2013 1592 2059 1634 et

288 1670 391 1718 aliis
419 1670 696 1729 curialibus,
718 1671 883 1718 amicis
906 1671 1019 1719 suis.
1556 1728 1558 1731 v

285 1797 287 1799 .
350 1754 576 1814 Sabbato,
612 1759 638 1802 2
671 1754 811 1818 junii,
845 1754 1002 1818 vigilia
1033 1757 1362 1814 Pentecostes‚
1404 1753 1599 1802 fuerunt
1631 1770 1830 1817 vespere
1864 1754 2059 1821 papales

288 1840 332 1887 in
355 1838 539 1903 capella
564 1838 746 1901 majore
774 1837 1006 1902 predicta,
1038 1840 1168 1901 Papa
1192 1840 1435 1901 presente,
1469 1841 1517 1886 et
1547 1837 1789 1885 dominica
1818 1838 2056 1901 sequenti,

285 1927 310 1969 3
334 1921 446 1969 dicti
466 1922 666 1980 mensis,
690 1921 813 1970 festo
843 1924 1172 1981 PentecosteS,
1205 1921 1293 1969 fuit
1310 1921 1459 1969 missa
1480 1920 1710 1970 solemnis
1730 1921 1779 1968 in
1797 1921 1996 1970 basilica
2017 1937 2055 1969 s,

287 2005 431 2065 Petri,
455 2021 600 2069 quam
623 2005 881 2054 celebravit
902 2009 1068 2053 Rmus.
1095 2008 1153 2052 D.
1178 2005 1434 2053 cardinalis
1457 2021 1495 2052 s.
1517 2004 1749 2069 Dionysii,
1768 2008 1896 2069 Papa
1915 2003 2059 2052 etiam

283 2092 525 2153 presente.
553 2091 837 2138 Sermonem
867 2089 982 2138 fecit
1013 2092 1068 2137 R.
1105 2092 1156 2137 P.
1185 2092 1242 2137 D.
1273 2088 1480 2137 Jacobus
1508 2089 1567 2137 de
1599 2090 1802 2149 Grassis,
1835 2088 1955 2137 sacri
1976 2104 2060 2152 pa-

284 2172 381 2220 latii
405 2172 652 2236 apostolici
674 2172 880 2233 auditor,
906 2177 953 2220 et
973 2172 1113 2220 bene.
1141 2174 1259 2220 Cum
1281 2171 1522 2220 diceretur
1548 2180 1592 2219 et
1612 2172 1661 2218 z‘n
1693 2179 1831 2231 terra,
1852 2172 1911 2219 de
1929 2186 2061 2218 man-

285 2256 395 2303 dato
418 2257 501 2304 SS.
528 2259 584 2304 D.
611 2258 667 2304 N.
692 2272 833 2320 pape,
858 2256 967 2304 dedi
989 2256 1149 2304 locum
1169 2256 1295 2304 inter
1316 2255 1596 2303 assistentes
1614 2254 1810 2318 prelatis
1829 2257 1974 2317 Pape,
2000 2257 2055 2302 R.

284 2339 329 2386 in
357 2338 545 2387 Christo
569 2342 620 2387 P.
647 2343 703 2388 D.
732 2340 927 2399 Didaco,
951 2340 1178 2403 episcopo
1203 2338 1501 2398 Zamorensi,
1526 2353 1671 2402 quem
1692 2353 1846 2401 nuper
1873 2338 2059 2385 Sancti—

286 2428 356 2471 tas
378 2439 463 2471 sua
478 2423 654 2487 palatio
678 2439 764 2471 suo
786 2423 1050 2486 apostolico
1071 2423 1355 2486 magistrum
1378 2422 1568 2481 domus,
1593 2421 1823 2469 inlocum
1845 2421 2057 2484 episcopi

284 2508 604 2572 Calaguritani
627 2507 827 2567 detenti,
851 2507 1141 2571 prefecerat3
1174 2506 1253 2570 qui
1280 2510 1504 2570 receptus
1531 2506 1621 2554 fuit
1647 2505 1706 2554 ab
1733 2505 1838 2554 aliis
1862 2505 2059 2569 prelatis

283 2591 634 2651 assistentibus,
659 2606 795 2640 more
817 2591 972 2639 solito.
995 2591 1141 2638 Missa
1158 2590 1310 2649 finita,
1333 2591 1416 2638 SS.
1435 2592 1493 2637 D.
1514 2594 1681 2637 noster
1698 2588 1855 2636 adhuc
1872 2588 1921 2636 in
1938 2587 2057 2636 solio

284 2676 332 2722 in
360 2675 473 2723 sede
505 2690 589 2723 sua
610 2675 801 2734 sedens,
833 2674 1009 2724 creavit
1029 2674 1231 2723 militem
1256 2690 1295 2721 s.
1320 2673 1449 2722 Petri
1469 2672 1682 2721 nobilem
1702 2672 1857 2720 virum
1877 2670 2058 2718 Johan-

285 2775 397 2806 nem
435 2759 749 2807 Benedictum
777 2759 836 2806 de
872 2757 1118 2806 Baratanis
1142 2757 1205 2805 *de
1233 2756 1424 2816 Nurcia,
1456 2755 1697 2804 consuetis
1726 2752 2013 2802 ceremoniis
2043 2768 2052 2800 ε

287 2840 380 2888 alia
399 2840 562 2887 omnia
581 2844 688 2888 acta
715 2843 824 2887 sunt
843 2854 978 2887 more
1001 2839 1158 2886 solito.

354 2922 494 2970 Feria
519 2923 747 2981 secunda,
779 2926 806 2968 4
829 2921 941 2969 dicti
969 2921 1150 2969 mensis
1173 2921 1313 2984 junii,
1343 2924 1651 2968 recesserunt
1677 2919 1735 2967 ab
1764 2919 1891 2968 Urbe
1915 2923 1970 2967 R.
2003 2922 2053 2967 P.

289 3012 345 3056 D.
371 3005 634 3065 Johannes,
661 3004 1054 3068 archiepiscopus
1082 3003 1368 3067 Ragusinus,
1400 3005 1482 3051 SS.
1518 3006 1575 3050 D.
1606 3002 1754 3050 nostri
1780 3002 2060 3051 referenda-

258 3088 265 3095 ’
290 3090 386 3137 rius
417 3088 726 3146 domesticus,
757 3086 995 3135 Adrianus
1027 3086 1396 3135 Castellanensis
1426 3086 1484 3134 de
1518 3088 1741 3143 Corneto,
1776 3089 2059 3148 protonota—

289 3174 385 3220 rius
414 3172 724 3236 apostolicus,
755 3171 973 3235 ejusdem
1007 3172 1063 3218 D.
1097 3170 1246 3218 nostri
1274 3173 1322 3218 et
1349 3169 1549 3221 clericus
1577 3185 1768 3219 camere
1796 3167 2056 3235 apostolice

291 3272 345 3303 ac
371 3255 653 3303 venerabilis
682 3254 749 3303 vir
775 3257 830 3302 D.
864 3254 1144 3302 Guillelmus
1172 3253 1409 3302 Centelles
1439 3253 1522 3312 (1),
1553 3254 1812 3301 canonicus
1841 3252 2056 3303 Valenti-

339 3380 371 3415 1.
401 3379 628 3424 Guillelmus,
650 3380 742 3415 (lans
772 3384 851 3415 tous
878 3379 930 3414 les
957 3390 1046 3416 mss,
1076 3382 1097 3414 a
1123 3383 1204 3423 tort,
1233 3378 1323 3414 c‘est
1346 3378 1583 3422 Raymundns
1610 3377 1696 3424 qu'il
1722 3377 1795 3413 faut
1822 3375 1898 3422 lire,
1920 3385 2055 3411 comme

290 3448 334 3473 on
358 3436 389 3471 le
408 3437 483 3473 voit.
502 3439 592 3474 flans
614 3438 663 3475 les
684 3438 918 3475 instructions
937 3438 985 3474 du
1005 3438 1103 3486 Pape
1124 3440 1144 3473 a
1162 3449 1222 3473 ses
1242 3436 1534 3476 ambassadeurs.
