2228 3938
159 368 368 410 [Decembre
391 368 484 407 1492]
606 363 775 401 RERUM
809 361 1111 399 DRBANARUM
1138 362 1491 399 COMMENTARH.
1897 368 1940 403 17

91 485 93 487 ’
157 469 319 518 rubeis
345 472 594 532 cooperte,
618 465 800 514 familia
819 480 933 513 vero
955 464 1017 512 ad
1036 479 1296 512 numerum
1318 464 1446 512 inter
1467 467 1560 512 700
1583 469 1630 513 et
1652 469 1764 525 800,
1790 483 1942 529 quan-

156 559 258 603 tum
290 553 462 613 audivi,
499 550 763 600 ascendere
785 548 1053 597 dicebatur.
1092 551 1212 596 Cum
1247 548 1297 595 in
1334 548 1407 595 via
1441 547 1668 596 strictiori
1703 564 1941 610 essemus,

155 637 450 702 precedebat
476 634 731 684 cardinalis
762 632 939 681 Montis
973 632 1184 696 Regalis,
1220 648 1366 696 quem
1395 631 1690 695 sequebatur
1719 632 1946 698 princeps

157 726 204 770 et
242 720 511 786 principem
546 718 781 768 Ascanius
822 721 869 766 et
900 716 1051 776 male;
1090 732 1230 765 secus
1263 716 1507 764 faciebant
1541 716 1622 764 alii
1657 716 1751 765 duo
1789 717 1947 766 cardi-

157 806 311 865 nales,
346 805 568 854 videlicet
598 802 942 867 Neapolitanus
972 806 1020 850 et
1048 801 1296 860 Senensis,
1333 801 1413 864 qui
1443 801 1493 848 in
1523 801 1666 849 simili
1695 801 1770 849 via
1804 801 1947 850 ambo

160 889 320 953 ipsum
342 887 684 952 sequebantur,
710 887 839 949 quod
858 886 1112 935 honestius
1134 885 1239 934 fuit.

229 972 452 1022 Perventi
475 971 535 1019 ad
555 970 803 1034 palatium,
829 970 1138 1018 ascendimus
1169 969 1493 1032 ad‘pontificis
1526 971 1841 1034 presentiam,
1871 969 1951 1034 qui

162 1057 430 1122 principem
459 1054 507 1102 in
546 1054 715 1102 ultima
753 1069 813 1101 ex
839 1053 975 1101 novis
1013 1052 1219 1100 cameris
1249 1052 1389 1117 juxta
1429 1055 1739 1103 secretariam
1775 1070 1951 1118 expec-

162 1141 310 1198 tabat,
337 1142 515 1187 etcum
537 1152 595 1186 eo
624 1137 836 1201 quinque
856 1136 1145 1195 cardinales,
1173 1136 1392 1185 videlicet
1410 1138 1772 1202 Neapolitanus,
1795 1137 1951 1185 sancti

163 1221 442 1281 Clementis,
487 1224 652 1269 sancte
687 1221 961 1281 Anastasie,
1012 1220 1307 1269 camerarius
1350 1221 1550 1269 Ursinus
1596 1237 1652 1269 ac
1698 1221 1947 1270 Senensis.

92 1307 94 1310 ’
164 1311 278 1356 Post
313 1305 582 1371 prinoipem
620 1305 918 1353 intraverunt
954 1304 1052 1365 alii,
1085 1304 1308 1353 videlicet
1338 1309 1558 1354 oratores
1587 1305 1845 1370 supradicti
1884 1310 1948 1362 et,

165 1409 224 1441 ex
256 1389 487 1455 principis
521 1389 703 1438 familia
732 1404 904 1438 omnes
934 1389 1144 1438 barones
1178 1394 1226 1437 et
1255 1389 1462 1450 nobiles,
1501 1390 1580 1454 qui
1608 1394 1654 1438 et
1682 1393 1790 1453 post
1819 1389 1953 1453 prin—

167 1475 325 1540 cipem
354 1490 382 1522 a
406 1490 534 1539 papa
563 1474 623 1522 ad
649 1473 805 1538 pedis,
839 1489 1012 1521 manus
1041 1476 1087 1521 et
1115 1473 1211 1521 oris
1236 1474 1456 1522 osculum
1483 1478 1755 1538 receptum,
1778 1473 1953 1537 pedem

165 1576 289 1624 pape
339 1558 699 1617 deoscularunt,
742 1557 959 1622 principe
1005 1557 1202 1605 interim
1242 1558 1302 1606 ad
1341 1558 1586 1607 sinistram
1624 1573 1766 1622 pape,
1811 1572 1956 1620 super

167 1643 376 1707 quodam
405 1642 600 1691 cussino
629 1641 905 1706 genuflexo.
939 1641 1249 1690 Ordinaverat
1273 1642 1404 1690 enim
1430 1641 1667 1690 Ascanius
1699 1641 1955 1689 cardinalis

168 1727 438 1791 principem
463 1730 572 1791 post
596 1741 766 1774 omnes
793 1724 1064 1773 cardinales
1086 1725 1258 1774 sedere
1286 1725 1484 1785 debere,
1510 1726 1638 1790 quod
1665 1741 1757 1789 ego
1785 1740 1955 1789 preca-

169 1827 285 1859 vens
307 1811 432 1859 volui
457 1810 615 1875 potius
638 1810 766 1873 quod
789 1809 1072 1873 genuflexus
1101 1809 1282 1858 ibidem
1303 1814 1629 1874 permaneret,
1660 1825 1806 1874 quam
1828 1808 1958 1873 quod

172 1895 218 1942 in
255 1895 363 1943 loco
402 1894 491 1942 sibi
532 1909 631 1942 non
671 1893 978 1941 convenienti
1019 1893 1228 1942 sederet.
1265 1897 1386 1942 Nam
1417 1894 1555 1943 locus
1588 1899 1700 1943 ante
1731 1894 1955 1943 ultimum

174 1978 432 2026 diaconum
453 1976 768 2031 cardinalem,
802 1976 840 2023 si
868 1992 967 2024 non
991 1980 1120 2035 ante,
1152 1981 1200 2025 et
1227 1994 1373 2041 supra
1399 1978 1561 2041 plures
1592 1978 1841 2038 diaconos,
1868 1976 1956 2026 sibi

175 2061 463 2119 debebatur3
489 2060 575 2109 sed
594 2059 828 2108 Ascanius
846 2059 1118 2120 cardinalis,
1144 2061 1319 2109 ducem
1337 2077 1476 2108 suum
1494 2061 1752 2109 Mediolani
1774 2060 1960 2124 magni-

174 2144 319 2192 ficare
339 2143 521 2203 volens,
541 2143 616 2190 cui
634 2143 770 2191 locus
788 2143 863 2190 vix
884 2148 992 2207 post
1013 2144 1281 2192 cardinales
1300 2144 1522 2204 debetur,
1540 2145 1672 2193 hunc
1688 2145 1832 2193 etiam
1850 2148 1959 2208 post

175 2226 442 2276 cardinales
463 2242 646 2290 ponere
664 2226 831 2286 voluit,
856 2227 1182 2290 utaliquando
1204 2228 1309 2291 ipso
1328 2228 1439 2277 duci
1457 2229 1716 2278 Mediolani
1735 2227 1959 2291 magnifi-

175 2326 287 2360 care
313 2310 480 2359 volens
503 2326 613 2358 cum
644 2310 804 2374 aliquo
837 2326 896 2359 ex
916 2326 1087 2375 regum
1109 2311 1220 2359 filiis
1252 2312 1301 2359 in
1331 2313 1459 2361 Urbe
1492 2317 1832 2372 concurrente,
1863 2311 1961 2359 dis-

177 2396 435 2461 ceptationi
456 2395 592 2443 locus
621 2394 680 2443 de
708 2395 1022 2458 precedentia
1048 2400 1095 2443 et
1123 2410 1181 2443 eo
1204 2412 1319 2444 casu
1351 2396 1445 2445 dux
1475 2396 1734 2446 Mediolani
1762 2400 1963 2461 propter

176 2480 443 2546 potentiam
465 2478 783 2544 preferendus
811 2483 858 2526 et
872 2477 1130 2544 juvandus.

243 2565 327 2613 His
361 2563 429 2613 sic
458 2562 684 2628 peractis,
717 2562 945 2632 princeps
989 2563 1206 2626 prefatus
1240 2579 1268 2611 a
1304 2564 1495 2612 RRmis.
1521 2566 1621 2612 DD.
1647 2563 1963 2628 Neapolitano

179 2653 226 2698 et
265 2647 468 2698 Senensi
509 2662 659 2710 usque
702 2646 763 2694 ad
803 2646 1063 2710 Apostolos
1103 2651 1151 2695 et
1189 2647 1420 2711 palatium
1461 2648 1584 2696 Rmi.
1621 2651 1677 2696 D.
1710 2646 1963 2696 cardinalis

180 2732 332 2781 sancti
361 2731 487 2780 Petri
515 2730 576 2779 ad
602 2729 825 2789 Vincula,
864 2730 914 2778 in
946 2745 1042 2794 quo
1071 2731 1394 2793 hospitandus
1423 2735 1545 2790 erat,
1576 2730 1843 2778 associatus
1871 2733 1961 2788 est,

180 2815 368 2864 medius
400 2815 525 2863 inter
562 2815 762 2864 eosdem
802 2813 1072 2863 cardinales
1111 2814 1390 2878 equitando.
1435 2817 1551 2863 Post
1587 2829 1699 2879 eum
1730 2815 1967 2861 venerunt

180 2898 351 2965 prelati
382 2898 565 2963 palatii,
592 2903 808 2947 oratores
838 2902 886 2947 et
915 2897 994 2946 alii
1021 2897 1210 2962 prelati,
1242 2913 1300 2947 eo
1329 2898 1498 2947 ordine
1526 2914 1621 2962 quo
1649 2898 1708 2947 de
1730 2901 1966 2946 Laterano

183 2985 243 3033 ad
263 2982 491 3048 palatium
513 2982 833 3047 apostolicum
857 2987 1104 3031 venerant.
1130 2984 1250 3030 Cum
1272 2986 1436 3031 essent
1457 2988 1569 3032 ante
1594 2987 1785 3047 portam
1806 2980 1968 3046 palatii

185 3067 388 3132 predicti
409 3066 537 3131 apud
556 3066 834 3130 Apostolos,
851 3066 1075 3130 princeps
1091 3065 1417 3114 cardinalibus
1435 3065 1614 3130 gratias
1636 3081 1781 3130 agere
1799 3064 1966 3123 voluit,

189 3150 275 3198 sed
303 3150 395 3213 ipsi
425 3149 771 3199 antecedentes
802 3149 1071 3214 principem
1105 3149 1263 3213 ipsum
1294 3165 1448 3212 usque
1476 3149 1604 3197 intus
1631 3149 1692 3197 ad
1719 3149 1969 3198 introitum

189 3247 354 3280 versus
388 3234 602 3292 hortum,
639 3233 720 3281 ubi
749 3233 1118 3297 ultra‘equitare
1155 3248 1250 3281 non
1285 3237 1528 3297 poterant,
1566 3233 1884 3291 associarunt,
1923 3236 1971 3280 et

191 3315 387 3373 ibidem,
411 3315 609 3364 dimisso
638 3317 875 3381 principe,
900 3321 1208 3366 recesserunt
1227 3316 1497 3364 cardinales
1520 3321 1568 3365 et
1590 3316 1758 3380 prelati
1778 3331 1966 3373 omnes,

191 3397 409 3464 principe
436 3397 552 3461 ipsis
579 3400 754 3462 gratias
786 3417 884 3448 non
915 3401 1175 3458 referente,
1210 3400 1322 3463 quia
1350 3416 1447 3447 nox
1476 3404 1595 3459 erat,
1630 3405 1678 3448 et
1707 3399 1810 3463 ipse
1839 3398 1971 3461 prin-

194 3499 307 3548 ceps
327 3497 415 3546 per
435 3480 720 3541 cardinaleS,
754 3477 805 3532 ut
833 3483 1141 3547 premittitur,
1175 3487 1336 3546 preter
1364 3482 1543 3531 bonam
1571 3467 1972 3531 consuetudinem

388 3586 419 3611 r.
449 3586 485 3611 n.
1740 3575 1762 3594 ς,

1743 3598 1763 3607 -o
