2216 3886
313 307 381 342 430
917 306 1147 342 JOHANNIS
1180 306 1474 350 BURCHARDI,
1812 307 1968 346 [Janvier
1983 308 2076 347 1498]

309 407 526 455 oratione
555 407 702 454 misse
730 411 778 455 et
804 411 913 470 post
941 407 1333 455 communionem
1361 406 1477 453 dixit
1501 421 1510 452 :
1536 405 1766 452 Animam
1792 407 1968 470 famuli
1989 409 2074 467 tui,

305 488 540 538 Jolzamzis
553 491 783 554 principis
806 490 969 547 nostri,
994 497 1099 547 etc.5
1132 493 1179 536 et
1198 488 1291 535 alia
1318 488 1482 536 omnia
1507 492 1614 535 acta
1641 491 1748 535 sunt
1772 488 1921 536 solitis
1942 505 2077 539 cere-

304 573 496 621 moniis.

375 655 593 703 Intellexi
626 659 832 717 quatuor
863 653 1011 700 millia
1042 652 1188 701 libras
1223 668 1334 701 cere
1367 653 1514 702 fuisse
1547 653 1691 702 hodie
1722 655 1771 702 in
1802 655 2078 718 hujusmodi

308 737 521 800 exequiis
538 737 860 800 dispensatas3
886 752 978 799 que
1001 735 1177 783 cerain
1199 736 1421 783 omnibus
1443 736 1696 785 intorticiis
1715 737 1935 786 bombice
1952 753 2081 785 com-

307 820 464 882 posita
485 825 586 868 erat
611 824 659 867 et
682 820 748 867 ita
773 819 1028 883 diligenter
1045 819 1260 866 laborata
1289 835 1344 867 ac
1374 820 1411 867 si
1433 820 1602 868 fuisset
1628 821 1677 868 in
1706 822 1829 870 festo
1850 820 2079 884 purifica-

306 902 450 950 tionis
470 903 610 951 beate
631 902 780 950 Marie
798 901 992 965 virginis
1015 901 1354 965 dispensanda.

368 986 509 1034 Feria
530 990 680 1044 sexta,
710 990 766 1034 19
793 986 906 1034 dicti
933 986 1113 1034 mensis
1137 987 1365 1050 januarii,
1390 991 1444 1035 R.
1469 987 1518 1035 in
1546 987 1734 1036 Christo
1765 990 1816 1035 P.
1842 990 1898 1036 D.
1928 990 2076 1036 Fran-

309 1068 465 1116 ciscus
493 1069 688 1117 Brevius
716 1069 954 1132 palatinus
983 1069 1103 1117 sacri
1130 1070 1293 1132 palatii
1321 1070 1589 1134 apostolici,
1614 1086 1867 1118 causarum
1889 1070 2077 1118 auditor

302 1167 390 1214 per
423 1153 506 1200 SS.
536 1154 592 1199 D.
625 1155 680 1200 N.
708 1152 1034 1200 Alexandrum
1061 1169 1235 1216 papam
1270 1157 1456 1202 sextum
1489 1154 1538 1201 in
1571 1158 1756 1203 secreto
1790 1154 2075 1202 consistorio

303 1234 503 1295 electus,
528 1239 776 1298 promotus
798 1240 845 1284 et
865 1236 1208 1299 pronunciatus
1237 1237 1323 1285 fuit
1353 1237 1415 1303 ad
1448 1237 1703 1285 ecclesiam
1734 1241 2070 1295 Genetensem‚

303 1333 414 1365 cum
437 1318 757 1366 reservatione
780 1319 995 1367 omnium
1020 1319 1367 1368 beneficiorum
1387 1336 1582 1369 suorum
1603 1321 1748 1369 etiam
1770 1337 1863 1384 que
1885 1324 2074 1384 specta-

302 1401 417 1448 bant
446 1417 574 1461 eum,
601 1406 648 1449 et
675 1401 769 1449 loci
800 1402 1112 1463 auditoratUS‚
1137 1403 1266 1466 quod
1288 1403 1376 1450 sibi
1399 1403 1486 1451 fuit
1514 1420 1602 1466 per
1631 1420 1780 1452 unum
1809 1420 1867 1453 ex
1895 1405 1978 1452 SS.
2011 1406 2068 1451 D.

300 1485 452 1532 nostri
481 1485 783 1534 cubiculariis
813 1485 873 1533 ad
902 1490 1055 1534 rotam
1079 1486 1384 1544 nunciatum3
1407 1492 1455 1535 et
1483 1487 1663 1535 ibidem
1690 1503 1778 1550 per
1810 1490 1911 1535 DD.
1937 1486 2072 1534 audi-

298 1573 427 1617 tores
449 1569 698 1617 decretum
720 1570 862 1632 quod,
885 1569 1130 1618 audientia
1147 1569 1298 1628 finita,
1320 1569 1519 1618 deberet
1540 1586 1628 1634 per
1644 1585 1812 1618 omnes
1831 1569 2071 1618 auditores

301 1668 452 1715 usque
485 1653 544 1700 ad
574 1652 771 1700 domum
806 1669 940 1700 suam
975 1652 1290 1716 collegialiter
1318 1653 1564 1711 associari,
1596 1657 1738 1716 prout
1766 1654 1945 1700 factum
1978 1657 2066 1701 est.

297 1735 428 1783 Idem
450 1738 507 1783 D.
534 1736 834 1795 Franciscus,
859 1752 969 1784 cum
992 1736 1276 1783 surrexisset
1300 1736 1359 1784 de
1386 1736 1512 1795 loco,
1537 1728 1758 1800 apposuit
1785 1735 1875 1783 sibi
1897 1734 2071 1783 roche-

294 1821 394 1865 tum
426 1819 486 1866 ad
521 1819 874 1867 ordinationem
906 1834 1066 1866 meam
1101 1824 1148 1867 et
1181 1818 1284 1866 sine
1318 1834 1394 1879 eo,
1426 1824 1478 1868 ut
1514 1820 1718 1878 auditor,
1755 1818 1981 1882 equitavit
2010 1818 2071 1866 ad

295 1901 492 1949 domum
525 1918 677 1962 suam,
708 1902 893 1951 medius
932 1903 1058 1950 inter
1089 1902 1361 1950 Silvestrem
1395 1907 1442 1951 et
1474 1903 1761 1951 Adriensem
1795 1902 2064 1966 episcopos.

295 1986 406 2031 Post
425 2000 508 2032 eos
527 1985 802 2048 equitarunt
816 1985 893 2033 alii
913 2001 995 2033 sex
1014 1985 1255 2033 auditores
1273 1985 1371 2033 bini
1391 1991 1439 2034 et
1453 1986 1571 2045 bini,
1588 1985 1807 2034 videlicet
1825 1984 2067 2034 Mattheus

293 2067 351 2115 de
374 2067 568 2116 Ubaldis
590 2073 635 2117 et
658 2072 826 2117 Petrus
849 2070 906 2117 de
931 2070 1161 2134 AcolytiS‚
1185 2069 1398 2118 Achilles
1426 2069 1485 2118 de
1508 2069 1694 2118 Grassis
1717 2077 1764 2118 et
1786 2068 2068 2117 Dominicus

294 2151 352 2198 de
372 2151 648 2210 Jacobatfis,
672 2153 907 2200 Antonius
928 2153 986 2200 de
1008 2155 1171 2200 Monte
1192 2157 1239 2200 et
1255 2152 1460 2200 Jacobus
1483 2153 1753 2215 Dragatius.
1778 2155 1833 2200 R.
1858 2155 1916 2199 D.
1941 2151 2066 2200 Feli-

293 2251 400 2293 nus,
434 2235 691 2298 episcopus
724 2236 1007 2293 pennensis,
1044 2251 1142 2283 non
1174 2236 1317 2294 venit,
1351 2235 1461 2298 quia
1495 2251 1590 2284 non
1625 2250 1811 2283 moram
1841 2234 1989 2282 trahit
2018 2239 2066 2283 et
2102 2294 2105 2297 ἱ

290 2318 468 2366 residet
496 2318 545 2365 in
572 2318 747 2382 palatio
770 2319 1032 2382 apostolico
1059 2335 1069 2367 :
1091 2323 1201 2367 ante
1227 2319 1425 2366 domum
1456 2318 1553 2382 egit
1583 2319 1759 2382 gratias
1789 2322 1836 2366 et
1862 2317 2064 2381 quisque

291 2401 434 2449 rediit
464 2401 662 2449 domum
697 2418 847 2450 suam.
879 2402 1032 2449 Mansi
1065 2418 1174 2450 cum
1211 2402 1406 2450 domino
1443 2402 1598 2451 electo
1634 2401 1682 2448 in
1718 2401 1937 2465 prandio,
1967 2416 2065 2448 non

275 2484 612 2545 comedendo,
636 2485 748 2549 quia
767 2486 899 2549 prius
921 2486 1223 2549 pranderam.
1249 2485 1456 2534 Prandio
1477 2489 1691 2548 peracto,
1716 2484 1828 2542 fecit
1850 2483 1940 2531 sibi
1961 2482 2065 2532 fieri

293 2571 538 2616 tonsuram
565 2568 781 2627 solitam3
808 2585 900 2631 qua
921 2568 1064 2627 facta,
1088 2569 1274 2632 accepit
1300 2568 1555 2617 rochetum
1582 2569 1630 2616 in
1661 2584 1754 2631 quo
1780 2566 2087 2632 permansit,⁴

289 2655 549 2715 expectans
570 2652 851 2700 mandatum
874 2655 1018 2715 Pape.
1043 2652 1334 2700 Attendebat
1354 2652 1402 2700 in
1424 2668 1576 2716 cappa
1594 2650 1786 2700 visitare
1809 2655 1858 2699 et
1878 2650 2064 2699 Sancti-

286 2735 370 2783 tati
393 2751 477 2783 sue
497 2740 543 2783 et
568 2735 890 2784 cardinalibus
913 2735 1086 2799 gratias
1108 2751 1251 2798 agere
1272 2735 1347 2782 vel
1368 2735 1469 2782 sine
1489 2750 1642 2798 cappa
1659 2750 1669 2782 ε
1688 2733 1874 2796 accepit
1893 2737 2063 2797 postea

288 2818 582 2866 voluntatem
604 2821 731 2882 Pape
753 2818 881 2881 quod
898 2818 946 2865 in
969 2834 1120 2881 cappa
1138 2818 1293 2866 faciat.

350 2901 453 2947 Hoc
482 2917 642 2960 mane,
678 2901 803 2964 cepit
838 2916 1028 2948 cessare
1056 2901 1206 2963 frigus
1233 2905 1281 2948 et
1312 2901 1490 2964 glacies
1511 2899 1702 2948 dissolvi
1729 2914 1822 2962 que
1843 2915 1872 2947 a
1891 2899 2060 2948 decem

285 2982 451 3030 diebus
482 2984 601 3031 citra
620 2983 868 3031 durarunt.
892 2986 1010 3031 Item
1033 2986 1089 3030 D.
1122 2983 1304 3031 electus
1325 2983 1514 3031 donavit
1534 2982 1678 3030 hodie
1701 2982 1990 3031 tubibucinis
2014 2986 2061 3030 et

284 3066 557 3115 trombettis
588 3083 626 3114 s.
657 3066 827 3131 Angeli
859 3070 905 3114 et
934 3065 1151 3114 custodie
1182 3069 1309 3130 Pape
1342 3066 1503 3130 palatii
1538 3065 1737 3114 ducatos
1766 3058 1987 3129 quatuor,
2012 3069 2060 3114 et

284 3148 432 3196 tribus
454 3149 614 3197 mimis
640 3150 734 3198 sive
758 3149 1106 3214 Joculatoribus
1130 3149 1352 3213 Hispanis
1380 3149 1684 3198 sonatoribus
1714 3150 1913 3197 ducatos
1935 3153 2051 3197 tres.

287 3233 470 3296 Incepit
495 3233 686 3282 visitare
718 3234 767 3281 in
798 3248 949 3297 cappa
983 3235 1215 3281 RRmum.
1250 3236 1307 3281 D.
1341 3233 1633 3282 cardinalem
1666 3232 2049 3297 Neapolitanum,

284 3315 397 3363 lune
429 3319 487 3364 23
525 3317 762 3380 presentis
792 3316 972 3365 mensis
998 3316 1224 3380 januarii,
1256 3320 1304 3365 et
1333 3316 1532 3365 visitavit
1565 3318 1648 3365 SS.
1681 3319 1737 3364 D.
1771 3318 1827 3364 N.
1857 3330 2049 3379 papam,

286 3398 550 3448 associatus
581 3401 639 3448 ab
673 3400 895 3449 omnibus
928 3399 1018 3447 illis
1050 3399 1347 3449 auditoribus
1376 3400 1455 3464 qui
1486 3416 1596 3450 eum
1627 3399 1685 3448 de-
1719 3398 1963 3448 audientia
1993 3398 2054 3446 ad
