2202 3900
178 318 263 359 [Mai
278 319 371 359 1497]
625 315 794 353 RERUM
827 313 1129 352 URBANARUM
1161 313 1510 350 COMMENTARII.
1889 316 1957 351 367

178 419 307 482 quod
326 417 602 482 hujusmodi
633 416 848 465 officium
879 422 1029 479 usque
1057 415 1118 464 ad
1147 414 1359 463 futurum
1390 414 1668 477 generalem
1697 414 1957 476 capitulum

177 502 408 550 inclusive
444 516 670 550 exercere
712 499 927 549 deberet.
966 490 1098 547 Sedit
1136 499 1284 563 igitur
1315 498 1365 545 in
1398 497 1560 545 locum
1594 513 1735 544 suum
1774 501 1822 546 et
1863 513 1958 546 non

177 585 309 634 dedit
345 589 527 642 votum,
564 583 649 631 sed
689 582 899 646 primum
939 586 1100 631 votum
1140 581 1271 631 dedit
1310 581 1476 629 frater.
1513 583 1568 629 N.
1609 579 1668 627 de
1706 580 1957 644 Fulgineo,

177 666 415 731 generalis
436 669 685 730 protector
713 665 827 714 dicti
854 664 1052 724 ordiniS,
1079 668 1126 713 et
1158 668 1267 729 post
1295 680 1406 713 eum
1438 680 1503 711 xv
1530 664 1702 712 fratres
1725 663 1962 712 electores

171 767 226 799 ac
242 754 338 798 tres
353 753 647 797 scrutatores
660 748 886 812 predicti;
905 764 1075 796 omnes
1092 748 1384 796 unanimiter
1401 764 1486 796 seu
1502 747 1661 811 potius
1688 748 1957 797 successive

173 839 221 882 et
241 831 552 882 concorditer
578 831 760 879 dictum
788 831 984 881 fratrem
1010 833 1277 880 Marianum
1309 826 1577 895 elegerunt.
1602 834 1701 880 Hec
1729 837 1800 880 est
1829 832 1958 880 ordi-

174 918 246 965 nis
277 915 596 974 consuetudo,
623 915 752 978 quod
784 931 880 962 xxv
912 915 1269 979 provinciarum
1300 931 1419 978 quas
1447 915 1565 963 ordo
1592 915 1695 978 ipse
1728 905 1955 974 habebat,

175 1000 407 1064 religiosi,
432 998 656 1047 videlicet
677 1013 735 1046 ex
757 997 970 1061 qualibet
990 999 1236 1061 provincia
1256 1004 1372 1057 tres,
1406 1002 1567 1046 votum
1591 997 1804 1046 habeant
1828 998 1958 1047 elec-

173 1086 342 1138 tivum,
368 1088 416 1133 et
445 1084 558 1147 quia
584 1099 681 1131 non
709 1082 910 1131 aderant
940 1097 999 1130 ex
1026 1081 1228 1145 singulis
1258 1080 1539 1145 hujusmodi
1566 1081 1825 1144 provinciis
1847 1081 1959 1130 reli-

173 1169 319 1233 giosi,
358 1182 647 1216 concessum
693 1165 782 1214 fuit
826 1182 914 1230 per
959 1166 1108 1214 breve
1149 1164 1438 1228 protectoris
1467 1163 1723 1212 cardinalis
1757 1164 1959 1229 predicti

172 1254 407 1318 deputare
432 1254 606 1302 fratres
626 1252 858 1300 inlocum
878 1251 1078 1298 fratrum
1100 1248 1390 1305 absentium,
1413 1250 1522 1295 vota
1550 1247 1761 1311 eligendi
1782 1248 1962 1297 haben-

175 1338 324 1397 tium;
350 1337 430 1401 qui
460 1353 524 1386 ex
546 1337 672 1385 illius
702 1335 864 1399 vigore
893 1334 962 1381 sic
990 1331 1232 1396 deputavit
1260 1331 1386 1378 unde
1410 1330 1698 1393 eligentium
1730 1347 1960 1380 numerus

175 1421 518 1484 complebitur.
550 1423 696 1468 Facta
722 1416 1001 1482 hujusmodi
1036 1414 1294 1472 electione,
1322 1413 1568 1462 exiverunt
1600 1414 1884 1474 sacristiam,
1914 1421 1962 1464 et

175 1505 375 1553 fratrem
389 1504 658 1552 Marianum
680 1502 891 1551 electum
911 1505 1018 1564 post
1041 1515 1092 1547 se
1109 1501 1353 1562 portantes
1375 1496 1603 1551 brachiis,
1624 1497 1735 1560 quia
1752 1502 1881 1547 totus
1902 1514 1960 1546 ex

173 1588 455 1636 infirmitate
482 1587 627 1650 longa
649 1588 927 1634 contractus
948 1598 1195 1646 nunquam
1217 1584 1406 1644 poterat
1429 1580 1676 1629 ambulare
1708 1597 1718 1628 z
1743 1581 1962 1629 fecerunt

176 1671 543 1736 processionem
561 1669 688 1718 circa
707 1668 964 1717 ecclesiam
978 1671 1026 1715 et
1040 1669 1331 1714 conventum
1351 1664 1624 1728 predictum
1644 1680 1779 1713 more
1799 1665 1956 1713 solito.

243 1754 516 1811 Dominica,
552 1757 608 1800 14
643 1752 775 1810 maii,
808 1752 1001 1799 infesto
1025 1752 1357 1807 pentecostes,
1392 1750 1559 1795 Rmus.
1599 1750 1655 1795 D.
1691 1748 1960 1796 cardinales

178 1837 546 1902 Agrigentinus,
582 1852 680 1884 non
720 1835 975 1899 episcopus
1022 1833 1109 1881 sed
1147 1832 1422 1896 presbyter,
1460 1830 1719 1879 celebravit
1761 1831 1958 1879 missam

178 1922 448 1970 solemnem
481 1921 531 1968 in
572 1920 770 1968 basilica
802 1917 1030 1982 principis
1064 1916 1394 1980 apostolorum
1431 1915 1491 1962 de
1525 1914 1668 1970 Urbe,
1698 1931 1822 1978 papa
1846 1931 1958 1979 pre-

178 2009 344 2052 sente:
375 2012 655 2051 sermonem
676 2001 788 2049 fecit
807 2001 1004 2064 quidam
1026 1999 1303 2064 capellanus
1325 1998 1450 2046 Rmi.
1477 2001 1533 2045 D.
1559 1997 1814 2046 cardinalis
1842 2001 1958 2046 Par-

177 2087 357 2136 mensis
399 2101 567 2150 grece,
603 2085 830 2133 hebraice
871 2088 918 2133 et
956 2083 1122 2132 latine.
1161 2085 1246 2131 SS.
1286 2085 1344 2130 D.
1388 2086 1555 2130 noster
1590 2081 1715 2129 infra
1759 2081 1958 2130 missam

178 2170 358 2234 recepit
393 2169 443 2217 in
479 2169 717 2233 prelatum
751 2171 807 2216 R.
844 2170 898 2215 T.
929 2170 986 2215 D.
1021 2166 1284 2215 Orlandum
1323 2166 1383 2213 de
1426 2164 1636 2223 UrsiniS,
1674 2164 1956 2228 episcopum

178 2253 439 2311 Nolanum,
479 2257 527 2301 et
564 2266 677 2299 eum
711 2251 838 2299 inter
878 2250 997 2298 alios
1040 2250 1324 2298 assistentes
1359 2252 1406 2296 et
1446 2263 1535 2311 per
1574 2262 1659 2295 eos
1696 2248 1879 2312 recepit
1911 2253 1958 2296 et

178 2335 364 2384 admitti
377 2335 539 2400 jussit,
562 2339 705 2398 prout
724 2334 921 2381 factum.
946 2335 1145 2396 Incepta
1165 2332 1328 2390 missa,
1351 2330 1482 2379 venit
1501 2330 1748 2394 processio
1775 2330 1958 2378 ordinis

178 2436 217 2468 s.
242 2418 498 2482 Augustini
520 2418 731 2481 quinque
753 2418 953 2464 fratrum
974 2416 1049 2464 vel
1071 2415 1200 2464 circa
1218 2430 1328 2463 cum
1357 2429 1526 2462 eorum
1545 2414 1758 2478 generali
1780 2414 1954 2471 electo,

176 2502 226 2549 in
249 2503 345 2550 tine
366 2501 689 2565 processionis
707 2503 916 2563 portato,
940 2500 1019 2562 qui
1044 2499 1312 2562 expectavit
1333 2499 1481 2546 finem
1500 2498 1646 2545 misse
1664 2513 1775 2546 cum
1793 2498 1957 2561 paucis

179 2586 402 2634 fratribus
446 2585 662 2648 reliquis,
701 2599 788 2632 suo
830 2583 999 2632 ordine
1037 2584 1402 2648 processionem
1445 2582 1777 2646 sequentibuS.
1810 2582 1958 2629 Missa

179 2669 331 2728 finita,
353 2669 500 2717 frater
521 2668 764 2716 Marianus
796 2666 978 2715 electus
999 2671 1214 2731 portatus
1243 2671 1315 2715 est
1344 2666 1405 2714 ad
1432 2666 1581 2730 pedes
1611 2668 1757 2729 Pape,
1782 2665 1961 2729 quibus

180 2768 267 2816 per
288 2768 400 2800 eum
429 2751 673 2810 osculatis,
698 2750 815 2798 dixit
839 2766 849 2797 :
873 2750 1153 2799 Beatissime
1171 2751 1336 2808 Pater,
1360 2750 1545 2815 factam
1566 2756 1636 2797 est
1664 2748 1793 2813 quod
1815 2749 1961 2797 voluit

178 2835 419 2884 Sanctitas
453 2844 603 2884 vestra
630 2833 959 2883 commendans
987 2834 1077 2882 sibi
1105 2834 1333 2892 ordinem,
1364 2838 1413 2881 et
1444 2836 1572 2896 Papa
1597 2831 1805 2880 laudavit
1833 2832 1958 2881 elec-

181 2924 328 2978 tores,
366 2923 414 2967 et
447 2919 628 2968 electus
668 2918 818 2965 frater
848 2919 1091 2966 Marianus
1126 2917 1372 2979 subjunxit
1406 2917 1444 2964 si
1480 2919 1608 2980 Papa
1647 2917 1956 2964 confirmaret

179 3004 377 3063 sactum;
395 3003 647 3068 respondit
665 3003 912 3067 pontifex:
936 3001 1274 3066 Approbamus
1295 3010 1337 3048 et
1359 3000 1710 3064 confirmamus.
1741 3000 1956 3047 Recessit

182 3085 328 3134 frater
347 3088 587 3136 Marianus
609 3092 656 3136 et
685 3103 794 3135 eum
825 3102 883 3136 eo
913 3087 1084 3134 fratres
1107 3084 1195 3143 sui,
1219 3083 1420 3148 pedibus
1453 3084 1579 3145 Pape
1600 3081 1731 3145 prius
1752 3096 1839 3144 per
1871 3096 1955 3130 eos

184 3168 425 3217 osculatis.

251 3251 479 3310 Sabbato,
504 3255 565 3300 20
585 3253 714 3312 maii,
745 3251 905 3316 vigilia
935 3250 1238 3300 sanctissime
1259 3246 1520 3305 Trinitatis,
1543 3246 1735 3295 fuerunt
1758 3261 1953 3309 vespere

182 3333 376 3398 papales
397 3333 446 3380 in
464 3335 650 3398 capella
669 3335 859 3399 majori,
882 3350 1007 3398 papa
1023 3337 1266 3398 presente,
1288 3332 1470 3393 absque
1492 3329 1953 3378 commemoratione

183 3417 422 3466 dominice
445 3418 668 3467 crastine.
