<?xml version="1.0" encoding="UTF-8"?>
<!DOCTYPE html PUBLIC "-//W3C//DTD XHTML 1.0 Transitional//EN"
    "http://www.w3.org/TR/xhtml1/DTD/xhtml1-transitional.dtd">
<html xmlns="http://www.w3.org/1999/xhtml" xml:lang="en" lang="en">
 <head>
  <title>
</title>
<meta http-equiv="Content-Type" content="text/html;charset=utf-8" />
  <meta name='ocr-system' content='tesseract 3.04.00' />
  <meta name='ocr-capabilities' content='ocr_page ocr_carea ocr_par ocr_line ocrx_word'/>
</head>
<body>
  <div class='ocr_page' id='page_1' title='image "./diariumsivererum02burcuoft_0079.png"; bbox 0 0 2202 3926; ppageno 0'>
   <div class='ocr_carea' id='block_1_1' title="bbox 155 343 1946 389">
    <p class='ocr_par' dir='ltr' id='par_1_1' title="bbox 155 343 1946 389">
     <span class='ocr_line' id='line_1_1' title="bbox 155 343 1946 389; baseline 0.001 -9"><span class='ocrx_word' id='word_1_1' title='bbox 155 347 385 389; x_wconf 74' lang='lat' dir='ltr'><strong>[Avri11493]</strong></span> <span class='ocrx_word' id='word_1_2' title='bbox 595 345 767 382; x_wconf 82' lang='lat' dir='ltr'>RERUM</span> <span class='ocrx_word' id='word_1_3' title='bbox 800 343 1110 381; x_wconf 76' lang='lat' dir='ltr'>URBANARUM</span> <span class='ocrx_word' id='word_1_4' title='bbox 1144 343 1493 382; x_wconf 76' lang='lat' dir='ltr'><strong>COMMENTARH.</strong></span> <span class='ocrx_word' id='word_1_5' title='bbox 1898 352 1946 387; x_wconf 84' lang='lat'><strong>67</strong></span> 
     </span>
    </p>
   </div>
   <div class='ocr_carea' id='block_1_2' title="bbox 151 446 1955 3280">
    <p class='ocr_par' dir='ltr' id='par_1_2' title="bbox 157 446 1949 745">
     <span class='ocr_line' id='line_1_2' title="bbox 157 446 1945 512; baseline 0.002 -17"><span class='ocrx_word' id='word_1_6' title='bbox 157 452 357 512; x_wconf 87' lang='lat' dir='ltr'><strong>propter</strong></span> <span class='ocrx_word' id='word_1_7' title='bbox 383 447 793 496; x_wconf 81' lang='lat' dir='ltr'><strong>cubiculariorum</strong></span> <span class='ocrx_word' id='word_1_8' title='bbox 814 446 1207 508; x_wconf 91' lang='lat' dir='ltr'><strong>multitudinem;</strong></span> <span class='ocrx_word' id='word_1_9' title='bbox 1242 464 1353 496; x_wconf 89' lang='lat' dir='ltr'><strong>cum</strong></span> <span class='ocrx_word' id='word_1_10' title='bbox 1383 448 1627 497; x_wconf 81' lang='lat' dir='ltr'><strong>diceretur</strong></span> <span class='ocrx_word' id='word_1_11' title='bbox 1647 448 1945 499; x_wconf 84' lang='lat' dir='ltr'><strong>offertorium</strong></span> 
     </span>
     <span class='ocr_line' id='line_1_3' title="bbox 158 529 1949 596; baseline 0 -16"><span class='ocrx_word' id='word_1_12' title='bbox 158 535 204 580; x_wconf 87' lang='lat' dir='ltr'><strong>et</strong></span> <span class='ocrx_word' id='word_1_13' title='bbox 249 529 504 580; x_wconf 90' lang='lat' dir='ltr'><strong>celebrans</strong></span> <span class='ocrx_word' id='word_1_14' title='bbox 552 535 682 581; x_wconf 90' lang='lat' dir='ltr'><strong>esset</strong></span> <span class='ocrx_word' id='word_1_15' title='bbox 719 530 769 579; x_wconf 91' lang='lat' dir='ltr'><strong>in</strong></span> <span class='ocrx_word' id='word_1_16' title='bbox 805 530 972 591; x_wconf 86' lang='lat' dir='ltr'><strong>altare,</strong></span> <span class='ocrx_word' id='word_1_17' title='bbox 1007 531 1222 595; x_wconf 81' lang='lat' dir='ltr'><strong>religiosi</strong></span> <span class='ocrx_word' id='word_1_18' title='bbox 1251 535 1486 596; x_wconf 84' lang='lat' dir='ltr'><strong>ceperunt</strong></span> <span class='ocrx_word' id='word_1_19' title='bbox 1524 531 1949 596; x_wconf 81' lang='lat' dir='ltr'><strong>processionaliter</strong></span> 
     </span>
     <span class='ocr_line' id='line_1_4' title="bbox 158 613 1947 681; baseline 0.002 -20"><span class='ocrx_word' id='word_1_20' title='bbox 158 613 364 662; x_wconf 90' lang='lat' dir='ltr'><strong>circuire</strong></span> <span class='ocrx_word' id='word_1_21' title='bbox 410 613 560 663; x_wconf 89' lang='lat' dir='ltr'><strong>altare</strong></span> <span class='ocrx_word' id='word_1_22' title='bbox 607 630 743 664; x_wconf 90' lang='lat' dir='ltr'><strong>more</strong></span> <span class='ocrx_word' id='word_1_23' title='bbox 790 614 956 675; x_wconf 84' lang='lat' dir='ltr'><strong>solito,</strong></span> <span class='ocrx_word' id='word_1_24' title='bbox 998 631 1209 679; x_wconf 92' lang='lat' dir='ltr'><strong>quorum</strong></span> <span class='ocrx_word' id='word_1_25' title='bbox 1248 613 1497 681; x_wconf 72' lang='lat' dir='ltr'><strong>processio</strong></span> <span class='ocrx_word' id='word_1_26' title='bbox 1531 616 1667 666; x_wconf 90' lang='lat' dir='ltr'><strong>finita</strong></span> <span class='ocrx_word' id='word_1_27' title='bbox 1710 617 1800 665; x_wconf 93' lang='lat' dir='ltr'><strong>fuit</strong></span> <span class='ocrx_word' id='word_1_28' title='bbox 1837 633 1947 665; x_wconf 92' lang='lat' dir='ltr'><strong>cum</strong></span> 
     </span>
     <span class='ocr_line' id='line_1_5' title="bbox 160 697 326 745; baseline 0.006 -1"><span class='ocrx_word' id='word_1_29' title='bbox 160 697 326 745; x_wconf 89' lang='lat' dir='ltr'><strong>missa.</strong></span> 
     </span>
    </p>

    <p class='ocr_par' dir='ltr' id='par_1_3' title="bbox 151 782 1955 2258">
     <span class='ocr_line' id='line_1_6' title="bbox 225 782 1948 850; baseline 0.002 -20"><span class='ocrx_word' id='word_1_30' title='bbox 225 782 506 843; x_wconf 86' lang='lat' dir='ltr'><strong>Celebrans,</strong></span> <span class='ocrx_word' id='word_1_31' title='bbox 530 783 762 848; x_wconf 89' lang='lat' dir='ltr'><strong>depositis</strong></span> <span class='ocrx_word' id='word_1_32' title='bbox 783 786 1098 849; x_wconf 80' lang='lat' dir='ltr'><strong>paramentiS,</strong></span> <span class='ocrx_word' id='word_1_33' title='bbox 1123 790 1325 850; x_wconf 86' lang='lat' dir='ltr'><strong>accepta</strong></span> <span class='ocrx_word' id='word_1_34' title='bbox 1345 800 1514 849; x_wconf 88' lang='lat' dir='ltr'><strong>cappa,</strong></span> <span class='ocrx_word' id='word_1_35' title='bbox 1541 785 1664 834; x_wconf 86' lang='lat' dir='ltr'><strong>sedit</strong></span> <span class='ocrx_word' id='word_1_36' title='bbox 1682 785 1809 834; x_wconf 90' lang='lat' dir='ltr'><strong>inter</strong></span> <span class='ocrx_word' id='word_1_37' title='bbox 1828 784 1948 833; x_wconf 85' lang='lat' dir='ltr'><strong>alios</strong></span> 
     </span>
     <span class='ocr_line' id='line_1_7' title="bbox 161 865 1950 933; baseline 0.003 -21"><span class='ocrx_word' id='word_1_38' title='bbox 161 865 430 915; x_wconf 83' lang='lat' dir='ltr'><strong>cardinales</strong></span> <span class='ocrx_word' id='word_1_39' title='bbox 461 882 471 915; x_wconf 78' lang='grc' dir='ltr'>ε</span> <span class='ocrx_word' id='word_1_40' title='bbox 496 867 690 916; x_wconf 85' lang='lat' dir='ltr'><strong>interim</strong></span> <span class='ocrx_word' id='word_1_41' title='bbox 719 870 773 915; x_wconf 90' lang='lat' dir='ltr'><strong>R.</strong></span> <span class='ocrx_word' id='word_1_42' title='bbox 799 871 853 916; x_wconf 89' lang='lat' dir='ltr'><strong>P.</strong></span> <span class='ocrx_word' id='word_1_43' title='bbox 882 872 939 917; x_wconf 90' lang='lat' dir='ltr'><strong>D.</strong></span> <span class='ocrx_word' id='word_1_44' title='bbox 966 870 1355 927; x_wconf 82' lang='lat' dir='ltr'><strong>BartholomeuS,</strong></span> <span class='ocrx_word' id='word_1_45' title='bbox 1381 869 1639 933; x_wconf 85' lang='lat' dir='ltr'><strong>episcopus</strong></span> <span class='ocrx_word' id='word_1_46' title='bbox 1660 869 1880 918; x_wconf 90' lang='lat' dir='ltr'><strong>Sutrinus</strong></span> <span class='ocrx_word' id='word_1_47' title='bbox 1901 873 1950 918; x_wconf 86' lang='lat' dir='ltr'><strong>et</strong></span> 
     </span>
     <span class='ocr_line' id='line_1_8' title="bbox 158 949 1950 1016; baseline 0.002 -19"><span class='ocrx_word' id='word_1_48' title='bbox 158 950 445 1013; x_wconf 87' lang='lat' dir='ltr'><strong>Nepesinus‚</strong></span> <span class='ocrx_word' id='word_1_49' title='bbox 470 950 680 1013; x_wconf 85' lang='lat' dir='ltr'><strong>acceptis</strong></span> <span class='ocrx_word' id='word_1_50' title='bbox 700 949 906 1012; x_wconf 78' lang='lat' dir='ltr'><strong>pluviale</strong></span> <span class='ocrx_word' id='word_1_51' title='bbox 926 952 1078 1001; x_wconf 90' lang='lat' dir='ltr'><strong>rubeo</strong></span> <span class='ocrx_word' id='word_1_52' title='bbox 1099 953 1324 1016; x_wconf 90' lang='lat' dir='ltr'><strong>precioso</strong></span> <span class='ocrx_word' id='word_1_53' title='bbox 1343 956 1391 1000; x_wconf 88' lang='lat' dir='ltr'><strong>et</strong></span> <span class='ocrx_word' id='word_1_54' title='bbox 1411 953 1553 999; x_wconf 90' lang='lat' dir='ltr'><strong>mitra</strong></span> <span class='ocrx_word' id='word_1_55' title='bbox 1575 952 1798 1015; x_wconf 89' lang='lat' dir='ltr'><strong>simplici,</strong></span> <span class='ocrx_word' id='word_1_56' title='bbox 1818 953 1950 1001; x_wconf 88' lang='lat' dir='ltr'><strong>venit</strong></span> 
     </span>
     <span class='ocr_line' id='line_1_9' title="bbox 157 1031 1948 1102; baseline 0.004 -24"><span class='ocrx_word' id='word_1_57' title='bbox 157 1031 218 1079; x_wconf 88' lang='lat' dir='ltr'><strong>ad</strong></span> <span class='ocrx_word' id='word_1_58' title='bbox 260 1033 560 1096; x_wconf 87' lang='lat' dir='ltr'><strong>pontificem,</strong></span> <span class='ocrx_word' id='word_1_59' title='bbox 606 1049 772 1082; x_wconf 91' lang='lat' dir='ltr'><strong>coram</strong></span> <span class='ocrx_word' id='word_1_60' title='bbox 808 1052 902 1099; x_wconf 89' lang='lat' dir='ltr'><strong>quo</strong></span> <span class='ocrx_word' id='word_1_61' title='bbox 944 1038 1245 1101; x_wconf 88' lang='lat' dir='ltr'><strong>genuflexus,</strong></span> <span class='ocrx_word' id='word_1_62' title='bbox 1286 1038 1532 1086; x_wconf 88' lang='lat' dir='ltr'><strong>osculatus</strong></span> <span class='ocrx_word' id='word_1_63' title='bbox 1569 1041 1644 1086; x_wconf 89' lang='lat' dir='ltr'><strong>est</strong></span> <span class='ocrx_word' id='word_1_64' title='bbox 1683 1037 1788 1102; x_wconf 90' lang='lat' dir='ltr'><strong>ejus</strong></span> <span class='ocrx_word' id='word_1_65' title='bbox 1822 1053 1948 1101; x_wconf 89' lang='lat' dir='ltr'><strong>genu</strong></span> 
     </span>
     <span class='ocr_line' id='line_1_10' title="bbox 159 1114 1950 1187; baseline 0.004 -25"><span class='ocrx_word' id='word_1_66' title='bbox 159 1114 439 1175; x_wconf 81' lang='lat' dir='ltr'><strong>dexterum3</strong></span> <span class='ocrx_word' id='word_1_67' title='bbox 477 1121 594 1164; x_wconf 85' lang='lat' dir='ltr'><strong>tunc</strong></span> <span class='ocrx_word' id='word_1_68' title='bbox 623 1118 761 1182; x_wconf 85' lang='lat' dir='ltr'><strong>petiit</strong></span> <span class='ocrx_word' id='word_1_69' title='bbox 791 1119 851 1166; x_wconf 92' lang='lat' dir='ltr'><strong>ab</strong></span> <span class='ocrx_word' id='word_1_70' title='bbox 880 1135 938 1167; x_wconf 92' lang='lat' dir='ltr'><strong>eo</strong></span> <span class='ocrx_word' id='word_1_71' title='bbox 980 1120 1331 1186; x_wconf 79' lang='lat' dir='ltr'><strong>indulgentias,</strong></span> <span class='ocrx_word' id='word_1_72' title='bbox 1369 1127 1417 1172; x_wconf 92' lang='lat' dir='ltr'><strong>et</strong></span> <span class='ocrx_word' id='word_1_73' title='bbox 1449 1122 1664 1187; x_wconf 86' lang='lat' dir='ltr'><strong>pontifex</strong></span> <span class='ocrx_word' id='word_1_74' title='bbox 1708 1121 1950 1171; x_wconf 85' lang='lat' dir='ltr'><strong>concessit</strong></span> 
     </span>
     <span class='ocr_line' id='line_1_11' title="bbox 154 1198 1949 1264; baseline 0.003 -17"><span class='ocrx_word' id='word_1_75' title='bbox 154 1198 395 1263; x_wconf 91' lang='lat' dir='ltr'><strong>plenarias</strong></span> <span class='ocrx_word' id='word_1_76' title='bbox 429 1199 480 1248; x_wconf 91' lang='lat' dir='ltr'><strong>in</strong></span> <span class='ocrx_word' id='word_1_77' title='bbox 520 1200 714 1264; x_wconf 92' lang='lat' dir='ltr'><strong>signum</strong></span> <span class='ocrx_word' id='word_1_78' title='bbox 756 1201 908 1251; x_wconf 89' lang='lat' dir='ltr'><strong>letitie</strong></span> <span class='ocrx_word' id='word_1_79' title='bbox 943 1205 1062 1252; x_wconf 90' lang='lat' dir='ltr'><strong>tanti</strong></span> <span class='ocrx_word' id='word_1_80' title='bbox 1103 1204 1311 1264; x_wconf 88' lang='lat' dir='ltr'><strong>federis;</strong></span> <span class='ocrx_word' id='word_1_81' title='bbox 1352 1206 1527 1255; x_wconf 90' lang='lat' dir='ltr'><strong>deinde</strong></span> <span class='ocrx_word' id='word_1_82' title='bbox 1561 1205 1779 1255; x_wconf 89' lang='lat' dir='ltr'><strong>ascendit</strong></span> <span class='ocrx_word' id='word_1_83' title='bbox 1818 1205 1949 1254; x_wconf 91' lang='lat' dir='ltr'><strong>idem</strong></span> 
     </span>
     <span class='ocr_line' id='line_1_12' title="bbox 158 1283 1950 1354; baseline 0.004 -24"><span class='ocrx_word' id='word_1_84' title='bbox 158 1283 416 1348; x_wconf 89' lang='lat' dir='ltr'><strong>episcopus</strong></span> <span class='ocrx_word' id='word_1_85' title='bbox 453 1284 637 1348; x_wconf 85' lang='lat' dir='ltr'><strong>absque</strong></span> <span class='ocrx_word' id='word_1_86' title='bbox 680 1285 1035 1335; x_wconf 89' lang='lat' dir='ltr'><strong>benedictionis</strong></span> <span class='ocrx_word' id='word_1_87' title='bbox 1079 1289 1314 1353; x_wconf 89' lang='lat' dir='ltr'><strong>petitione</strong></span> <span class='ocrx_word' id='word_1_88' title='bbox 1352 1289 1589 1354; x_wconf 90' lang='lat' dir='ltr'><strong>pulpitum</strong></span> <span class='ocrx_word' id='word_1_89' title='bbox 1619 1290 1758 1354; x_wconf 83' lang='lat' dir='ltr'><strong>juxta</strong></span> <span class='ocrx_word' id='word_1_90' title='bbox 1799 1304 1950 1338; x_wconf 90' lang='lat' dir='ltr'><strong>cornu</strong></span> 
     </span>
     <span class='ocr_line' id='line_1_13' title="bbox 151 1360 1950 1437; baseline 0.003 -21"><span class='ocrx_word' id='word_1_91' title='bbox 151 1360 364 1432; x_wconf 59' lang='lat' dir='ltr'><strong>&#39;epistole</strong></span> <span class='ocrx_word' id='word_1_92' title='bbox 398 1368 560 1416; x_wconf 86' lang='lat' dir='ltr'><strong>altaris</strong></span> <span class='ocrx_word' id='word_1_93' title='bbox 586 1369 636 1416; x_wconf 91' lang='lat' dir='ltr'><strong>in</strong></span> <span class='ocrx_word' id='word_1_94' title='bbox 662 1369 771 1418; x_wconf 93' lang='lat' dir='ltr'><strong>loco</strong></span> <span class='ocrx_word' id='word_1_95' title='bbox 799 1370 880 1418; x_wconf 90' lang='lat' dir='ltr'><strong>ubi</strong></span> <span class='ocrx_word' id='word_1_96' title='bbox 908 1370 1230 1421; x_wconf 87' lang='lat' dir='ltr'><strong>faldistorium</strong></span> <span class='ocrx_word' id='word_1_97' title='bbox 1260 1373 1550 1422; x_wconf 88' lang='lat' dir='ltr'><strong>celebrantis</strong></span> <span class='ocrx_word' id='word_1_98' title='bbox 1585 1377 1784 1422; x_wconf 88' lang='lat' dir='ltr'><strong>steterat</strong></span> <span class='ocrx_word' id='word_1_99' title='bbox 1809 1389 1950 1437; x_wconf 87' lang='lat' dir='ltr'><strong>para-</strong></span> 
     </span>
     <span class='ocr_line' id='line_1_14' title="bbox 161 1435 1951 1522; baseline 0.002 -21"><span class='ocrx_word' id='word_1_100' title='bbox 161 1435 282 1513; x_wconf 58' lang='lat' dir='ltr'><strong>tum&#39;,</strong></span> <span class='ocrx_word' id='word_1_101' title='bbox 316 1457 365 1501; x_wconf 88' lang='lat' dir='ltr'><strong>et</strong></span> <span class='ocrx_word' id='word_1_102' title='bbox 392 1451 573 1501; x_wconf 91' lang='lat' dir='ltr'><strong>ibidem</strong></span> <span class='ocrx_word' id='word_1_103' title='bbox 600 1453 713 1501; x_wconf 88' lang='lat' dir='ltr'><strong>fecit</strong></span> <span class='ocrx_word' id='word_1_104' title='bbox 742 1455 1014 1505; x_wconf 88' lang='lat' dir='ltr'><strong>orationem</strong></span> <span class='ocrx_word' id='word_1_105' title='bbox 1039 1456 1154 1505; x_wconf 88' lang='lat' dir='ltr'><strong>satis</strong></span> <span class='ocrx_word' id='word_1_106' title='bbox 1185 1446 1474 1522; x_wconf 86' lang='lat' dir='ltr'><strong>simplicem,</strong></span> <span class='ocrx_word' id='word_1_107' title='bbox 1509 1472 1597 1522; x_wconf 89' lang='lat' dir='ltr'><strong>per</strong></span> <span class='ocrx_word' id='word_1_108' title='bbox 1622 1472 1767 1520; x_wconf 90' lang='lat' dir='ltr'><strong>quam</strong></span> <span class='ocrx_word' id='word_1_109' title='bbox 1794 1456 1951 1520; x_wconf 88' lang='lat' dir='ltr'><strong>publi—</strong></span> 
     </span>
     <span class='ocr_line' id='line_1_15' title="bbox 162 1535 1951 1592; baseline 0.002 -8"><span class='ocrx_word' id='word_1_110' title='bbox 162 1535 283 1585; x_wconf 88' lang='lat' dir='ltr'><strong>cavit</strong></span> <span class='ocrx_word' id='word_1_111' title='bbox 305 1536 443 1586; x_wconf 85' lang='lat' dir='ltr'><strong>fedus</strong></span> <span class='ocrx_word' id='word_1_112' title='bbox 472 1541 520 1586; x_wconf 90' lang='lat' dir='ltr'><strong>et</strong></span> <span class='ocrx_word' id='word_1_113' title='bbox 548 1537 997 1588; x_wconf 88' lang='lat' dir='ltr'><strong>confederationem</strong></span> <span class='ocrx_word' id='word_1_114' title='bbox 1026 1539 1155 1589; x_wconf 89' lang='lat' dir='ltr'><strong>inter</strong></span> <span class='ocrx_word' id='word_1_115' title='bbox 1181 1543 1265 1590; x_wconf 86' lang='lat' dir='ltr'><strong>SS.</strong></span> <span class='ocrx_word' id='word_1_116' title='bbox 1306 1544 1364 1592; x_wconf 92' lang='lat' dir='ltr'><strong>D.</strong></span> <span class='ocrx_word' id='word_1_117' title='bbox 1402 1545 1456 1590; x_wconf 93' lang='lat' dir='ltr'><strong>N.</strong></span> <span class='ocrx_word' id='word_1_118' title='bbox 1493 1545 1542 1590; x_wconf 91' lang='lat' dir='ltr'><strong>et</strong></span> <span class='ocrx_word' id='word_1_119' title='bbox 1574 1539 1951 1590; x_wconf 86' lang='lat' dir='ltr'><strong>illustrissimum</strong></span> 
     </span>
     <span class='ocr_line' id='line_1_16' title="bbox 160 1621 1953 1687; baseline 0.001 -16"><span class='ocrx_word' id='word_1_120' title='bbox 160 1621 464 1671; x_wconf 88' lang='lat' dir='ltr'><strong>Venetorum</strong></span> <span class='ocrx_word' id='word_1_121' title='bbox 489 1621 663 1670; x_wconf 91' lang='lat' dir='ltr'><strong>ducem</strong></span> <span class='ocrx_word' id='word_1_122' title='bbox 692 1626 739 1669; x_wconf 92' lang='lat' dir='ltr'><strong>et</strong></span> <span class='ocrx_word' id='word_1_123' title='bbox 763 1623 1112 1687; x_wconf 87' lang='lat' dir='ltr'><strong>rempublicam</strong></span> <span class='ocrx_word' id='word_1_124' title='bbox 1138 1640 1194 1672; x_wconf 89' lang='lat' dir='ltr'><strong>ac</strong></span> <span class='ocrx_word' id='word_1_125' title='bbox 1219 1625 1600 1674; x_wconf 88' lang='lat' dir='ltr'><strong>illustrissimum</strong></span> <span class='ocrx_word' id='word_1_126' title='bbox 1625 1623 1953 1672; x_wconf 87' lang='lat' dir='ltr'><strong>Mediolanen-</strong></span> 
     </span>
     <span class='ocr_line' id='line_1_17' title="bbox 161 1706 1952 1759; baseline 0.001 -6"><span class='ocrx_word' id='word_1_127' title='bbox 161 1720 265 1753; x_wconf 90' lang='lat' dir='ltr'><strong>sem</strong></span> <span class='ocrx_word' id='word_1_128' title='bbox 302 1709 351 1754; x_wconf 93' lang='lat' dir='ltr'><strong>et</strong></span> <span class='ocrx_word' id='word_1_129' title='bbox 381 1706 490 1754; x_wconf 90' lang='lat' dir='ltr'><strong>Bari</strong></span> <span class='ocrx_word' id='word_1_130' title='bbox 524 1706 699 1755; x_wconf 90' lang='lat' dir='ltr'><strong>ducem</strong></span> <span class='ocrx_word' id='word_1_131' title='bbox 733 1706 901 1755; x_wconf 90' lang='lat' dir='ltr'><strong>initam</strong></span> <span class='ocrx_word' id='word_1_132' title='bbox 935 1724 946 1755; x_wconf 91' lang='lat'><strong>:</strong></span> <span class='ocrx_word' id='word_1_133' title='bbox 990 1708 1239 1758; x_wconf 85' lang='lat' dir='ltr'><strong>excusavit</strong></span> <span class='ocrx_word' id='word_1_134' title='bbox 1275 1725 1325 1759; x_wconf 91' lang='lat' dir='ltr'><strong>se</strong></span> <span class='ocrx_word' id='word_1_135' title='bbox 1360 1709 1419 1758; x_wconf 92' lang='lat' dir='ltr'><strong>de</strong></span> <span class='ocrx_word' id='word_1_136' title='bbox 1450 1708 1683 1757; x_wconf 89' lang='lat' dir='ltr'><strong>brevitate</strong></span> <span class='ocrx_word' id='word_1_137' title='bbox 1719 1707 1952 1756; x_wconf 87' lang='lat' dir='ltr'><strong>orationis</strong></span> 
     </span>
     <span class='ocr_line' id='line_1_18' title="bbox 159 1788 1951 1856; baseline 0.001 -20"><span class='ocrx_word' id='word_1_138' title='bbox 159 1788 271 1852; x_wconf 91' lang='lat' dir='ltr'><strong>quia</strong></span> <span class='ocrx_word' id='word_1_139' title='bbox 303 1789 459 1853; x_wconf 92' lang='lat' dir='ltr'><strong>pridie</strong></span> <span class='ocrx_word' id='word_1_140' title='bbox 489 1789 539 1838; x_wconf 91' lang='lat' dir='ltr'><strong>id</strong></span> <span class='ocrx_word' id='word_1_141' title='bbox 570 1790 660 1839; x_wconf 91' lang='lat' dir='ltr'><strong>sibi</strong></span> <span class='ocrx_word' id='word_1_142' title='bbox 691 1791 893 1839; x_wconf 90' lang='lat' dir='ltr'><strong>minime</strong></span> <span class='ocrx_word' id='word_1_143' title='bbox 927 1791 1246 1841; x_wconf 89' lang='lat' dir='ltr'><strong>commissum</strong></span> <span class='ocrx_word' id='word_1_144' title='bbox 1277 1793 1474 1851; x_wconf 88' lang='lat' dir='ltr'><strong>fuisset;</strong></span> <span class='ocrx_word' id='word_1_145' title='bbox 1510 1797 1559 1841; x_wconf 90' lang='lat' dir='ltr'><strong>et</strong></span> <span class='ocrx_word' id='word_1_146' title='bbox 1588 1792 1707 1856; x_wconf 86' lang='lat' dir='ltr'><strong>legit</strong></span> <span class='ocrx_word' id='word_1_147' title='bbox 1740 1791 1951 1856; x_wconf 90' lang='lat' dir='ltr'><strong>capitula</strong></span> 
     </span>
     <span class='ocr_line' id='line_1_19' title="bbox 160 1872 1950 1939; baseline 0.002 -19"><span class='ocrx_word' id='word_1_148' title='bbox 160 1872 305 1937; x_wconf 88' lang='lat' dir='ltr'><strong>hujus</strong></span> <span class='ocrx_word' id='word_1_149' title='bbox 327 1874 507 1923; x_wconf 87' lang='lat' dir='ltr'><strong>federis</strong></span> <span class='ocrx_word' id='word_1_150' title='bbox 530 1873 610 1939; x_wconf 86' lang='lat'>(1).</span> <span class='ocrx_word' id='word_1_151' title='bbox 635 1875 791 1924; x_wconf 85' lang='lat' dir='ltr'><strong>Finita</strong></span> <span class='ocrx_word' id='word_1_152' title='bbox 813 1876 1051 1937; x_wconf 89' lang='lat' dir='ltr'><strong>oratione,</strong></span> <span class='ocrx_word' id='word_1_153' title='bbox 1078 1880 1163 1926; x_wconf 84' lang='lat' dir='ltr'><strong>SS.</strong></span> <span class='ocrx_word' id='word_1_154' title='bbox 1189 1880 1246 1926; x_wconf 87' lang='lat' dir='ltr'><strong>D.</strong></span> <span class='ocrx_word' id='word_1_155' title='bbox 1275 1880 1331 1925; x_wconf 91' lang='lat' dir='ltr'><strong>N.</strong></span> <span class='ocrx_word' id='word_1_156' title='bbox 1365 1881 1496 1924; x_wconf 87' lang='lat' dir='ltr'><strong>stans</strong></span> <span class='ocrx_word' id='word_1_157' title='bbox 1523 1877 1573 1924; x_wconf 92' lang='lat' dir='ltr'><strong>in</strong></span> <span class='ocrx_word' id='word_1_158' title='bbox 1601 1876 1716 1924; x_wconf 90' lang='lat' dir='ltr'><strong>sede</strong></span> <span class='ocrx_word' id='word_1_159' title='bbox 1739 1892 1827 1924; x_wconf 91' lang='lat' dir='ltr'><strong>sua</strong></span> <span class='ocrx_word' id='word_1_160' title='bbox 1848 1875 1950 1924; x_wconf 92' lang='lat' dir='ltr'><strong>sine</strong></span> 
     </span>
     <span class='ocr_line' id='line_1_20' title="bbox 166 1956 1952 2024; baseline 0.003 -21"><span class='ocrx_word' id='word_1_161' title='bbox 166 1956 327 2016; x_wconf 90' lang='lat' dir='ltr'><strong>mitra,</strong></span> <span class='ocrx_word' id='word_1_162' title='bbox 358 1957 541 2021; x_wconf 90' lang='lat' dir='ltr'><strong>incepit</strong></span> <span class='ocrx_word' id='word_1_163' title='bbox 577 1956 640 2005; x_wconf 89' lang='lat' dir='ltr'><strong>Te</strong></span> <span class='ocrx_word' id='word_1_164' title='bbox 663 1957 822 2006; x_wconf 90' lang='lat' dir='ltr'><strong>Deum</strong></span> <span class='ocrx_word' id='word_1_165' title='bbox 849 1960 1119 2021; x_wconf 75' lang='lat' dir='ltr'><strong>laudamus,</strong></span> <span class='ocrx_word' id='word_1_166' title='bbox 1154 1966 1202 2009; x_wconf 90' lang='lat' dir='ltr'><strong>et</strong></span> <span class='ocrx_word' id='word_1_167' title='bbox 1238 1964 1464 2009; x_wconf 90' lang='lat' dir='ltr'><strong>cantores</strong></span> <span class='ocrx_word' id='word_1_168' title='bbox 1497 1959 1616 2008; x_wconf 92' lang='lat' dir='ltr'><strong>illud</strong></span> <span class='ocrx_word' id='word_1_169' title='bbox 1649 1964 1760 2008; x_wconf 90' lang='lat' dir='ltr'><strong>sunt</strong></span> <span class='ocrx_word' id='word_1_170' title='bbox 1787 1975 1952 2024; x_wconf 89' lang='lat' dir='ltr'><strong>prose-</strong></span> 
     </span>
     <span class='ocr_line' id='line_1_21' title="bbox 164 2040 1951 2105; baseline 0.001 -17"><span class='ocrx_word' id='word_1_171' title='bbox 164 2040 301 2103; x_wconf 91' lang='lat' dir='ltr'><strong>quuti</strong></span> <span class='ocrx_word' id='word_1_172' title='bbox 322 2057 475 2105; x_wconf 90' lang='lat' dir='ltr'><strong>usque</strong></span> <span class='ocrx_word' id='word_1_173' title='bbox 496 2041 546 2090; x_wconf 89' lang='lat' dir='ltr'><strong>in</strong></span> <span class='ocrx_word' id='word_1_174' title='bbox 567 2041 733 2093; x_wconf 88' lang='lat' dir='ltr'><strong>finem.</strong></span> <span class='ocrx_word' id='word_1_175' title='bbox 761 2045 865 2099; x_wconf 86' lang='lat' dir='ltr'><strong>Quo</strong></span> <span class='ocrx_word' id='word_1_176' title='bbox 894 2043 1050 2103; x_wconf 88' lang='lat' dir='ltr'><strong>finito,</strong></span> <span class='ocrx_word' id='word_1_177' title='bbox 1081 2046 1166 2093; x_wconf 89' lang='lat' dir='ltr'><strong>SS.</strong></span> <span class='ocrx_word' id='word_1_178' title='bbox 1199 2047 1256 2092; x_wconf 92' lang='lat' dir='ltr'><strong>D.</strong></span> <span class='ocrx_word' id='word_1_179' title='bbox 1288 2048 1455 2092; x_wconf 87' lang='lat' dir='ltr'><strong>noster</strong></span> <span class='ocrx_word' id='word_1_180' title='bbox 1481 2043 1598 2091; x_wconf 86' lang='lat' dir='ltr'><strong>dixit</strong></span> <span class='ocrx_word' id='word_1_181' title='bbox 1627 2043 1771 2092; x_wconf 88' lang='lat' dir='ltr'><strong>Pater</strong></span> <span class='ocrx_word' id='word_1_182' title='bbox 1796 2051 1951 2091; x_wconf 85' lang='lat' dir='ltr'><strong>noster</strong></span> 
     </span>
     <span class='ocr_line' id='line_1_22' title="bbox 162 2123 1955 2190; baseline 0.001 -18"><span class='ocrx_word' id='word_1_183' title='bbox 162 2123 258 2172; x_wconf 90' lang='lat' dir='ltr'><strong>alta</strong></span> <span class='ocrx_word' id='word_1_184' title='bbox 275 2141 411 2185; x_wconf 87' lang='lat' dir='ltr'><strong>voce,</strong></span> <span class='ocrx_word' id='word_1_185' title='bbox 437 2125 610 2174; x_wconf 90' lang='lat' dir='ltr'><strong>deinde</strong></span> <span class='ocrx_word' id='word_1_186' title='bbox 639 2127 892 2190; x_wconf 85' lang='lat' dir='ltr'><strong>sequentia</strong></span> <span class='ocrx_word' id='word_1_187' title='bbox 916 2143 926 2175; x_wconf 91' lang='lat'>:</span> <span class='ocrx_word' id='word_1_188' title='bbox 951 2127 1024 2175; x_wconf 90' lang='lat' dir='ltr'><strong>Et</strong></span> <span class='ocrx_word' id='word_1_189' title='bbox 1048 2145 1107 2177; x_wconf 86' lang='lat' dir='ltr'><strong>ne</strong></span> <span class='ocrx_word' id='word_1_190' title='bbox 1133 2144 1217 2176; x_wconf 86' lang='lat' dir='ltr'><strong>nos</strong></span> <span class='ocrx_word' id='word_1_191' title='bbox 1242 2128 1440 2176; x_wconf 76' lang='lat' dir='ltr'><strong>inducas</strong></span> <span class='ocrx_word' id='word_1_192' title='bbox 1468 2127 1517 2175; x_wconf 87' lang='lat' dir='ltr'><strong>in</strong></span> <span class='ocrx_word' id='word_1_193' title='bbox 1539 2127 1840 2175; x_wconf 82' lang='lat' dir='ltr'><strong>tentationem</strong></span> <span class='ocrx_word' id='word_1_194' title='bbox 1870 2127 1955 2174; x_wconf 89' lang='lat' dir='ltr'><strong>sed</strong></span> 
     </span>
     <span class='ocr_line' id='line_1_23' title="bbox 161 2206 622 2258; baseline 0.011 -5"><span class='ocrx_word' id='word_1_195' title='bbox 161 2206 306 2255; x_wconf 87' lang='lat' dir='ltr'><strong>libera</strong></span> <span class='ocrx_word' id='word_1_196' title='bbox 325 2223 410 2256; x_wconf 92' lang='lat' dir='ltr'><strong>nos</strong></span> <span class='ocrx_word' id='word_1_197' title='bbox 433 2225 462 2256; x_wconf 92' lang='lat' dir='ltr'><strong>a</strong></span> <span class='ocrx_word' id='word_1_198' title='bbox 481 2210 622 2258; x_wconf 88' lang='lat' dir='ltr'><strong>malo.</strong></span> 
     </span>
    </p>

    <p class='ocr_par' dir='ltr' id='par_1_4' title="bbox 228 2289 1053 2359">
     <span class='ocr_line' id='line_1_24' title="bbox 228 2289 1053 2359; baseline 0.006 -20"><span class='ocrx_word' id='word_1_199' title='bbox 228 2289 394 2340; x_wconf 83' lang='lat' dir='ltr'><strong>Salvos</strong></span> <span class='ocrx_word' id='word_1_200' title='bbox 414 2294 499 2359; x_wconf 81' lang='lat' dir='ltr'><strong>sae</strong></span> <span class='ocrx_word' id='word_1_201' title='bbox 520 2310 674 2342; x_wconf 80' lang='lat' dir='ltr'><strong>servos</strong></span> <span class='ocrx_word' id='word_1_202' title='bbox 696 2302 816 2355; x_wconf 77' lang='lat' dir='ltr'><strong>tuOS,</strong></span> <span class='ocrx_word' id='word_1_203' title='bbox 839 2295 1053 2356; x_wconf 78' lang='lat' dir='ltr'><strong>Domine,</strong></span> 
     </span>
    </p>

    <p class='ocr_par' dir='ltr' id='par_1_5' title="bbox 227 2376 946 2442">
     <span class='ocr_line' id='line_1_25' title="bbox 227 2376 946 2442; baseline 0.003 -17"><span class='ocrx_word' id='word_1_204' title='bbox 227 2376 353 2425; x_wconf 89' lang='lat' dir='ltr'><strong>Deus</strong></span> <span class='ocrx_word' id='word_1_205' title='bbox 373 2393 522 2437; x_wconf 89' lang='lat' dir='ltr'><strong>meus,</strong></span> <span class='ocrx_word' id='word_1_206' title='bbox 545 2386 784 2442; x_wconf 75' lang='lat' dir='ltr'><strong>sperantes</strong></span> <span class='ocrx_word' id='word_1_207' title='bbox 811 2379 861 2427; x_wconf 84' lang='lat' dir='ltr'><strong>in</strong></span> <span class='ocrx_word' id='word_1_208' title='bbox 889 2387 946 2427; x_wconf 86' lang='lat' dir='ltr'><strong>te.</strong></span> 
     </span>
    </p>

    <p class='ocr_par' dir='ltr' id='par_1_6' title="bbox 227 2461 1038 2527">
     <span class='ocr_line' id='line_1_26' title="bbox 227 2461 1038 2527; baseline 0.004 -19"><span class='ocrx_word' id='word_1_209' title='bbox 227 2461 423 2524; x_wconf 81' lang='lat' dir='ltr'><strong>Dissipa</strong></span> <span class='ocrx_word' id='word_1_210' title='bbox 442 2470 604 2526; x_wconf 69' lang='lat' dir='ltr'><strong>yentes</strong></span> <span class='ocrx_word' id='word_1_211' title='bbox 626 2479 715 2527; x_wconf 81' lang='lat' dir='ltr'><strong>que</strong></span> <span class='ocrx_word' id='word_1_212' title='bbox 736 2463 853 2511; x_wconf 86' lang='lat' dir='ltr'><strong>bella</strong></span> <span class='ocrx_word' id='word_1_213' title='bbox 874 2463 1038 2511; x_wconf 82' lang='lat' dir='ltr'><strong>volunt</strong></span> 
     </span>
    </p>

    <p class='ocr_par' dir='ltr' id='par_1_7' title="bbox 237 2545 1553 2610">
     <span class='ocr_line' id='line_1_27' title="bbox 237 2545 1553 2610; baseline 0 -16"><span class='ocrx_word' id='word_1_214' title='bbox 237 2545 287 2594; x_wconf 85' lang='lat' dir='ltr'><em>U</em></span> <span class='ocrx_word' id='word_1_215' title='bbox 285 2553 305 2592; x_wconf 90' lang='lat' dir='ltr'><strong>t</strong></span> <span class='ocrx_word' id='word_1_216' title='bbox 321 2545 579 2594; x_wconf 77' lang='lat' dir='ltr'><strong>liberentur</strong></span> <span class='ocrx_word' id='word_1_217' title='bbox 597 2546 751 2594; x_wconf 78' lang='lat' dir='ltr'><strong>dilecti</strong></span> <span class='ocrx_word' id='word_1_218' title='bbox 772 2546 842 2594; x_wconf 85' lang='lat' dir='ltr'><strong>tui</strong></span> <span class='ocrx_word' id='word_1_219' title='bbox 860 2554 908 2593; x_wconf 87' lang='lat' dir='ltr'><strong>et</strong></span> <span class='ocrx_word' id='word_1_220' title='bbox 923 2546 1237 2610; x_wconf 76' lang='lat' dir='ltr'><strong>confiteantur</strong></span> <span class='ocrx_word' id='word_1_221' title='bbox 1256 2546 1438 2593; x_wconf 85' lang='lat' dir='ltr'><strong>nomini</strong></span> <span class='ocrx_word' id='word_1_222' title='bbox 1459 2554 1553 2594; x_wconf 87' lang='lat' dir='ltr'><strong>tuo.</strong></span> 
     </span>
    </p>

    <p class='ocr_par' dir='ltr' id='par_1_8' title="bbox 165 2628 1952 2762">
     <span class='ocr_line' id='line_1_28' title="bbox 237 2628 1952 2694; baseline -0.002 -17"><span class='ocrx_word' id='word_1_223' title='bbox 237 2629 466 2689; x_wconf 79' lang='lat' dir='ltr'><strong>Concede,</strong></span> <span class='ocrx_word' id='word_1_224' title='bbox 489 2630 704 2690; x_wconf 84' lang='lat' dir='ltr'><strong>Domine,</strong></span> <span class='ocrx_word' id='word_1_225' title='bbox 718 2629 896 2694; x_wconf 77' lang='lat' dir='ltr'><strong>populo</strong></span> <span class='ocrx_word' id='word_1_226' title='bbox 924 2637 1002 2677; x_wconf 91' lang='lat' dir='ltr'><strong>tuo</strong></span> <span class='ocrx_word' id='word_1_227' title='bbox 1025 2636 1079 2676; x_wconf 86' lang='lat' dir='ltr'><strong>ut</strong></span> <span class='ocrx_word' id='word_1_228' title='bbox 1093 2629 1158 2677; x_wconf 85' lang='lat' dir='ltr'><strong>sit</strong></span> <span class='ocrx_word' id='word_1_229' title='bbox 1173 2629 1216 2677; x_wconf 84' lang='lat' dir='ltr'><strong>ei</strong></span> <span class='ocrx_word' id='word_1_230' title='bbox 1237 2645 1316 2677; x_wconf 77' lang='lat' dir='ltr'><strong>eor</strong></span> <span class='ocrx_word' id='word_1_231' title='bbox 1336 2645 1488 2677; x_wconf 90' lang='lat' dir='ltr'><strong>unum</strong></span> <span class='ocrx_word' id='word_1_232' title='bbox 1514 2636 1561 2676; x_wconf 86' lang='lat' dir='ltr'><strong>et</strong></span> <span class='ocrx_word' id='word_1_233' title='bbox 1581 2629 1742 2676; x_wconf 67' lang='lat' dir='ltr'><strong>areima</strong></span> <span class='ocrx_word' id='word_1_234' title='bbox 1763 2644 1878 2686; x_wconf 87' lang='lat' dir='ltr'><strong>una,</strong></span> <span class='ocrx_word' id='word_1_235' title='bbox 1904 2628 1952 2673; x_wconf 86' lang='lat' dir='ltr'><strong>in</strong></span> 
     </span>
     <span class='ocr_line' id='line_1_29' title="bbox 165 2712 1060 2762; baseline 0.001 -3"><span class='ocrx_word' id='word_1_236' title='bbox 165 2712 481 2761; x_wconf 80' lang='lat' dir='ltr'><strong>observatione</strong></span> <span class='ocrx_word' id='word_1_237' title='bbox 500 2714 832 2762; x_wconf 85' lang='lat' dir='ltr'><strong>mandatorum</strong></span> <span class='ocrx_word' id='word_1_238' title='bbox 855 2721 1060 2762; x_wconf 88' lang='lat' dir='ltr'><strong>tuorum.</strong></span> 
     </span>
    </p>

    <p class='ocr_par' dir='ltr' id='par_1_9' title="bbox 231 2795 1048 2847">
     <span class='ocr_line' id='line_1_30' title="bbox 231 2795 1048 2847; baseline 0.006 -5"><span class='ocrx_word' id='word_1_239' title='bbox 231 2795 372 2843; x_wconf 88' lang='lat' dir='ltr'><strong>Mitte</strong></span> <span class='ocrx_word' id='word_1_240' title='bbox 390 2796 522 2844; x_wconf 83' lang='lat' dir='ltr'><strong>nobis</strong></span> <span class='ocrx_word' id='word_1_241' title='bbox 542 2797 777 2846; x_wconf 69' lang='lat' dir='ltr'><strong>aua‘ilium</strong></span> <span class='ocrx_word' id='word_1_242' title='bbox 797 2798 854 2847; x_wconf 86' lang='lat' dir='ltr'><strong>de</strong></span> <span class='ocrx_word' id='word_1_243' title='bbox 873 2798 1048 2847; x_wconf 82' lang='lat' dir='ltr'><strong>Sancto</strong></span> 
     </span>
    </p>

    <p class='ocr_par' dir='ltr' id='par_1_10' title="bbox 232 2877 833 2940">
     <span class='ocr_line' id='line_1_31' title="bbox 232 2877 833 2940; baseline 0.005 -14"><span class='ocrx_word' id='word_1_244' title='bbox 232 2877 307 2926; x_wconf 89' lang='lat' dir='ltr'><strong>Et</strong></span> <span class='ocrx_word' id='word_1_245' title='bbox 324 2878 380 2926; x_wconf 94' lang='lat' dir='ltr'><strong>de</strong></span> <span class='ocrx_word' id='word_1_246' title='bbox 398 2879 518 2927; x_wconf 88' lang='lat' dir='ltr'><strong>Sion</strong></span> <span class='ocrx_word' id='word_1_247' title='bbox 539 2897 556 2927; x_wconf 92' lang='lat'><em>:</em></span> <span class='ocrx_word' id='word_1_248' title='bbox 577 2887 704 2928; x_wconf 88' lang='lat' dir='ltr'><strong>tuere</strong></span> <span class='ocrx_word' id='word_1_249' title='bbox 718 2897 802 2930; x_wconf 87' lang='lat' dir='ltr'><strong>nos</strong></span> <span class='ocrx_word' id='word_1_250' title='bbox 812 2899 833 2940; x_wconf 77' lang='lat'><strong>,-</strong></span> 
     </span>
    </p>

    <p class='ocr_par' dir='ltr' id='par_1_11' title="bbox 230 2963 1094 3026">
     <span class='ocr_line' id='line_1_32' title="bbox 230 2963 1094 3026; baseline 0.005 -17"><span class='ocrx_word' id='word_1_251' title='bbox 230 2963 430 3011; x_wconf 88' lang='lat' dir='ltr'><strong>Domine</strong></span> <span class='ocrx_word' id='word_1_252' title='bbox 450 2964 625 3012; x_wconf 68' lang='lat' dir='ltr'><strong>exaudi</strong></span> <span class='ocrx_word' id='word_1_253' title='bbox 643 2965 899 3014; x_wconf 86' lang='lat' dir='ltr'><strong>orationem</strong></span> <span class='ocrx_word' id='word_1_254' title='bbox 922 2982 1094 3026; x_wconf 87' lang='lat' dir='ltr'><strong>meam,</strong></span> 
     </span>
    </p>

    <p class='ocr_par' dir='ltr' id='par_1_12' title="bbox 231 3046 976 3099">
     <span class='ocr_line' id='line_1_33' title="bbox 231 3046 976 3099; baseline 0.008 -5"><span class='ocrx_word' id='word_1_255' title='bbox 231 3046 305 3094; x_wconf 85' lang='lat' dir='ltr'><strong>Et</strong></span> <span class='ocrx_word' id='word_1_256' title='bbox 317 3048 493 3096; x_wconf 84' lang='lat' dir='ltr'><strong>clamor</strong></span> <span class='ocrx_word' id='word_1_257' title='bbox 511 3065 642 3097; x_wconf 89' lang='lat' dir='ltr'><strong>meus</strong></span> <span class='ocrx_word' id='word_1_258' title='bbox 663 3051 728 3098; x_wconf 87' lang='lat' dir='ltr'><strong>ad</strong></span> <span class='ocrx_word' id='word_1_259' title='bbox 745 3059 786 3099; x_wconf 87' lang='lat' dir='ltr'><strong>te</strong></span> <span class='ocrx_word' id='word_1_260' title='bbox 807 3051 976 3099; x_wconf 83' lang='lat' dir='ltr'><strong>veniat.</strong></span> 
     </span>
    </p>

    <p class='ocr_par' dir='ltr' id='par_1_13' title="bbox 234 3129 750 3195">
     <span class='ocr_line' id='line_1_34' title="bbox 234 3129 750 3195; baseline 0.012 -18"><span class='ocrx_word' id='word_1_261' title='bbox 234 3129 470 3184; x_wconf 75' lang='lat' dir='ltr'><strong>Dominus</strong></span> <span class='ocrx_word' id='word_1_262' title='bbox 497 3134 750 3195; x_wconf 78' lang='lat' dir='ltr'><strong>vobiscum,</strong></span> 
     </span>
    </p>

    <p class='ocr_par' dir='ltr' id='par_1_14' title="bbox 234 3211 731 3280">
     <span class='ocr_line' id='line_1_35' title="bbox 234 3211 731 3280; baseline 0.018 -23"><span class='ocrx_word' id='word_1_263' title='bbox 234 3211 306 3259; x_wconf 89' lang='lat' dir='ltr'><strong>Et</strong></span> <span class='ocrx_word' id='word_1_264' title='bbox 323 3229 429 3262; x_wconf 85' lang='lat' dir='ltr'><strong>eum</strong></span> <span class='ocrx_word' id='word_1_265' title='bbox 448 3217 615 3280; x_wconf 81' lang='lat' dir='ltr'><strong>spiritu</strong></span> <span class='ocrx_word' id='word_1_266' title='bbox 636 3226 731 3266; x_wconf 89' lang='lat' dir='ltr'><strong>tuo.</strong></span> 
     </span>
    </p>
   </div>
   <div class='ocr_carea' id='block_1_3' title="bbox 172 3360 1955 3533">
    <p class='ocr_par' dir='ltr' id='par_1_15' title="bbox 172 3360 1955 3533">
     <span class='ocr_line' id='line_1_36' title="bbox 222 3360 1952 3415; baseline -0.001 -18"><span class='ocrx_word' id='word_1_267' title='bbox 222 3360 257 3398; x_wconf 91' lang='lat'><strong>1.</strong></span> <span class='ocrx_word' id='word_1_268' title='bbox 286 3361 358 3396; x_wconf 86' lang='lat' dir='ltr'><strong>Sur</strong></span> <span class='ocrx_word' id='word_1_269' title='bbox 383 3366 476 3399; x_wconf 85' lang='lat' dir='ltr'><strong>cette</strong></span> <span class='ocrx_word' id='word_1_270' title='bbox 509 3363 607 3412; x_wconf 85' lang='lat' dir='ltr'><strong>ligue</strong></span> <span class='ocrx_word' id='word_1_271' title='bbox 629 3370 730 3403; x_wconf 85' lang='lat' dir='ltr'><strong>entre</strong></span> <span class='ocrx_word' id='word_1_272' title='bbox 750 3367 781 3403; x_wconf 84' lang='lat' dir='ltr'><strong>le</strong></span> <span class='ocrx_word' id='word_1_273' title='bbox 802 3368 914 3415; x_wconf 86' lang='lat' dir='ltr'><strong>Pape,</strong></span> <span class='ocrx_word' id='word_1_274' title='bbox 936 3367 989 3404; x_wconf 89' lang='lat' dir='ltr'><strong>les</strong></span> <span class='ocrx_word' id='word_1_275' title='bbox 1008 3367 1200 3404; x_wconf 80' lang='lat' dir='ltr'><strong>Venitiens</strong></span> <span class='ocrx_word' id='word_1_276' title='bbox 1225 3372 1261 3405; x_wconf 86' lang='lat' dir='ltr'><strong>et</strong></span> <span class='ocrx_word' id='word_1_277' title='bbox 1280 3366 1441 3404; x_wconf 76' lang='lat' dir='ltr'><strong>Lutlovic</strong></span> <span class='ocrx_word' id='word_1_278' title='bbox 1461 3365 1493 3402; x_wconf 91' lang='lat' dir='ltr'><strong>le</strong></span> <span class='ocrx_word' id='word_1_279' title='bbox 1512 3365 1625 3409; x_wconf 82' lang='lat' dir='ltr'><strong>More,</strong></span> <span class='ocrx_word' id='word_1_280' title='bbox 1647 3375 1732 3411; x_wconf 78' lang='lat' dir='ltr'><strong>voy.</strong></span> <span class='ocrx_word' id='word_1_281' title='bbox 1756 3362 1952 3400; x_wconf 81' lang='lat' dir='ltr'><strong>Infessura,</strong></span> 
     </span>
     <span class='ocr_line' id='line_1_37' title="bbox 172 3420 1955 3475; baseline -0.001 -20"><span class='ocrx_word' id='word_1_282' title='bbox 172 3420 209 3456; x_wconf 89' lang='lat' dir='ltr'><strong>d.</strong></span> <span class='ocrx_word' id='word_1_283' title='bbox 235 3420 385 3456; x_wconf 88' lang='lat' dir='ltr'><strong>Eccard.</strong></span> <span class='ocrx_word' id='word_1_284' title='bbox 408 3425 435 3467; x_wconf 91' lang='lat' dir='ltr'><strong>t,</strong></span> <span class='ocrx_word' id='word_1_285' title='bbox 458 3422 504 3468; x_wconf 90' lang='grc' dir='ltr'><strong>ΙΙ,</strong></span> <span class='ocrx_word' id='word_1_286' title='bbox 525 3422 593 3460; x_wconf 86' lang='lat' dir='ltr'><strong>col.</strong></span> <span class='ocrx_word' id='word_1_287' title='bbox 615 3426 710 3461; x_wconf 79' lang='lat'>2010</span> <span class='ocrx_word' id='word_1_288' title='bbox 730 3438 739 3462; x_wconf 74' lang='grc' dir='ltr'>ε</span> <span class='ocrx_word' id='word_1_289' title='bbox 762 3425 794 3462; x_wconf 90' lang='lat' dir='ltr'><strong>le</strong></span> <span class='ocrx_word' id='word_1_290' title='bbox 815 3425 1007 3464; x_wconf 76' lang='lat' dir='ltr'><strong>snmmaire</strong></span> <span class='ocrx_word' id='word_1_291' title='bbox 1027 3429 1092 3464; x_wconf 89' lang='lat' dir='ltr'><strong>des</strong></span> <span class='ocrx_word' id='word_1_292' title='bbox 1112 3427 1258 3465; x_wconf 84' lang='lat' dir='ltr'><strong>articles</strong></span> <span class='ocrx_word' id='word_1_293' title='bbox 1278 3426 1340 3475; x_wconf 91' lang='lat' dir='ltr'><strong>qui</strong></span> <span class='ocrx_word' id='word_1_294' title='bbox 1361 3426 1394 3463; x_wconf 91' lang='lat' dir='ltr'><strong>la</strong></span> <span class='ocrx_word' id='word_1_295' title='bbox 1408 3427 1622 3473; x_wconf 87' lang='lat' dir='ltr'><strong>composent</strong></span> <span class='ocrx_word' id='word_1_296' title='bbox 1635 3426 1692 3459; x_wconf 89' lang='lat' dir='ltr'><strong>est</strong></span> <span class='ocrx_word' id='word_1_297' title='bbox 1705 3422 1871 3469; x_wconf 80' lang='lat' dir='ltr'><strong>rapporte</strong></span> <span class='ocrx_word' id='word_1_298' title='bbox 1891 3429 1955 3466; x_wconf 87' lang='lat' dir='ltr'><strong>par</strong></span> 
     </span>
     <span class='ocr_line' id='line_1_38' title="bbox 176 3478 1950 3533; baseline -0.002 -15"><span class='ocrx_word' id='word_1_299' title='bbox 176 3479 320 3518; x_wconf 83' lang='lat' dir='ltr'><strong>Marino</strong></span> <span class='ocrx_word' id='word_1_300' title='bbox 348 3481 499 3518; x_wconf 88' lang='lat' dir='ltr'><strong>Sanudo</strong></span> <span class='ocrx_word' id='word_1_301' title='bbox 519 3483 612 3519; x_wconf 86' lang='lat' dir='ltr'><strong>dans</strong></span> <span class='ocrx_word' id='word_1_302' title='bbox 637 3482 671 3519; x_wconf 83' lang='lat' dir='ltr'><strong>le</strong></span> <span class='ocrx_word' id='word_1_303' title='bbox 700 3488 796 3521; x_wconf 86' lang='lat' dir='ltr'><strong>tome</strong></span> <span class='ocrx_word' id='word_1_304' title='bbox 821 3485 925 3521; x_wconf 88' lang='lat' dir='ltr'>XXII</span> <span class='ocrx_word' id='word_1_305' title='bbox 952 3486 1018 3523; x_wconf 88' lang='lat' dir='ltr'><strong>des</strong></span> <span class='ocrx_word' id='word_1_306' title='bbox 1043 3489 1127 3524; x_wconf 85' lang='lat' dir='ltr'><strong>Rer.</strong></span> <span class='ocrx_word' id='word_1_307' title='bbox 1154 3488 1237 3523; x_wconf 80' lang='lat' dir='ltr'><strong>Ital.</strong></span> <span class='ocrx_word' id='word_1_308' title='bbox 1266 3488 1401 3533; x_wconf 77' lang='lat' dir='ltr'><strong>Sci-ipe.</strong></span> <span class='ocrx_word' id='word_1_309' title='bbox 1431 3485 1476 3522; x_wconf 89' lang='lat' dir='ltr'><strong>de</strong></span> <span class='ocrx_word' id='word_1_310' title='bbox 1502 3481 1690 3527; x_wconf 83' lang='lat' dir='ltr'><strong>Muratori‚</strong></span> <span class='ocrx_word' id='word_1_311' title='bbox 1709 3479 1777 3516; x_wconf 88' lang='lat' dir='ltr'><strong>col.</strong></span> <span class='ocrx_word' id='word_1_312' title='bbox 1808 3478 1950 3514; x_wconf 78' lang='lat'>1250-1.</span> 
     </span>
    </p>
   </div>
  </div>
 </body>
</html>
