2216 3886
325 338 393 374 554
968 333 1201 370 ,JOHANNIS
1236 330 1530 374 BURCHARDI,
1883 331 1987 370 [Aoni
2012 332 2104 372 1499]

327 438 585 486 defunctus
609 452 718 483 cum
736 436 921 484 honore
945 434 1253 498 sepeliretur;
1272 433 1330 479 de
1352 445 1559 494 quorum
1577 431 1919 478 commissione
1938 431 2105 495 hujus-

329 521 457 570 modi
474 521 583 568 dedi
601 519 874 568 cursoribus
893 517 1112 566 cedulam
1128 514 1444 563 intimationis
1460 513 1825 572 fiendc,tenoris
1839 516 2098 577 sequentis:

398 605 467 649 Ex
507 606 641 664 parte
680 600 803 646 Rmi.
836 602 892 646 D.
933 597 1187 645 cardinalis
1223 595 1530 644 Alexandrini
1565 601 1607 644 et
1649 600 1703 643 R.
1743 599 1799 644 D.
1841 597 1978 645 electi
2017 600 2101 645 Es-

330 684 494 743 tensis,
527 688 842 730 executorum
867 680 1143 729 testamenti
1171 679 1295 727 bone
1326 679 1557 726 memorie
1581 679 1791 742 episcopi
1823 679 2100 728 Pisaurien-

327 767 409 825 sis,
434 765 719 813 cancellarie
739 764 1000 828 apostolice
1020 763 1248 826 regentis,
1272 762 1522 811 intimetur
1544 762 1768 809 omnibus
1789 762 2102 827 infrascriptis

327 848 612 897 officialibus
646 854 693 896 et
726 847 1058 907 conventibus,
1097 848 1224 911 quod
1247 847 1324 895 die
1356 847 1565 896 crastina
1594 863 1686 910 qne
1718 848 1807 895 erit
1837 847 2102 896 festivitatis

330 934 374 981 b.
410 932 559 980 Marie
593 931 805 994 virginis,
843 931 962 979 hora
996 947 1043 989 x,
1082 931 1226 979 velint
1260 946 1366 979 esse
1402 931 1449 978 in
1488 931 1632 979 domo
1666 947 1810 994 quam
1848 931 2104 995 episcopus

328 1016 571 1078 predictus
605 1013 871 1061 inhabitare
909 1013 1172 1072 consuevit,
1211 1013 1272 1061 ad
1302 1013 1640 1061 associandum
1670 1013 1780 1061 inde
1815 1028 1988 1076 corpus
2019 1013 2104 1061 de-

327 1098 478 1146 functi
511 1113 661 1161 usque
690 1098 751 1145 ad
779 1097 1037 1146 ecclesiam
1070 1097 1116 1145 b.
1145 1096 1293 1145 Marie
1327 1097 1385 1144 de
1423 1097 1623 1160 Populo,
1656 1096 1835 1145 ibidem
1867 1097 2105 1160 sepelien-

329 1184 470 1241 dum;
507 1181 860 1238 referendariis,
895 1180 1236 1243 protonotariis
1271 1179 1330 1228 de
1363 1179 1776 1243 participantibus,
1812 1179 2107 1227 auditoribus

333 1270 454 1325 rote,
492 1265 754 1314 correctori
786 1270 832 1314 et
863 1264 1294 1322 abbreviatoribus,
1325 1268 1422 1311 tam
1455 1263 1515 1311 de
1545 1258 1691 1326 parco
1727 1263 1930 1327 majore,
1967 1278 2109 1326 quam

333 1350 392 1397 de
415 1349 516 1397 aliis
539 1348 854 1412 scriptoribus
878 1347 1170 1411 apostoliciS,
1197 1347 1537 1410 protonotariis
1563 1347 1988 1406 contradictarum,
2014 1346 2108 1395 sol-

333 1433 651 1482 licitatoribus
667 1432 915 1480 literarum
935 1431 1324 1495 apostolicarum,
1351 1430 1611 1494 magistriS,
1636 1430 1821 1478 clericis
1844 1434 1890 1478 et
1911 1430 2109 1494 scripto-

334 1518 465 1566 ribus
488 1516 818 1580 registrorum,
844 1521 890 1564 et
909 1515 1106 1585 notariis
1127 1514 1314 1578 pala-tii3
1340 1514 1531 1562 RRmis.
1559 1516 1657 1561 DD.
1679 1513 2000 1561 cardinalibus
2021 1529 2107 1577 pro

335 1616 502 1648 eorum
521 1599 711 1647 familiis
730 1599 976 1648 mittendis
995 1598 1327 1662 Neapolitano,
1352 1614 1390 1645 s,
1410 1596 1592 1650 Crucis,
1616 1599 1861 1660 Capuano,
1884 1597 2104 1654 Senensi,

338 1684 621 1742 camerario,
647 1683 956 1730 conventibus
978 1682 1205 1740 Minerve,
1229 1681 1434 1740 Araceli,
1461 1697 1499 1728 s.
1524 1680 1796 1743 Augustini,
1823 1679 1882 1726 de
1906 1679 2105 1743 Populo,

337 1768 712 1825 carmelitarum,
738 1781 983 1814 servorum
1017 1768 1069 1813 B.
1095 1764 1260 1824 Mar-ie,
1287 1763 1610 1812 confratribus
1640 1762 1892 1826 hospitalis
1925 1778 1963 1810 s.
1995 1764 2109 1810 Am-

337 1852 479 1899 brosii
503 1850 901 1899 Lombardorum.

398 1935 535 1983 Feria
550 1935 730 1997 quinta,
759 1938 814 1981 15
834 1934 946 1982 dicti
965 1934 1146 1981 mensis
1163 1933 1368 1996 augusti,
1387 1933 1508 1980 festo
1527 1932 1870 1996 assumptionis
1888 1933 1936 1980 b.
1957 1932 2106 1980 Marie

333 2018 546 2082 virginiS,
581 2017 707 2065 circa
734 2018 905 2065 horam
931 2033 999 2064 xn
1027 2022 1269 2080 portatum
1295 2016 1382 2064 fuit
1408 2032 1581 2080 corpus
1613 2015 1826 2064 defuncti
1859 2014 1918 2062 ad
1950 2015 2108 2064 eccle-

331 2102 450 2148 siam
477 2106 740 2149 conventus
765 2100 984 2164 ejusdem
1011 2101 1058 2147 b.
1083 2100 1230 2147 Marie
1259 2099 1316 2146 de
1339 2098 1521 2162 Populo
1550 2098 1881 2162 sepeliendum
1904 2097 2099 2147 ibidem.

333 2185 654 2232 tnterfuerunt
683 2185 853 2232 fratres
884 2183 1090 2242 Araceli,
1129 2199 1167 2230 s.
1204 2182 1458 2245 Augustini
1489 2187 1536 2229 et
1567 2182 1625 2229 de
1659 2181 1863 2244 Populo3
1898 2182 1975 2229 alii
2007 2195 2102 2228 non

329 2272 561 2316 venerunt
588 2284 654 2315 xn
682 2267 916 2330 capellam
948 2266 1256 2314 fraternitatis
1285 2282 1323 2313 s.
1354 2264 1596 2312 Ambrosii
1624 2265 1674 2311 in
1703 2263 1883 2323 medio,
1914 2268 1958 2312 et
1987 2279 2104 2327 qua-

334 2355 443 2398 tuor
475 2350 646 2398 fratres
680 2350 739 2398 de
775 2349 956 2413 Populo
992 2355 1120 2406 ante,
1153 2353 1200 2395 et
1230 2352 1357 2396 retro
1391 2348 1503 2395 hinc
1538 2351 1585 2395 et
1617 2347 1728 2394 inde
1763 2352 2103 2410 processerunt

330 2434 564 2482 intortitia
591 2433 929 2496 quadraginta;
965 2433 1115 2480 secuti
1139 2436 1246 2478 sunt
1276 2430 1417 2478 funus
1446 2430 1622 2478 funesti
1650 2447 1762 2489 xlm,
1789 2445 1909 2493 quos
1932 2445 2105 2493 seque—

330 2517 502 2565 bantur
531 2517 697 2580 prelati
726 2533 758 2563 x
785 2521 830 2564 et
853 2515 1054 2563 curiales
1077 2515 1231 2573 multi,
1258 2529 1426 2562 omnes
1455 2518 1721 2576 equestres.
1754 2514 2037 2578 Dispensate
2060 2519 2106 2562 et

331 2600 581 2648 distribute
601 2600 792 2647 fuerunt
810 2615 869 2647 xc
885 2599 1006 2646 libre
1027 2598 1335 2646 candelarum
1354 2613 1606 2661 parvarum
1626 2602 1673 2644 et
1691 2614 1753 2644 xx
1772 2597 1927 2646 facule
1947 2596 2104 2645 medie

329 2683 449 2730 libre
480 2682 554 2731 vel
586 2683 729 2730 circa.
762 2686 813 2730 ln
846 2682 1051 2730 ecclesia
1077 2697 1173 2729 non
1200 2681 1365 2728 habita
1392 2685 1465 2728 est
1493 2680 1662 2739 oratio,
1696 2680 1782 2727 sed
1809 2681 1972 2728 omnia
1998 2686 2106 2729 acta

332 2770 441 2813 sunt
462 2782 596 2813 more
626 2769 876 2823 consueto,
903 2765 1029 2811 dicto
1054 2763 1360 2827 responsorio
1382 2763 1503 2810 libro
1526 2778 1613 2826 per
1633 2762 1802 2811 fratres
1823 2763 1871 2810 in
1899 2763 2102 2812 ecclesia

331 2863 440 2894 cum
467 2849 563 2894 suis
592 2847 852 2899 versiculis,
889 2851 932 2894 et
957 2846 1172 2894 oratione
1201 2845 1435 2907 capellani
1460 2846 1866 2894 confraternitatis
1887 2846 2100 2910 predicte

332 2930 445 2976 illud
480 2929 771 2992 replicarunt
805 2944 913 2975 cum
950 2929 1131 2976 eisdem
1166 2927 1410 2974 versiculis
1444 2933 1490 2975 ct
1522 2928 1758 2988 oratione,
1793 2928 1973 2992 absque
2004 2929 2104 2993 plu-

332 3013 437 3060 viali
458 3018 505 3060 et
526 3013 814 3070 inordinate,
841 3017 890 3058 ut
914 3012 1084 3059 solent.

397 3095 574 3143 Eadem
597 3095 689 3154 die,
713 3094 840 3142 circa
860 3094 1131 3152 meridiem,
1158 3094 1379 3142 obierunt
1401 3096 1455 3141 D.
1484 3095 1707 3142 Nicolaus
1729 3096 1787 3143 de
1812 3096 2099 3155 LathoriviS,

332 3177 693 3241 penitentiarius
722 3179 848 3240 Pape
880 3192 965 3240 pro
996 3176 1188 3223 natione
1222 3176 1450 3225 Polonica
1480 3182 1526 3225 et
1558 3179 1931 3241 penitentiarum
1965 3179 2104 3227 deca-

332 3276 437 3313 nus,
463 3266 509 3307 et
534 3263 587 3307 D.
614 3260 868 3308 Baldassar
895 3259 953 3307 de
977 3259 1249 3319 Blandrate,
1274 3260 1520 3308 literarum
1545 3277 1582 3309 s.
1608 3263 1944 3325 penitentiarie
1966 3277 2104 3326 apos-

333 3343 473 3390 tolice
496 3343 716 3406 scriptor,
746 3343 968 3405 antiquus
991 3342 1201 3401 curialis,
1232 3359 1437 3406 qnorum
1461 3340 1676 3392 omnium
1705 3346 1862 3394 anime
1892 3345 2104 3407 requies-

334 3431 443 3472 cant
465 3425 510 3471 in
535 3427 675 3487 pace!
