2216 3886
299 307 369 342 578
747 354 750 357 Δ
906 306 1136 343 ,IOHANNIS
1169 306 1463 350 BURCHARDI,
1742 308 1956 347 [Novembre
1977 310 2070 348 1499]

302 407 362 456 ad
382 407 628 456 basilicam
649 411 700 454 ut
722 407 1041 470 baptizaretur
1062 411 1321 470 portatum,
1352 411 1402 454 ut
1430 407 1688 469 prefertur,
1721 413 1883 456 secute
1917 411 2061 474 [sunt]

298 494 409 555 post
427 491 638 555 prelatos
659 488 885 537 mulieres
907 492 1141 548 Romane,
1173 504 1331 547 senes,
1357 489 1560 553 juvenes
1588 493 1635 538 et
1660 489 1869 554 virgines
1898 507 1990 555 que
2014 510 2065 542 se

298 573 578 621 locaverunt
602 571 650 617 in
675 571 861 634 capella
882 571 999 619 Sixti
1021 571 1082 619 ad
1110 571 1251 620 sedes
1279 571 1622 620 eminentiores
1642 572 1756 621 hinc
1783 577 1830 621 et
1855 573 1992 632 inde;
2024 580 2071 623 et

300 655 567 703 cardinales
596 653 828 702 sederunt
859 654 907 701 in
940 654 1149 703 scabello
1185 655 1434 702 tertiarum
1467 659 1515 704 et
1549 655 1824 704 ultimarum
1860 656 2067 718 sedium,

298 739 447 802 pedes
470 753 613 802 super
635 741 811 786 terram
833 742 1074 789 tenentes.

364 820 502 868 Feria
539 820 695 880 tertia,
740 824 796 868 12
833 816 1122 881 novembriS,
1162 825 1217 870 R.
1256 822 1306 869 in
1342 821 1530 869 Christo
1565 823 1707 870 Pater
1739 824 1796 871 D.
1838 822 2072 872 Henricus
2146 837 2150 841 ’

299 907 690 972 archiepiscopus
718 908 1002 957 Tarentinus
1025 910 1072 956 et
1091 907 1346 956 Accursius
1368 908 1427 955 de
1449 910 1607 969 Petra,
1639 907 1802 956 clerici
1824 907 1949 956 sacri
1971 907 2071 956 col-

296 988 409 1054 legii
443 993 733 1039 RRmorum.
771 994 870 1039 DD.
905 990 1237 1052 cardinalium,
1275 990 1589 1050 donaverunt,
1621 991 1817 1040 nomine
1852 990 2071 1055 ejusdem

299 1073 506 1138 collegii,
540 1075 1007 1139 predicte'Lucretie
1040 1090 1277 1139 puerpere
1310 1074 1428 1123 duas
1459 1074 1789 1124 confectereas
1817 1078 2071 1138 argenteas

298 1174 407 1207 cum
440 1175 534 1207 Mcc
564 1159 751 1208 ducatis
780 1160 890 1208 loco
922 1159 1300 1218 confectionum,
1337 1159 1520 1208 scilicet
1549 1169 1617 1206 Vl⁰
1647 1157 1846 1205 ducatos
1877 1156 1927 1204 in
1957 1172 2073 1220 qua-

295 1241 428 1301 libet,
466 1258 576 1290 cum
611 1247 772 1291 tamen
804 1243 965 1292 nullus
997 1242 1330 1304 cardinalium,
1368 1243 1470 1291 solo
1500 1240 1815 1305 Neapolitano
1853 1240 2067 1304 demptO,

297 1324 441 1374 fuerit
461 1326 533 1374 vel
556 1326 615 1375 sit
637 1332 900 1391 compater.

363 1408 698 1472 Superioribus
722 1410 906 1470 diebus,
932 1411 1084 1459 Turce
1106 1410 1382 1458 invaserunt
1401 1409 1779 1474 patriarchatum
1800 1409 2071 1473 Aquileien-

296 1507 398 1540 sem
420 1491 617 1540 dominii
642 1496 939 1559 Venetorum
961 1499 1009 1542 et
1028 1495 1162 1542 illum
1184 1494 1610 1558 depopulaverunt,
1635 1493 1766 1541 villas
1789 1492 2070 1541 combusse-

295 1579 405 1622 runt
432 1581 479 1623 et
498 1592 675 1640 magna
695 1576 868 1632 damna
892 1577 1176 1635 intulerunt;
1198 1577 1326 1625 idem
1353 1577 1572 1626 fecerunt
1596 1576 1780 1626 duabus
1801 1576 1921 1624 villis
1943 1592 2070 1626 sere-

293 1658 477 1707 nissimi
500 1662 825 1708 Romanorum
846 1661 972 1724 regis
995 1660 1344 1725 adjacentibus.

357 1743 496 1791 Feria
516 1749 701 1807 quarta,
731 1747 787 1792 13
810 1744 922 1792 dicti
944 1744 1123 1793 mensis
1145 1743 1436 1802 novembris,
1460 1743 1585 1791 lecte
1605 1743 1799 1791 fuerunt
1819 1742 1867 1789 in
1885 1741 2067 1791 consis-

292 1825 416 1872 torio
445 1831 632 1874 secreto
655 1828 861 1890 quedam
888 1828 1108 1876 confecte
1131 1827 1351 1891 epistole,
1381 1826 1544 1876 nescio
1567 1827 1655 1875 sub
1683 1827 1819 1890 cujus
1849 1826 2062 1887 1101111110,

292 1908 468 1971 scripte
496 1908 554 1957 de
576 1913 747 1974 tregua
773 1911 898 1959 facta
923 1911 1048 1960 inter
1076 1910 1441 1959 serenissimum
1468 1927 1635 1975 regem
1662 1913 1989 1958 Romanorum
2018 1914 2067 1956 et

292 2005 459 2055 regem
480 1993 679 2042 Francie
702 1995 762 2042 ad
782 2011 1002 2044 mensem
1023 1995 1187 2059 aprilis
1209 1995 1426 2058 proxime
1449 1994 1680 2043 futurum.

354 2075 494 2123 Feria
514 2077 742 2137 secunda,
771 2082 827 2126 18
850 2078 1140 2138 novembris,
1166 2081 1222 2126 D.
1250 2082 1395 2128 Cesar
1415 2076 1590 2141 Borgia
1607 2076 1665 2124 de
1686 2075 1940 2140 Aragonia,
1966 2075 2062 2125 dux

288 2155 593 2217 Valentinus,
633 2159 759 2207 filius
795 2163 941 2225 Pape,
982 2162 1097 2211 olim
1135 2161 1389 2210 cardinalis
1428 2159 1736 2218 Valentinus,
1776 2174 1866 2222 per
1902 2163 2065 2222 portas

287 2239 672 2302 caballariorum,
711 2258 821 2292 cum
855 2260 951 2293 uno
986 2245 1252 2295 camerario
1290 2249 1337 2293 et
1369 2244 1516 2292 fratre
1550 2241 1794 2306 quondam
1829 2240 2063 2289 Johannis

285 2323 492 2372 Maradis
531 2324 671 2374 electi
708 2328 961 2388 Tullensis‚
1002 2335 1188 2378 secrete
1227 2328 1368 2378 rediit
1403 2327 1464 2375 ad
1500 2326 1697 2384 Urbem,
1738 2324 1799 2372 ad
1833 2324 2065 2388 palatium

285 2407 431 2471 Pape,
463 2424 571 2457 cum
600 2426 693 2473 quo
722 2413 897 2462 mansit
928 2430 1077 2477 usque
1109 2414 1169 2462 ad
1200 2414 1328 2462 diem
1358 2411 1485 2460 Jovis
1517 2413 1572 2459 21
1610 2409 1723 2458 dicti
1751 2407 1950 2466 mensis,
1985 2407 2066 2470 qui

283 2490 334 2538 in
354 2507 495 2541 mane
517 2495 736 2555 recessit,
769 2502 815 2545 et
843 2502 1028 2546 secrete
1057 2498 1323 2546 associatus
1351 2512 1378 2544 a
1405 2495 1627 2559 gentibus
1656 2496 1801 2557 Pape,
1833 2491 2061 2555 equitavit

282 2590 446 2624 versus
467 2575 668 2626 Imolam
697 2596 842 2643 quam
868 2580 1037 2645 parum
1059 2586 1169 2645 post
1188 2581 1424 2630 violenter
1445 2578 1534 2627 sibi
1557 2576 1745 2640 subegit
1771 2591 1882 2624 cum
1903 2577 2061 2623 castro

282 2663 329 2707 et
355 2660 479 2709 filios
510 2664 751 2725 quondam
785 2667 842 2713 D,
881 2665 1159 2730 Hieronymi
1194 2664 1338 2713 Riarii
1365 2662 1573 2721 comitis,
1607 2663 1810 2724 nepotes
1837 2657 1963 2706 Rmi.
1997 2660 2053 2706 D.

281 2743 535 2792 cardinalis
561 2762 599 2794 5.
632 2747 825 2811 Georgii
847 2747 1067 2811 ejusdem
1089 2747 1289 2795 civitatis
1318 2745 1538 2794 dominos
1559 2742 1792 2792 violenter
1813 2737 2048 2804 spoliavit.

348 2825 527 2875 Eadem
567 2829 642 2877 die
674 2830 821 2893 jovis,
864 2836 974 2894 post
1011 2830 1289 2894 prandium,
1329 2828 1458 2876 idem
1499 2830 1665 2883 Rmus.
1710 2828 1768 2872 D.
1805 2819 2058 2872 cardinalis

283 2909 510 2972 equitavit
542 2927 651 2959 cum
685 2913 782 2961 suis
816 2913 877 2960 ad
911 2913 1241 2972 venationem3
1279 2915 1327 2960 et
1359 2926 1470 2959 cum
1504 2912 1633 2957 esset
1665 2921 1815 2971 prope
1847 2909 2057 2954 castrum

279 2992 471 3054 Jubilei,
500 2994 685 3043 remisit
711 2995 771 3044 ad
792 2996 971 3045 Urbem
997 2995 1251 3044 Cardillam
1283 2993 1604 3043 camerarium
1637 3007 1776 3039 suum
1809 3005 1920 3038 cum
1949 2987 2058 3052 plu-

279 3075 408 3124 ribus
445 3077 503 3126 de
538 3095 623 3127 sua
661 3079 843 3129 familia
881 3095 1046 3129 secum
1081 3077 1414 3127 existentibus.
1453 3079 1559 3141 Ipse
1597 3079 1759 3129 autem
1794 3069 2056 3122 cardinalis

281 3173 391 3206 cum
412 3161 577 3223 paucis
600 3162 824 3226 equitavit
844 3163 904 3212 ad
923 3165 1137 3212 Montem
1159 3161 1453 3210 Rotundum.

345 3245 397 3290 ln
425 3260 533 3294 sero
565 3246 783 3310 ejusdem
807 3246 918 3306 diei,
945 3245 1137 3312 quidam
1159 3244 1445 3308 Thomasius
1474 3242 1532 3291 de
1555 3240 1811 3301 Forolivio,
1837 3239 2050 3289 musicus

278 3326 423 3390 Pape,
448 3342 557 3376 cum
581 3330 712 3379 50010
734 3346 820 3379 5110
849 3330 973 3395 capti
999 3330 1191 3379 fuerunt
1220 3334 1266 3378 et
1296 3328 1358 3378 ad
1387 3330 1604 3376 Castrum
1633 3343 1672 3375 5.
1703 3323 1895 3389 Angeli,
1929 3321 2058 3371 ducti

278 3413 325 3457 et
356 3409 655 3463 incarcerati.
688 3415 774 3464 Hic
804 3411 1087 3465 Thomasius
1109 3417 1312 3464 Romam
1342 3416 1537 3462 venerat
1568 3426 1677 3460 cum
1707 3408 1851 3460 certis
1881 3403 2052 3455 litteris
