2222 3926
135 341 243 384 [Aoni
263 341 358 382 1496]
566 340 737 379 RERUM
768 340 1073 379 URBANARUM
1106 340 1454 380 COMMENTARII.
1848 346 1914 385 311

137 462 231 510 que
248 461 335 510 per
352 460 436 494 eos
455 448 683 494 annotata
703 444 813 494 duci
828 448 1169 509 presentarunt
1187 459 1296 493 cum
1316 444 1586 510 adjectione
1607 450 1770 495 tamen
1789 449 1919 510 quod

137 529 254 594 ipsis
274 545 579 592 nequaquam
599 529 839 578 videretur
859 529 1033 578 ducem
1054 529 1103 576 in
1119 529 1400 593 receptione
1421 529 1567 593 legati
1591 546 1650 578 ex
1669 546 1791 593 equo
1813 531 1919 580 des-

137 613 348 661 cendere
375 612 577 670 debere;
602 612 733 676 quod
750 628 841 677 ego
864 629 923 662 ex
943 612 1290 661 deliberatione
1314 612 1595 676 hujusmodi
1625 613 1917 677 receptionis

135 695 357 744 cedulam
386 711 473 759 per
499 698 557 744 D.
582 696 849 744 Mattheum
873 700 936 760 (1)
958 696 1171 755 Calcum,
1200 695 1419 744 ducalem
1451 696 1770 744 secretarium
1797 696 1916 744 mihi

138 778 315 827 lectam
345 779 635 842 intelligens,
660 780 774 843 petii
797 784 844 829 et
865 780 1047 829 obtinui
1068 796 1096 827 a
1116 780 1238 828 duce
1257 794 1335 827 me
1356 779 1533 837 audiri3
1559 779 1635 827 cui
1663 779 1759 827 dixi
1786 779 1917 828 ordi-

136 863 384 911 nationem
427 863 719 926 receptionis
751 864 895 927 legati
941 868 989 912 et
1031 879 1172 912 suum
1205 863 1456 924 decretum
1493 863 1692 922 vidisse,
1731 878 1787 911 ac
1819 878 1916 911 uno

136 946 352 1010 dempto,
376 946 423 993 in
446 946 670 994 omnibus
692 947 904 1010 placere,
924 947 973 995 in
1004 963 1062 996 eo
1092 947 1312 996 videlicet
1338 961 1437 995 non
1461 946 1653 1011 placere
1681 961 1777 1011 quo
1805 961 1918 995 con-

138 1029 331 1080 siliariis
360 1029 607 1084 videretur
637 1030 799 1093 legato
830 1047 889 1079 ex
919 1046 1044 1094 equo
1066 1026 1459 1079 descendendum
1480 1045 1578 1078 non
1608 1047 1740 1091 esse;
1771 1038 1835 1090 et,
1868 1035 1917 1079 ut

135 1129 305 1162 eorum
333 1112 383 1160 in
408 1113 503 1161 hoc
531 1128 748 1162 errorem
780 1113 1107 1170 ostenderem,
1134 1114 1331 1163 recitavi
1349 1113 1590 1162 recordari
1618 1130 1695 1163 me
1726 1114 1918 1163 Federi-

133 1213 243 1246 cum
267 1197 477 1256 tertium,
497 1201 825 1246 Romanorum
848 1198 1193 1262 imperatorem
1211 1198 1412 1257 Niceno,
1430 1199 1632 1246 Senensi
1647 1203 1694 1248 et
1712 1215 1751 1246 S.
1768 1199 1916 1247 Marci

133 1282 453 1331 cardinalibus
480 1282 651 1346 legatis
682 1282 871 1330 obviam
900 1283 1089 1331 venisse
1112 1282 1199 1342 (2),
1224 1289 1271 1332 et
1299 1299 1358 1331 ex
1390 1299 1515 1347 equo
1545 1282 1758 1347 singulos
1785 1283 1916 1346 ipsos

133 1366 464 1425 descendisse,
495 1371 542 1414 et
562 1371 847 1414 veneranter
873 1381 957 1414 eos
993 1381 1082 1430 pro
1104 1366 1292 1415 honore
1316 1366 1442 1414 sedis
1462 1366 1726 1430 apostolice
1757 1380 1919 1413 susce-

132 1451 288 1515 pisse:
319 1451 446 1500 bone
472 1449 708 1498 memorie
737 1449 982 1498 Galeatius
1010 1449 1222 1513 quintus,
1247 1449 1343 1497 dux
1366 1449 1641 1508 Mediolani,
1666 1464 1793 1497 anno
1815 1450 1912 1507 LX,

133 1533 258 1582 venit
290 1533 478 1582 obviam
508 1533 635 1582 bone
669 1533 904 1581 memorie
939 1549 978 1580 s.
1010 1532 1128 1581 Sixti
1161 1533 1445 1598 presbytero
1477 1532 1728 1590 cardinali,
1752 1531 1914 1594 legato

131 1616 459 1667 Mediolanum
490 1617 664 1677 misso;
686 1617 832 1681 quod,
865 1617 976 1666 licet
996 1617 1231 1676 viderem,
1253 1633 1349 1665 non
1372 1621 1535 1666 tamen
1557 1615 1739 1664 adverti
1766 1631 1826 1663 an
1855 1631 1915 1663 ex

134 1717 260 1765 equo
293 1701 616 1751 descenderit.
652 1701 922 1750 Potuissem
943 1704 1106 1750 tamen
1127 1700 1369 1750 addidisse
1388 1700 1517 1764 quod
1538 1701 1640 1764 ipse
1669 1699 1911 1748 Galeatius

138 1784 251 1843 dux,
277 1800 387 1832 cum
409 1785 623 1850 prefatus
644 1785 853 1834 Nicenus
874 1784 1149 1844 cardinalis,
1171 1785 1359 1848 legatus
1383 1785 1443 1832 ad
1464 1784 1718 1832 Franciam
1740 1783 1910 1841 iturus,

129 1867 455 1916 Mediolanum
470 1868 801 1932 pertransiret,
828 1868 917 1916 sibi
931 1868 1058 1916 venit
1074 1868 1261 1918 obviam
1279 1883 1368 1932 per
1383 1868 1521 1932 plura
1534 1867 1759 1915 milliaria
1780 1871 1914 1914 extra

132 1952 328 2012 Urbem,
356 1958 402 2001 et
427 1953 588 2017 legato
614 1952 732 2011 viso,
758 1952 1008 2000 descendit
1035 1968 1093 2001 ex
1115 1967 1258 2015 equ0,
1285 1951 1430 1999 etiam
1455 1955 1674 2014 tempore
1695 1949 1913 2014 pluvioso

131 2041 177 2084 et
197 2035 356 2084 lutoso
377 2042 426 2084 et
442 2052 530 2100 per
545 2036 707 2100 plures
728 2052 898 2099 passus
919 2036 1123 2100 pedibus
1143 2034 1375 2105 incedens
1397 2050 1507 2082 eum
1529 2033 1736 2082 accessit
1755 2034 1913 2081 humi-

129 2119 239 2168 liter
259 2123 306 2168 et
326 2113 622 2168 reverenter.
646 2122 748 2168 Hoc
769 2119 956 2182 prefato
983 2120 1095 2167 duci
1118 2118 1357 2167 Ludovico
1379 2118 1539 2178 retuli,
1561 2133 1658 2166 non
1682 2123 1909 2181 tanquam

130 2202 219 2250 sibi
245 2203 406 2266 legem
437 2202 636 2252 daturus
665 2204 750 2251 sed
776 2209 827 2251 ut
862 2219 948 2251 sua
974 2203 1272 2252 Excellentia
1299 2203 1358 2251 de
1381 2202 1694 2251 consiliorum
1716 2217 1914 2250 suorum

124 2286 308 2349 judicio
330 2291 378 2335 et
407 2286 603 2336 decreto
624 2287 805 2336 rectius
832 2291 998 2350 posset
1028 2291 1076 2336 et
1102 2286 1365 2352 perfectius
1383 2286 1621 2350 judicare.
1647 2285 1913 2350 Respondit

130 2369 250 2419 mihi
281 2369 377 2418 dux
405 2370 498 2418 hec
525 2370 600 2419 vel
633 2371 810 2419 similia
835 2372 982 2420 verba
1012 2390 1020 2419 :
1052 2392 1075 2415 «
1103 2371 1334 2435 Magister
1362 2370 1768 2430 ceremoniarum,
1793 2370 1915 2418 hab-

131 2453 290 2502 biamo
323 2453 552 2502 mandato
585 2454 619 2501 il
651 2455 980 2518 protonotario
1016 2456 1076 2503 de
1119 2455 1277 2519 Nigris
1313 2454 1717 2503 reverendissimo
1752 2454 1913 2517 legato

129 2554 219 2603 per
246 2538 500 2587 intendere
538 2538 698 2601 quello
730 2539 819 2586 che
856 2537 1116 2586 habbiamo
1149 2553 1179 2586 a
1209 2538 1281 2586 far
1312 2538 1392 2585 noi
1426 2538 1476 2585 in
1505 2538 1748 2585 honorare
1780 2537 1912 2584 detto

128 2622 290 2685 legato
319 2621 400 2687 (3).
426 2621 680 2670 Crediamo
710 2637 809 2670 non
840 2621 1068 2669 habbiate
1102 2621 1198 2668 mai
1231 2621 1406 2669 veduto
1440 2623 1575 2668 Duca
1603 2620 1651 2668 di
1678 2620 1855 2668 Milano
1880 2620 1913 2667 il

130 2705 271 2769 quale
303 2705 480 2753 habbia
503 2705 621 2753 fatto
652 2704 812 2768 quello
835 2705 926 2753 che
955 2704 1216 2753 habbiamo
1238 2704 1357 2752 fatto
1387 2704 1494 2763 noi3
1520 2719 1607 2768 per
1633 2708 1802 2767 questo
1825 2719 1912 2768 po-

130 2793 227 2837 tete
256 2789 569 2852 persuadervi
599 2788 690 2837 che
724 2788 879 2836 anche
914 2789 964 2836 in
985 2792 1169 2852 -questo
1206 2804 1303 2836 non
1339 2787 1602 2836 habbiamo
1632 2787 1835 2851 bisogno
1865 2788 1912 2835 di

131 2876 313 2920 mastro
334 2872 381 2920 di
399 2872 697 2921 ceremonie.
720 2871 954 2921 Andatevi
977 2887 1069 2920 con
1091 2872 1198 2920 Dio.
1224 2892 1246 2916 »
1271 2871 1592 2921 Intersuerunt
1611 2871 1911 2935 responsioni

129 2955 411 3019 hujusmodi
453 2956 645 3004 ducissa
687 2956 970 3015 Mediolani,
1017 2955 1262 3005 secretarii
1307 2961 1355 3004 et
1402 2955 1525 3003 forte
1559 2971 1586 3004 L
1619 2955 1695 3003 vel
1737 2971 1796 3003 Lx
1828 2960 1910 3003 aut

131 3039 260 3087 circa
279 3040 376 3088 alii.
400 3042 504 3096 Qua
522 3039 704 3099 habita,
729 3055 1031 3103 cognoscens
1046 3039 1258 3087 coleram
1281 3039 1434 3100 duciS,
1459 3039 1641 3102 absque
1660 3039 1753 3087 alia
1771 3038 1910 3103 repli-

129 3123 337 3182 catione,
356 3124 555 3171 recessi.

178 3235 211 3271 1.
243 3230 540 3278 Bartholomeus,
560 3232 652 3269 dans
671 3234 721 3272 M.
744 3234 895 3280 Sanuto,
918 3236 1055 3280 Diarii,
1076 3239 1102 3272 t.
1127 3235 1155 3279 Ι,
1174 3233 1242 3271 col.
1264 3233 1346 3269 304.

174 3295 210 3331 2.
242 3307 261 3326 «
347 3291 592 3328 cardinalibus
611 3291 742 3341 legatis
763 3294 969 3331 successive
989 3295 1035 3330 ad
1054 3305 1138 3330 eum
1154 3292 1385 3330 venientibus
1406 3291 1549 3328 obviam
1562 3292 1785 3331 venisse...»
1809 3292 1905 3340 (149.

131 3353 156 3390 f.
175 3353 258 3390 319.
280 3364 315 3390 V.

182 3412 218 3450 3.
249 3427 268 3446 «
292 3353 332 3450 υ)
358 3410 480 3460 quella
506 3411 538 3447 si
563 3411 611 3448 ha
635 3413 682 3449 da
705 3413 778 3450 fare
797 3425 862 3462 per
886 3413 911 3449 li
937 3413 1055 3450 nostri
1080 3413 1117 3449 id
1144 3414 1367 3449 honorare...
1397 3424 1415 3448 e
1437 3415 1558 3460 potete
1578 3411 1812 3460 persuadervi
1839 3410 1905 3446 che

131 3471 245 3508 anche
265 3471 303 3508 in
322 3475 454 3520 questo
474 3482 640 3519 sapremo
660 3471 726 3508 che
745 3472 818 3510 fare
835 3485 843 3510 :
865 3483 939 3509 non
958 3471 1153 3508 habbiamo
1160 3487 1256 3510 .....
1274 3471 1354 3516 149,
1377 3470 1401 3506 f.
1424 3471 1506 3508 320.
