2202 3900
150 337 262 379 [Mars
283 337 378 378 1497]
607 335 776 374 RERUM
804 335 1106 374 URBANARUM
1124 334 1487 372 *COMMENTAfflL
1869 325 1938 376 5357

151 438 642 497 ranensem‚'intravit
677 439 856 488 Urbem
892 437 1180 503 magnificus
1214 440 1272 486 D.
1306 437 1620 486 Gondisalvus
1648 440 1936 490 Ferdinandi

154 522 434 587 capitaneus
473 523 689 587 gentium
727 522 1021 572 serenissimi
1067 522 1195 586 regis
1239 522 1288 568 in
1328 536 1480 585 regno
1512 521 1671 570 Sicilie
1702 523 1933 583 existens,

153 606 417 655 associatus
458 622 486 654 a
524 606 716 654 familiis
756 611 804 654 et
842 605 1037 670 prelatis
1077 609 1204 669 Pape
1242 610 1289 654 et
1329 605 1662 666 cardinalium,
1709 607 1935 671 equitavit

155 689 343 737 medius
374 688 498 737 inter
524 689 918 737 illustrissimum.
945 692 1001 737 D.
1025 689 1315 746 Johannem,
1349 688 1524 735 ducem
1553 689 1757 749 Gandie,
1782 690 1934 739 filium

155 775 302 836 Pape,
327 787 355 820 a
383 772 580 841 dextris,
612 777 660 821 et
688 776 744 821 D.
780 773 1052 821 ‚Iohannem
1085 771 1329 831 Sfortiam,
1368 774 1424 820 D.
1460 772 1643 820 Pisauri
1672 790 1700 822 a
1728 774 1935 824 sinistris

155 871 242 918 per
264 847 498 920 Campum
527 856 667 904 Flore
695 860 827 905 recta
852 856 928 904 via
951 855 1011 903 ad
1040 854 1270 918 palatium
1298 854 1635 918 apostolicum,
1654 856 1736 904 ubi
1758 859 1933 906 mansit

155 954 265 986 cum
301 939 530 1002 pontifice
562 955 715 1003 usque
749 939 810 987 ad
839 939 1001 1003 plures
1041 938 1188 986 horas
1218 938 1374 986 noctis
1416 955 1424 983 :
1465 938 1576 986 inde
1608 939 1839 1002 equitavit
1877 942 1936 989 ad

153 1022 352 1070 domum
377 1023 581 1071 oratoris
608 1023 810 1087 predicti
849 1038 961 1070 cum
997 1037 1092 1085 quo
1119 1021 1389 1085 hospitatus
1423 1026 1496 1069 est
1526 1038 1680 1086 usque
1718 1023 1779 1072 ad
1807 1024 1935 1072 diem

152 1106 337 1166 martis,
363 1109 418 1154 21
452 1106 564 1154 dicti
592 1107 791 1166 mensis,
823 1123 918 1170 qua
948 1105 1149 1154 recessit
1176 1105 1235 1154 ab
1264 1105 1391 1153 Urbe
1419 1105 1573 1153 iturus
1602 1107 1663 1154 ad
1690 1107 1934 1157 civitatem

153 1189 426 1238 Ostiensem
446 1190 550 1253 ejus
569 1195 779 1239 castrum
801 1190 1104 1248 obsessurus,
1129 1204 1157 1236 a
1178 1189 1277 1236 suis
1293 1192 1479 1237 tantum
1496 1190 1760 1238 associatus
1779 1191 1864 1250 (1).

218 1273 356 1321 Feria
392 1278 583 1336 quarta,
625 1278 680 1322 15
727 1274 983 1332 februarii,
1026 1276 1084 1321 D.
1131 1271 1349 1320 Andreas
1399 1272 1627 1336 Oridorp,
1673 1277 1936 1324 canonicus

153 1356 450 1415 Leodiensis,
476 1357 722 1420 theologie
749 1372 804 1404 ac
832 1356 1008 1404 artium
1029 1354 1269 1402 medicine
1293 1355 1542 1419 magister,
1567 1357 1936 1419 penitentiarius

152 1441 200 1487 in
220 1440 418 1488 basilica
442 1440 671 1505 principis
703 1439 1035 1503 apostolorum
1066 1438 1124 1486 de
1154 1439 1299 1499 Urbe,
1332 1454 1418 1502 pro
1435 1439 1634 1488 natione
1654 1441 1938 1490 Alemanica

155 1523 391 1584 inferiori,
417 1524 467 1571 in
485 1523 594 1572 loco
616 1523 862 1588 quondam
879 1526 936 1571 D.
958 1522 1192 1570 Johannis
1213 1522 1370 1571 Maclo
1388 1522 1685 1586 designatus,
1708 1525 1822 1574 fecit
1845 1526 1938 1574 dis—

152 1607 442 1671 positionem
473 1623 611 1656 suam
642 1623 807 1656 coram
845 1610 985 1655 RmO.
1021 1609 1078 1654 D.
1104 1605 1332 1654 cardinali
1365 1606 1699 1668 Ulixbonensi,
1739 1610 1935 1657 nomine

153 1706 192 1737 s.
217 1691 345 1738 Petri
373 1691 435 1739 ad
464 1690 669 1741 Vincula
705 1691 764 1738 ab
799 1690 926 1739 Urbe
955 1689 1187 1749 absentis,
1226 1705 1338 1738 cum
1374 1691 1549 1739 ceteris
1585 1682 1937 1755 penitentiariis

152 1773 279 1822 dicte
310 1774 505 1823 basilice
535 1774 884 1832 interessente;
916 1778 963 1823 et
990 1773 1109 1821 feria
1133 1772 1363 1832 secunda,
1396 1776 1456 1820 20
1482 1772 1595 1820 dicti
1627 1775 1826 1833 mensis,
1855 1791 1937 1823 ac-

153 1859 280 1923 cepit
300 1858 509 1923 insignia
527 1858 946 1922 penitentiariatus
973 1859 1033 1906 ab
1055 1857 1229 1905 eodem
1245 1859 1385 1904 Rmo,
1411 1858 1468 1904 D.
1492 1856 1722 1904 cardinali
1745 1857 1938 1906 Ulixbo-

152 1943 318 2003 nensi,
347 1947 395 1991 et
416 1941 536 1991 feria
560 1950 744 2006 quarta,
771 1946 831 1990 22
858 1941 1079 2006 ejusdem
1100 1940 1300 1999 mensis,
1325 1939 1414 1987 fuit
1434 1939 1484 1987 in
1506 1939 1634 1987 dicta
1657 1940 1854 1988 basilica
1877 1942 1938 1988 ad

155 2025 369 2074 officium
390 2025 676 2091 hujusmodi·
697 2024 1036 2089 penitentiarie
1058 2025 1117 2073 ab
1145 2024 1249 2072 aliis
1270 2023 1621 2088 penitentiariis
1643 2028 1866 2087 receptus
1890 2031 1933 2075 et

156 2109 218 2158 ad
238 2109 404 2158 sedem
419 2125 556 2157 suam
581 2109 844 2158 collocatus
866 2124 1001 2157 more
1023 2108 1181 2158 solito.

224 2194 478 2242 Dominica
501 2194 641 2243 tertia
663 2194 1052 2258 quadragesime,
1079 2196 1138 2241 26
1160 2193 1406 2252 februarii,
1434 2196 1490 2240 R.
1517 2195 1569 2240 P.
1596 2197 1653 2243 D.
1677 2194 1933 2251 Antonius,

155 2277 410 2342 episcopus
441 2278 721 2336 Lucerinus,
759 2277 940 2325 ordinis
969 2293 1007 2325 s.
1040 2277 1340 2342 Hieronymi,
1374 2277 1608 2340 magister
1637 2278 1820 2342 capelle
1849 2279 1931 2326 SS.

157 2364 212 2409 D.
238 2364 294 2410 N.
315 2377 439 2425 pape
457 2362 716 2410 celebravit
733 2361 933 2410 missam
950 2361 1212 2425 publicam,
1236 2364 1365 2425 Papa
1381 2365 1626 2425 presente.
1650 2363 1934 2410 Sermonem

156 2444 269 2492 fecit
289 2450 572 2508 procurator
596 2445 776 2493 ordinis
804 2445 1151 2501 heremitarum
1180 2462 1218 2493 s.
1243 2445 1518 2509 Augustini,
1544 2446 1591 2493 in
1613 2445 1799 2509 capella
1819 2460 1936 2493 con-

156 2531 306 2576 sueta.
343 2531 539 2592 Inc'epto
573 2544 816 2588 sermone,
853 2532 911 2577 D.
947 2530 1194 2577 Johannes
1228 2530 1420 2592 Borgia,
1457 2530 1551 2577 dux
1583 2530 1781 2590 Gandie,
1820 2545 1857 2576 s.
1894 2546 1931 2576 r.

156 2611 369 2660 Ecclesie
391 2612 670 2676 capitaneus
693 2612 950 2675 generalis,
979 2613 1106 2661 venit
1127 2612 1187 2659 ad
1209 2612 1386 2660 dictam
1415 2614 1650 2676 capellam
1680 2617 1727 2661 et
1749 2613 1933 2676 accepit

154 2695 316 2743 locum
347 2695 395 2743 in
421 2696 566 2759 plano
597 2697 702 2745 solii
726 2700 852 2761 Pape
881 2697 942 2745 ad
972 2697 1219 2745 dexteram
1251 2699 1377 2760 Pape
1409 2696 1487 2759 qui
1517 2696 1634 2745 dixit
1662 2696 1781 2744 mihi
1808 2696 1937 2759 quod

158 2779 370 2826 senatori
397 2779 538 2827 Urbis
560 2780 774 2829 dicerem
805 2781 949 2844 quod,
974 2780 1279 2845 presentibus
1310 2782 1367 2827 D.
1403 2780 1524 2827 duce
1553 2784 1600 2828 et
1626 2783 1685 2828 D.
1716 2780 1936 2828 Johanne

159 2861 333 2909 St'ortia
354 2862 537 2910 Pisauri
560 2864 608 2911 in
629 2864 832 2927 capella,
856 2864 958 2928 ipse
982 2868 1178 2912 senator
1198 2864 1448 2912 recederet
1477 2879 1505 2911 a
1530 2864 1639 2912 loco
1662 2878 1749 2912 suo
1773 2863 1932 2917 solito,

159 2949 205 2991 et
236 2949 383 2994 staret
409 2961 518 2994 cum
550 2947 991 3007 conservatoribus;
1018 2948 1146 3011 quod
1168 2952 1216 2996 et
1242 2948 1335 2997 feci
1357 2952 1403 2997 et
1426 2952 1624 2996 senator
1643 2947 1746 3011 ipse
1769 2947 1937 2995 obser-

160 3027 295 3075 vavit.

229 3111 368 3158 Feria
394 3117 544 3173 sexta,
576 3118 602 3163 3
631 3115 813 3163 mensis
834 3115 1012 3174 martii,
1041 3120 1150 3179 post
1176 3115 1448 3179 prandium,
1485 3116 1569 3162 SS.
1607 3116 1662 3161 D.
1698 3117 1865 3160 noster
1890 3112 1935 3158 in

160 3194 283 3242 stola
308 3211 452 3259 supra
478 3196 636 3245 albam
664 3203 711 3247 et
737 3199 972 3263 cappucio
999 3214 1136 3247 more
1164 3198 1304 3246 solito
1328 3202 1542 3261 paratUS,
1568 3212 1595 3243 a
1616 3195 1937 3243 cardinalibus

161 3278 382 3342 palatinis
410 3279 641 3328 duntaxat
670 3283 935 3330 associatus
957 3282 1037 3345 qui
1063 3282 1221 3345 ipsum
1255 3280 1600 3343 sequebantur,
1629 3278 1855 3342 equitavit
1879 3278 1937 3324 ad

213 3463 246 3498 1.
270 3462 362 3510 Voy.
386 3462 435 3499 M.
459 3462 612 3506 Sanuto,
634 3465 659 3500 t.
684 3462 713 3507 I,
734 3462 802 3500 col.
825 3464 907 3500 539.
