2216 3886
910 295 1195 334 APPENDICE.
1873 304 1938 339 631

219 411 239 432 «
271 396 463 448 Septimo
489 399 788 438 convenerunt
815 397 935 450 quod
967 397 1080 439 dicta
1113 409 1194 440 sua
1222 399 1342 452 regia
1374 400 1588 442 maiestas
1617 401 1803 443 durante
1830 402 1943 443 dicta

164 472 243 503 sua
264 461 476 513 impresia
504 462 646 514 possit
674 462 864 504 retinere
895 462 1009 504 duos
1038 463 1272 516 deputatos
1298 466 1345 506 in
1371 465 1484 508 dicta
1516 467 1691 509 civitate
1710 467 1942 517 Florentie,

164 527 256 568 suis
276 530 426 568 tamen
446 528 668 579 expensis,
691 528 765 580 qui
784 527 974 570 debeant
994 529 1141 570 omnia
1161 532 1431 572 occurrentia
1454 531 1564 573 dicte
1582 533 1706 586 regie
1724 533 1944 575 maiestati

163 592 484 634 communicare
503 605 603 635 cum
624 593 751 635 dictis
770 594 958 635 dominis
978 594 1222 637 florentinis
1239 596 1310 638 vel
1328 596 1427 638 aliis
1441 608 1595 639 eorum
1610 598 1945 652 magistratibus

163 670 297 711 super
317 659 400 700 hoc
418 658 654 711 deputatis,
677 660 747 701 vel
774 660 872 701 aliis
894 672 994 702 cum
1015 661 1177 714 quibus
1204 662 1438 713 voluerint,
1461 667 1674 716 tanquam
1699 676 1799 706 cum
1817 665 1946 706 bonis

163 727 205 765 et
224 724 450 766 veteribus
467 725 635 774 amiciS,
652 725 726 777 qui
748 729 953 778 poterunt
978 727 1141 768 intrare
1167 730 1210 768 et
1228 727 1474 782 intelligere
1493 731 1539 771 in
1567 731 1772 773 omnibus
1793 743 1946 774 eorum

162 789 378 840 consiliis3
401 793 444 831 et
462 801 554 831 non
574 792 825 832 tractabunt
843 803 990 845 neque
1007 793 1266 834 concludent
1287 794 1435 846 aliqua
1454 798 1762 838 concernentia
1783 801 1946 840 statum

161 859 239 897 aut
271 856 455 909 negocia
477 855 590 897 dicte
610 857 731 910 regie
760 858 1021 907 maiestatis,
1041 870 1281 912 regnorum
1311 870 1493 902 suorum
1520 865 1596 903 aut
1624 874 1704 904 sue
1726 863 1945 916 impresie,

161 922 247 963 nisi
274 922 338 963 eis
362 922 542 964 vocatis.
566 923 750 976 Reliqua
772 936 875 965 vero
904 925 1086 977 negocia
1106 925 1275 977 privata
1294 925 1365 966 vel
1384 926 1559 978 publica
1582 927 1686 969 dicti
1712 929 1947 970 Florentini

161 988 334 1041 possint
353 988 611 1030 concludere
638 1001 761 1031 more
782 1001 936 1031 eorum
956 990 1100 1040 solito,
1123 990 1294 1043 absque
1322 1002 1373 1032 eo
1395 992 1514 1044 quod
1533 995 1772 1035 teneantur
1790 1006 1947 1036 vocare

163 1054 302 1096 dictos
329 1054 582 1107 deputatOS,
603 1055 688 1096 nisi
719 1055 782 1096 eis
811 1055 1026 1105 videatur,
1050 1059 1094 1097 et
1125 1056 1207 1098 hoc
1239 1056 1428 1099 durante
1448 1057 1562 1099 dicta
1592 1058 1816 1111 impresia,
1837 1060 1947 1102 sicut

162 1120 323 1162 dictum
341 1124 422 1162 est.

218 1202 238 1223 «
269 1186 430 1228 Octavo
451 1191 777 1230 convenerunt:
798 1188 903 1241 quia
923 1188 1108 1230 durante
1133 1188 1248 1230 dicta
1265 1189 1473 1241 impresia
1487 1194 1640 1242 posset
1658 1191 1760 1232 oriri
1775 1193 1947 1244 questio

160 1252 276 1292 inter
293 1255 452 1306 gentes
471 1265 697 1296 armorum
717 1253 829 1295 dicte
855 1254 976 1307 regie
1002 1254 1247 1295 maiestatis
1267 1266 1380 1307 quas
1399 1254 1446 1296 in
1471 1255 1596 1297 dictis
1614 1256 1722 1298 locis
1745 1257 1946 1310 reliquis-

164 1320 245 1367 set,
263 1329 317 1359 ex
337 1329 442 1369 una,
462 1322 506 1360 et
525 1319 774 1361 habitantes
795 1320 836 1360 in
858 1320 967 1371 ipsis
988 1331 1305 1372 quoscumque,
1322 1332 1376 1362 ex
1395 1321 1503 1371 alia;
1526 1325 1570 1363 et
1584 1333 1641 1363 ne
1659 1326 1818 1375 gentes
1836 1324 1948 1364 dicte

164 1384 285 1436 regie
301 1383 546 1426 maiestatis
566 1385 804 1426 molestent
823 1388 902 1426 aut
921 1385 1047 1433 dictis
1068 1389 1145 1426 aut
1174 1385 1299 1427 factis
1318 1386 1573 1429 habitantes
1594 1387 1810 1430 dictorum
1828 1389 1947 1431 loco-

160 1460 283 1500 rum;
305 1450 426 1501 quod
446 1450 602 1492 eadem
618 1451 740 1504 regia
760 1452 971 1493 maiestas
992 1453 1234 1494 committat
1255 1453 1536 1506 capitaneum
1555 1454 1602 1495 in
1628 1454 1753 1496 dictis
1772 1455 1947 1496 arcibus

162 1515 376 1566 pisarum,
402 1515 596 1567 Liburni,
625 1518 750 1558 Petre
783 1520 934 1559 sancte
962 1521 1006 1559 et
1038 1519 1241 1569 Serzane,
1264 1530 1343 1570 pro
1376 1520 1574 1570 partibus
1608 1523 1650 1561 et
1683 1520 1947 1562 stationibus
2016 1580 2019 1582 -

160 1581 448 1630 eorumdem;
483 1583 558 1635 qui
590 1584 671 1625 erit
698 1583 794 1625 eius
826 1583 1130 1625 locumtenens
1162 1584 1384 1637 generalis
1412 1585 1457 1625 in
1487 1585 1592 1627 locis
1625 1586 1847 1638 predictis,
1869 1588 1945 1638 qui

160 1647 321 1697 poterit
339 1659 520 1690 manere
536 1649 582 1690 in
602 1650 775 1691 civitate
794 1649 1010 1691 Florentie
1026 1653 1103 1690 aut
1123 1649 1242 1699 alibi,
1266 1653 1397 1702 prout
1417 1650 1457 1691 ei
1477 1650 1723 1691 videbitur:
1743 1650 1813 1691 cui
1833 1661 1947 1691 com-

162 1711 505 1754 municabuntur
534 1716 681 1769 omnia
708 1716 892 1768 negocia
921 1716 1226 1757 concernentia
1261 1719 1426 1758 statum
1458 1716 1578 1769 regie
1609 1716 1868 1766 maiestatis,
1897 1721 1946 1758 ut

158 1778 280 1830 prius
298 1777 463 1820 dictum
483 1783 565 1830 est,
582 1784 625 1822 et
644 1782 804 1834 poterit
823 1782 1148 1823 communicare
1169 1782 1315 1823 omnia
1335 1782 1518 1835 negocia
1533 1782 1841 1823 concernentia
1860 1782 1946 1823 fac-

158 1847 253 1884 tum
267 1855 442 1897 guerre,
464 1857 545 1898 per
562 1847 796 1888 amicitiam
811 1850 855 1888 et
874 1858 963 1888 non
984 1859 1063 1899 per
1085 1848 1425 1897 subiectionem3
1448 1850 1491 1888 et
1510 1847 1692 1888 habebit
1713 1847 1854 1888 dictus
1876 1859 1948 1889 ca-

160 1909 365 1961 pitaneus
381 1912 502 1965 regie
516 1913 761 1954 maiestatis
781 1915 1048 1965 potestatem
1065 1913 1277 1964 puniendi
1297 1913 1604 1966 delinquentes
1621 1914 1824 1956 homines
1840 1926 1947 1955 suos

163 1978 387 2016 morantes
405 1976 451 2017 in
470 1977 594 2019 dictis
613 1979 879 2029 civitatibus,
900 1979 1058 2020 castris
1078 1982 1121 2020 et
1140 1979 1262 2020 locis.

222 2056 243 2077 a
272 2043 395 2084 Nono
416 2047 715 2086 convenerunt
729 2045 848 2097 quod
870 2044 974 2086 dicti
990 2044 1157 2086 domini
1177 2045 1427 2096 Florentini,
1447 2046 1633 2088 durante
1655 2047 1767 2088 dicta
1788 2047 1946 2098 impre-

160 2112 240 2162 sia‚
257 2122 343 2164 que
355 2110 626 2163 intelligatur
639 2109 762 2151 finita
775 2113 825 2151 ut
845 2121 994 2163 supra,
1011 2121 1101 2151 non
1122 2111 1286 2164 eligent
1302 2111 1387 2153 sibi
1401 2112 1695 2164 capitaneum.
1712 2115 1946 2154 Armorum

157 2176 427 2231 generalem,
455 2176 542 2217 nisi
572 2175 715 2228 primo
743 2175 854 2218 facta
883 2177 1114 2218 collatione
1135 2188 1234 2218 cum
1267 2178 1388 2230 regia
1419 2179 1670 2227 maiestate,
1698 2181 1747 2219 ut
1775 2177 1947 2220 facilius

159 2245 239 2285 hoc
258 2243 390 2285 modo
407 2243 627 2284 habeatur
643 2254 722 2295 pro
741 2243 970 2295 capitaneo
987 2243 1119 2284 homo
1138 2247 1295 2297 gratus
1317 2255 1396 2286 sue
1416 2244 1538 2298 regie
1558 2245 1793 2286 maiestati.

216 2310 444 2352 «Decimo
466 2322 475 2348 :
499 2307 667 2362 prefata
686 2309 811 2362 regia
841 2310 1054 2351 maiestas
1074 2310 1289 2362 promittit
1308 2310 1542 2351 restituere
1564 2314 1608 2352 et
1633 2322 1687 2351 ex
1716 2322 1832 2351 nunc
1851 2322 1944 2352 res—

160 2377 276 2417 tituit
294 2375 409 2417 dicto
428 2375 592 2428 populo
610 2375 845 2416 florentino
869 2376 1015 2416 omnia
1038 2379 1081 2416 et
1108 2375 1284 2428 singula
1302 2376 1390 2418 alia
1417 2379 1577 2426 castra,
1601 2375 1779 2428 oppida,
1800 2377 1943 2426 villas,

159 2442 252 2483 loca
279 2444 322 2482 et
351 2441 564 2490 civitates,
587 2452 667 2493 per
691 2451 1016 2493 quemcumque
1047 2434 1177 2482 hodie
1209 2442 1538 2493 possideantur,
1561 2453 1648 2495 que
1667 2453 1945 2494 quocumque

157 2506 290 2548 modo
310 2505 488 2547 fuerunt
507 2517 716 2558 possessa
736 2517 817 2558 per
836 2505 1000 2548 dictum
1018 2506 1234 2558 populum
1253 2506 1538 2548 florentinum
1553 2510 1655 2548 ante
1676 2507 1769 2548 eius
1783 2507 1943 2548 adven·
1973 2542 1980 2545 .

159 2578 255 2614 tum
274 2573 318 2613 in
338 2573 528 2622 ltaliam3
551 2573 611 2613 ita
638 2572 759 2624 quod
783 2572 926 2614 dictus
952 2573 1145 2624 populus
1165 2572 1427 2613 florentinus
1460 2573 1506 2613 in
1525 2573 1613 2614 illis
1644 2573 1782 2614 libere
1807 2573 1942 2614 domi-

157 2639 266 2688 nari,
289 2638 676 2691 omnimodamque
702 2638 916 2679 iustitiam
940 2637 1208 2687 ministrare,
1228 2649 1471 2690 omnesque
1501 2638 1699 2679 redditus
1720 2638 1942 2691 percipere

158 2716 209 2746 ac
222 2716 273 2746 ea
290 2705 436 2746 omnia
452 2704 675 2745 custodire
695 2704 850 2756 possit,
871 2714 1043 2756 suoque
1063 2707 1175 2745 nutu
1196 2715 1246 2746 ac
1273 2704 1500 2746 voluntate
1518 2704 1656 2746 libere
1676 2704 1940 2758 gubernare,

158 2774 289 2823 prout
320 2773 449 2812 antea
474 2773 659 2823 poterat.
679 2771 730 2811 Et
755 2770 860 2822 quia
884 2770 1098 2822 possibile
1125 2772 1244 2811 esset
1270 2770 1418 2822 aliqua
1446 2781 1500 2810 ex
1525 2770 1651 2811 dictis
1682 2770 1788 2811 locis
1817 2772 1941 2811 resti-

157 2837 264 2878 tutis
283 2848 362 2890 per
381 2837 492 2878 hanc
510 2839 764 2889 presentem
784 2836 1062 2877 concordiam
1082 2835 1202 2877 nolle
1223 2836 1530 2888 obtemperare
1551 2836 1684 2889 regiis
1707 2836 1939 2888 preceptis,

158 2906 461 2945 convenerunt
478 2903 596 2956 quod
623 2902 737 2943 dicta
755 2902 875 2956 regia
896 2902 1107 2944 maiestas
1124 2901 1490 2943 christianissima
1508 2901 1668 2943 debeat
1685 2901 1828 2943 facere
1847 2902 1941 2942 lite-

105 2982 109 2995 ’-
157 2980 229 3010 ras
260 2973 462 3021 patentes
492 2970 845 3022 quibuscumque
861 2968 968 3009 locis
994 2968 1170 3009 arcibus
1191 2971 1235 3009 et
1258 2967 1429 3017 castris,
1452 2970 1495 3008 et
1523 2979 1679 3009 eorum
1702 2968 1878 3020 populis
1899 2972 1940 3008 et

159 3035 562 3086 communitatibus,
578 3035 654 3087 qui
669 3046 750 3076 seu
766 3045 852 3087 que
869 3037 994 3075 erant
1013 3033 1190 3075 subdite
1210 3034 1374 3086 populo
1398 3033 1628 3075 florentino
1652 3036 1755 3074 ante
1775 3032 1937 3074 adven-

158 3172 323 3204 executor
343 3172 399 3202 cet
421 3170 556 3211 article,
578 3171 603 3203 il
623 3170 698 3204 faut
718 3171 901 3213 pai-courir
923 3170 956 3203 le
983 3173 1077 3203 tome
1097 3171 1138 3204 Vl
1160 3171 1223 3204 des
1242 3172 1318 3204 Atti
1335 3171 1472 3203 Publici
1488 3173 1658 3212 (Francia,
1681 3172 1936 3214 Cartapecoro).

157 3226 254 3257 Nous
274 3234 295 3267 y
315 3233 427 3257 avons
446 3224 563 3257 releve
589 3234 676 3257 onze
695 3224 817 3257 lettres
843 3224 1071 3266 imperatives
1096 3224 1140 3257 de
1159 3225 1302 3258 Charles
1327 3226 1414 3265 vill,
1437 3225 1620 3258 adr-essees
1638 3223 1845 3259 vainement
1869 3236 1937 3259 aux

157 3276 428 3311 commandants
449 3277 493 3310 de
514 3286 574 3310 ces
593 3277 710 3320 places
737 3286 829 3319 pour
857 3276 908 3309 les
932 3277 1071 3322 obliger
1095 3277 1115 3310 ἐι
1136 3287 1179 3311 en
1202 3278 1287 3311 faire
1314 3279 1346 3311 la
1373 3279 1586 3311 restitution.
1607 3279 1702 3312 Nous
1723 3288 1768 3312 nc
1791 3279 1936 3322 parions

156 3340 220 3374 pas
240 3330 284 3363 de
303 3331 396 3370 Pise,
415 3332 477 3373 qui
498 3340 542 3364 ne
561 3331 614 3364 fut
633 3332 765 3374 reprise
786 3341 855 3374 que
875 3331 919 3363 de
944 3331 1022 3364 vive
1046 3331 1140 3364 force
1160 3340 1225 3374 par
1246 3332 1295 3364 les
1323 3331 1531 3371 Florentiae,
1552 3340 1597 3364 en
1626 3333 1717 3371 1509,
1738 3332 1842 3375 apres
1867 3342 1937 3365 unc

155 3385 244 3417 lutte
264 3383 307 3416 de
327 3383 440 3417 douze
459 3393 536 3418 ans.
558 3397 574 3414 »ι
595 3386 683 3417 Note
704 3385 748 3418 de
769 3384 983 3427 Desjardins,
1004 3386 1028 3416 t.
1051 3385 1076 3424 1,
1098 3394 1132 3427 p.
1153 3386 1226 3423 603,
1246 3385 1309 3418 des
1330 3385 1504 3427 Ne‘qoaat.
1526 3385 1668 3429 diplom.
1690 3387 1734 3419 de
1750 3387 1785 3420 la
1807 3388 1937 3420 Frmme

157 3447 237 3470 avet·
256 3437 290 3469 Ια
314 3437 473 3471 rosc-ane.
