2222 3926
304 307 374 341 226
910 305 1143 343 JOHANNIS
1171 306 1466 352 BURCHARDI,
1805 306 1954 349 [Janvier
1975 278 2064 348 14951

300 409 448 457 currit
466 409 509 456 ei
532 424 682 472 usque
702 408 838 472 quasi
860 408 920 456 ad
941 407 1066 456 dicte
1089 408 1195 456 aule
1218 408 1482 456 introitum.
1504 411 1702 454 Paratus
1724 410 1825 454 erat
1847 408 2067 456 Pontifex

301 492 563 556 capuccino
589 492 697 540 albo
725 491 933 554 desuper
961 491 1082 539 stola
1108 490 1345 554 preciosa,
1377 494 1424 537 et
1449 490 1623 538 biretto
1651 489 1778 547 albo,
1801 488 1916 537 licet
1935 495 2066 541 certe

301 575 459 622 minus
481 574 838 623 convenienter.

363 661 572 707 Venerat
611 662 773 705 autem
815 656 876 703 ad
915 655 1241 719 stipulandum
1282 655 1490 719 capitula
1530 655 1656 704 inter
1691 655 1976 705 Pontificem
2018 661 2068 706 et

299 742 456 805 ipsum
477 741 609 804 prius
631 739 862 786 conclusa
891 743 936 786 et
967 738 1239 802 subscripta
1257 742 1354 786 tam
1385 754 1470 803 per
1494 741 1672 802 Papam
1700 755 1842 802 quam
1862 756 2028 804 regem
2054 757 2064 790 :

299 840 440 887 super
478 838 684 886 quorum
725 826 885 870 tamen
920 822 1242 886 capitulorum
1278 821 1591 871 conclusione
1629 839 1724 871 una
1763 827 1866 871 erat
1905 827 2071 873 exorta

300 908 421 955 inter
440 907 569 971 ipsos
591 905 879 964 differentia,
912 905 1134 954 videlicet
1152 905 1210 954 de
1236 905 1602 970 fidejussoribus
1625 909 1750 970 Pape
1772 906 1940 955 dandis
1959 922 2072 971 per-

298 1006 481 1055 regem,
515 990 574 1038 de
599 988 895 1038 restituendo
923 991 1132 1037 Turcum
1154 992 1282 1053 Pape
1303 1006 1387 1038 sex
1415 989 1661 1039 mensibus
1692 990 1866 1053 elapsis
1900 1006 1910 1039 :
1938 990 2068 1055 capi-

297 1074 448 1122 tulum
472 1074 601 1122 enim
623 1073 814 1121 dicebat
839 1064 924 1120 seu
947 1072 1223 1122 continebat
1243 1073 1375 1136 quod
1398 1089 1483 1122 rex
1509 1073 1622 1121 dare
1650 1073 1850 1122 deberet
1877 1073 2070 1138 fidejus-

296 1174 429 1206 sores
456 1157 660 1216 nobileS,
693 1156 899 1205 barones
921 1161 969 1205 et
987 1156 1198 1221 prelatos
1218 1156 1371 1221 regni,
1396 1157 1456 1205 ad
1485 1157 1778 1207 voluntatem
1800 1156 2064 1206 Pontificis.

294 1241 501 1291 Volebat
520 1242 772 1306 presidens
794 1241 1055 1306 capitulum
1076 1241 1356 1306 hujusmodi
1378 1241 1601 1306 restringi
1623 1241 1799 1290 debere
1821 1241 1882 1290 ad
1900 1241 2071 1291 decem

292 1341 524 1389 personas
551 1329 755 1374 tantum.
792 1329 919 1389 Papa
947 1325 1136 1374 volebat
1162 1325 1224 1372 ad
1244 1324 1440 1389 triginta
1456 1325 1528 1374 vel
1547 1324 1891 1390 quadraginta3
1923 1340 2070 1390 super

293 1425 386 1472 qua
414 1425 464 1457 re
495 1409 688 1457 circiter
717 1410 870 1457 tribus
901 1409 1032 1456 horis
1061 1412 1298 1457 certatum
1328 1408 1417 1457 fuit
1443 1413 1492 1458 et
1521 1409 1848 1473 disputatum:
1873 1408 2070 1457 tandem

297 1494 422 1556 Papa
442 1492 634 1541 intravit
663 1509 906 1541 cameram
937 1493 1063 1540 inter
1094 1492 1254 1541 aulam
1281 1492 1549 1556 predictam
1578 1497 1626 1541 et
1655 1508 1899 1542 cameram
1924 1508 2072 1556 papa-

292 1575 404 1639 galli
439 1576 596 1636 sitam,
635 1577 714 1625 ubi
752 1582 915 1641 parate
957 1581 1093 1625 erant
1127 1577 1220 1625 due
1258 1577 1400 1626 sedes
1436 1576 1717 1625 camerales.
1758 1578 1860 1624 Rex
1892 1578 2071 1639 Papam

293 1663 485 1708 secutus
522 1657 612 1719 est,
653 1676 795 1724 quem
832 1663 962 1724 Papa
997 1660 1166 1709 sedere
1205 1660 1320 1709 fecit
1347 1660 1396 1708 in
1432 1676 1527 1708 una
1566 1659 1679 1708 sede
1713 1659 2069 1723 predictarum;.

295 1743 468 1791 deinde
504 1743 627 1791 sed-it
661 1743 764 1807 ipse
797 1743 846 1790 in
880 1743 972 1791 alia
1004 1759 1032 1791 a
1059 1743 1238 1792 dextris
1271 1743 1446 1807 posita.
1485 1742 1810 1791 Interfuerunt
1842 1757 1904 1789 ex
1937 1746 2072 1805 parte

293 1827 419 1890 Pape
455 1826 620 1874 RRmi.
664 1829 764 1874 DD.
802 1843 840 1874 S.
879 1827 1133 1876 Anastasie
1170 1831 1218 1875 et
1252 1825 1627 1885 Alexandrinus3
1669 1842 1727 1874 ex
1765 1829 1901 1890 parte
1937 1824 2064 1889 regis

291 1909 455 1957 RRmi.
483 1912 583 1957 DD.
617 1926 655 1957 s.
689 1910 904 1974 Dionysii
927 1914 974 1958 et
997 1910 1347 1969 Macloviensis,
1371 1910 1514 1959 ambo
1534 1908 1781 1958 secretarii
1809 1912 1955 1973 Pape,
1979 1908 2065 1956 da·-

288 1993 436 2040 tarius
465 1997 512 2041 et
541 1993 678 2057 pauci
710 1993 811 2052 alii3
844 1998 892 2042 et
919 1993 1114 2043 fuerunt
1139 1994 1265 2043 lecta
1294 1999 1341 2042 et
1371 1994 1595 2058 stipulata
1622 1992 1900 2058 hujusmodi
1930 1991 2062 2056 capi-

290 2076 403 2135 tula,
429 2076 487 2124 de
509 2076 681 2140 quibus
704 2077 857 2140 rogati
880 2083 1015 2125 erant
1042 2078 1137 2127 duo
1162 2078 1355 2138 notarii,
1387 2077 1608 2127 videlicet
1628 2080 1685 2125 D.
1712 2077 1984 2141 Stephanus
2004 2075 2065 2124 de

289 2159 482 2218 Narnia,
518 2175 605 2223 pro
635 2163 769 2223 parte
802 2163 948 2223 Pape,
982 2165 1029 2209 et
1062 2164 1118 2209 D.
1152 2162 1383 2210 Oliverius
1410 2164 1565 2222 Yuan,
1599 2162 1805 2211 clericus
1828 2164 2066 2211 Cenoma-

288 2243 452 2291 nensis
474 2243 697 2302 diecesis,
722 2259 809 2307 pro
834 2247 969 2307 parte
992 2245 1136 2308 regis,
1161 2261 1248 2308 pro
1269 2260 1363 2309 quo
1385 2245 1594 2308 capitula
1613 2245 1719 2309 ipsa
1739 2249 1877 2294 erant
1896 2245 1945 2292 in
1965 2243 2065 2292 vul-

290 2327 391 2389 gari
414 2326 585 2391 gallico
607 2330 654 2375 et
677 2341 763 2390 pro
784 2342 925 2390 papa,
949 2326 998 2373 in
1016 2326 1183 2374 latino.

354 2410 534 2458 Eadem
552 2410 648 2469 die,
671 2425 934 2473 suspensus
952 2409 1042 2457 fuit
1059 2409 1108 2456 in
1126 2411 1304 2473 Campo
1323 2409 1462 2458 Flore
1481 2410 1677 2474 quidem
1692 2410 1885 2475 juvenis
1903 2408 2068 2459 Gallus

290 2493 482 2553 nobilis,
516 2494 657 2543 etatis
695 2509 778 2541 sue
819 2508 1055 2541 annorum
1092 2493 1256 2557 viginti
1298 2494 1374 2542 vel
1402 2494 1549 2554 circa,
1589 2510 1676 2558 pro
1711 2509 1768 2543 eo
1803 2494 1935 2558 quod
1963 2495 2067 2558 ipse

291 2577 396 2626 heri
424 2593 531 2626 sero
557 2593 665 2626 cum
695 2575 908 2640 quodam
929 2577 1020 2624 alio
1037 2577 1203 2640 juveni
1228 2577 1362 2626 Gallo
1390 2577 1537 2625 etiam
1558 2577 1723 2637 nobili,
1747 2577 1937 2637 ludens,
1960 2593 2070 2626 nes-

292 2661 367 2709 cio
391 2677 449 2709 ex
472 2677 567 2724 qua
587 2677 735 2709 causa
754 2665 1045 2719 commotus,
1064 2660 1196 2707 illum
1217 2660 1542 2710 interfecerat.

357 2747 514 2792 Tenor
540 2744 859 2809 capitulorum
881 2743 939 2790 de
966 2743 1137 2805 quibus
1160 2759 1304 2807 supra
1333 2744 1385 2791 fit
1404 2744 1606 2803 mentio,
1632 2743 1690 2793 de
1713 2744 1859 2792 verbo
1881 2744 1942 2793 ad
1961 2760 2067 2794 ver-

291 2826 404 2875 bum
426 2827 658 2890 sequitur,
686 2832 734 2875 et
755 2832 828 2876 est
850 2827 955 2875 talis
978 2824 1043 2889 (1)
1054 2863 1149 2873 .....

357 2909 496 2957 Feria
523 2910 752 2968 secunda,
789 2913 844 2957 19
873 2909 1054 2956 mensis
1077 2910 1304 2973 januarii,
1334 2915 1500 2973 parata
1527 2927 1585 2958 ex
1614 2925 1749 2959 more
1776 2910 1932 2973 prima
1957 2910 2066 2958 aula

340 3081 374 3119 1.
402 3081 452 3116 La
471 3079 573 3128 copie
593 3079 658 3116 des
678 3077 821 3115 articles
842 3078 891 3114 du
912 3078 1015 3115 traite
1036 3081 1143 3126 passe
1163 3083 1262 3115 entre
1290 3078 1321 3115 le
1348 3090 1440 3127 pape
1468 3083 1503 3116 et
1528 3079 1560 3116 le
1582 3077 1633 3116 roi
1659 3079 1703 3116 de
1723 3079 1856 3117 France
1878 3092 1916 3117 se
1942 3084 2067 3118 trouve

290 3139 383 3175 dans
405 3140 454 3177 Μ.
478 3139 630 3183 Sanuto,
647 3138 752 3176 B.-N.
775 3149 862 3175 mss.
888 3139 992 3182 1422,
1006 3138 1076 3173 sds.
1101 3138 1191 3185 ital,
1213 3138 1384 3175 s01.63-5.
1406 3138 1508 3175 Fulin
1530 3139 1575 3175 l'a
1595 3139 1708 3176 omise
1723 3138 1814 3176 dans
1834 3152 1901 3177 son
1915 3140 2064 3187 edition,

291 3210 427 3235 comme
454 3202 565 3246 ayant
590 3201 645 3234 ete
671 3196 814 3245 publiee
842 3209 905 3245 par
933 3196 1057 3234 Molini
1086 3207 1095 3233 ε
1121 3199 1334 3234 Documenc‘i
1366 3199 1406 3234 di
1432 3199 1554 3235 Scorc'a
1578 3199 1750 3243 italiana,
1777 3202 1802 3235 t.
1833 3199 1860 3244 Ι,
1883 3211 1919 3247 p.
1948 3200 2007 3244 22,
2029 3202 2067 3235 et

291 3256 383 3294 suiv.
408 3257 508 3293 Cette
528 3256 629 3304 piece
652 3259 688 3292 ιή
702 3258 846 3302 vulqari
866 3257 998 3302 Gallico
1019 3260 1075 3292 est
1093 3257 1234 3293 donnee
1255 3259 1276 3292 a
1295 3256 1403 3305 l'app.
1430 3265 1470 3293 n⁰
1490 3260 1548 3294 26.
1572 3258 1646 3294 Elle
1667 3258 1782 3294 existe
1802 3270 1847 3294 en
1867 3257 1954 3295 latin
1974 3258 2066 3295 dans

290 3317 324 3353 le
351 3319 496 3362 Voyaye
517 3318 707 3361 ἰῐίεύναὶνθ,
738 3317 783 3352 de
812 3317 975 3353 Martene
1007 3320 1042 3353 et
1072 3317 1232 3354 Durand.
1266 3316 1383 3361 Paris,
1420 3318 1523 3363 1724,
1557 3321 1583 3355 t.
1613 3317 1658 3361 II,
1680 3329 1715 3365 p.
1745 3317 1805 3353 99.
1839 3316 1968 3353 Aucun
2000 3317 2066 3352 des

291 3375 507 3425 manuscrits
529 3377 572 3412 de
592 3375 778 3412 Burchard
805 3387 850 3412 ne
871 3375 990 3412 donne
1022 3375 1053 3411 le
1079 3379 1175 3412 texte
1208 3376 1253 3412 de
1273 3388 1314 3413 ce
1333 3375 1439 3413 traite
1460 3376 1549 3413 dont
1568 3376 1603 3413 la
1618 3376 1721 3425 copie
1742 3375 1883 3413 volante
1903 3377 2065 3413 annexee

290 3447 337 3472 au
356 3435 555 3472 manuscrit
574 3435 730 3483 original
750 3447 838 3472 aura
860 3446 947 3472 sans
967 3435 1077 3472 doute
1097 3437 1158 3477 ete,
1174 3438 1316 3484 egaree.
