2202 3926
300 342 345 377 84
906 336 1138 374 ,IOHANNIS
1175 334 1472 378 BURCHARDI,
1737 331 1962 371 [Septembre
1985 331 2079 370 1493]

364 441 449 489 Die
470 445 528 488 24
548 440 660 488 dicti
682 439 879 498 mensis,
905 439 1161 487 cardinalis
1184 437 1336 485 sancti
1359 435 1486 483 Petri
1509 434 1568 480 ad
1589 430 1792 481 Vincula
1813 431 1894 493 qui
1916 432 2075 480 fuerat

299 524 427 588 apud
444 524 624 572 Ostiam
646 527 691 571 et
719 526 774 570 D.
802 522 1047 585 Virginius
1076 521 1275 569 Ursinus
1301 518 1588 566 sedaverunt
1616 512 1906 561 discordiam
1929 529 2073 576 quam

301 607 544 655 habebant
585 622 693 654 cum
730 606 957 669 pontifice
995 608 1042 652 et
1070 603 1248 652 reversi
1289 605 1396 649 sunt
1437 599 1498 647 ad
1530 597 1709 646 Urbem
1746 612 1857 644 cum
1900 611 2077 660 magno

304 690 548 753 triumpho
571 695 617 738 et
647 691 956 736 accesserunt
983 686 1044 734 ad
1074 689 1251 749 Papam
1284 689 1331 732 et
1364 683 1428 730 ibi
1459 697 1571 730 cum
1601 696 1658 729 eo
1693 680 1850 728 cenati
1881 685 2009 739 sunt,
2035 684 2083 730 et

302 772 369 819 sic
395 789 487 836 pax
510 773 635 819 facta
663 771 751 818 fuit
780 774 828 817 et
854 768 1053 832 guardie
1081 784 1173 830 que
1203 770 1341 815 erant
1372 766 1423 813 in
1452 764 1603 830 portis
1625 767 1810 812 remote
1842 763 2039 813 fuerunt
2065 781 2075 813 ε

304 856 388 904 sed
407 855 498 903 hec
519 871 609 919 pax
633 854 857 902 simulata
876 852 963 900 fuit
984 856 1031 900 et
1051 852 1160 899 ideo
1183 866 1281 898 non
1303 849 1489 898 duravit
1511 849 1595 914 (1).

371 939 456 987 Die
489 942 548 986 25
574 936 792 1001 augusti,
829 935 877 983 in
911 934 1131 994 meridie,
1169 937 1433 998 tempestas
1471 947 1648 996 magna
1675 931 1725 979 in
1755 946 1868 980 aere
1897 929 2001 988 fuit,
2036 933 2084 977 et

308 1022 478 1086 sagitta
500 1021 673 1069 cecidit
694 1021 743 1067 in
761 1019 1066 1082 Capitolium,
1089 1017 1313 1066 videlicet
1333 1017 1383 1065 in
1404 1016 1692 1081 campanile,
1718 1020 1764 1064 et
1784 1011 2021 1079 percussit
2038 1010 2087 1058 in

309 1105 423 1154 tibia
441 1105 699 1168 quemdam
722 1103 800 1166 qui
822 1102 1044 1166 pulsabat
1066 1117 1351 1165 campanam
1373 1116 1591 1165 grossam
1615 1099 1677 1148 ad
1693 1098 1922 1163 gaudium
1942 1111 2088 1161 prop-

309 1194 381 1236 ter
407 1203 615 1235 annuam
645 1185 1011 1235 coronationem
1038 1184 1297 1233 Alexandri
1323 1200 1445 1248 pape
1475 1183 1613 1243 sexti,
1645 1186 1694 1231 et
1720 1180 1916 1230 abstulit
1943 1179 2003 1227 ab
2031 1193 2089 1226 eo
2135 1181 2140 1185 ’

307 1270 517 1319 mediam
538 1271 743 1334 caligam
765 1285 875 1317 cum
897 1269 1110 1329 sotolari,
1134 1273 1181 1318 et
1202 1285 1315 1317 eum
1333 1283 1431 1316 non
1451 1266 1713 1316 interfecit.
1736 1269 1917 1314 lterum
1943 1263 2090 1337 intra-

309 1354 373 1402 vit
389 1371 476 1418 per
498 1354 799 1419 Capitolium,
821 1358 867 1401 et
897 1353 1049 1401 multa
1070 1353 1179 1401 loca
1204 1353 1379 1417 tetigit,
1405 1355 1452 1400 et
1479 1351 1650 1400 eadem
1681 1349 1776 1409 die,
1801 1347 1962 1412 fulgur
1978 1361 2089 1410 per-

310 1437 458 1485 cussit
503 1437 770 1502 campanile
821 1440 1170 1498 Lateranense,
1215 1442 1263 1485 et
1304 1441 1476 1502 postea
1519 1433 1770 1484 descendit
1814 1433 1864 1480 in
1908 1431 2086 1479 dictam

314 1521 591 1582 ecclesiam,
614 1527 660 1570 et
684 1521 905 1569 similiter
919 1521 1029 1570 loca
1042 1522 1170 1570 lesit.

378 1605 465 1654 Die
497 1609 576 1666 28,
614 1610 834 1654 mortuus
868 1610 941 1654 est
972 1605 1238 1670 imperator
1258 1605 1535 1664 Federicus,
1564 1608 1612 1652 et
1633 1619 1743 1651 cum
1766 1618 1824 1650 eo
1845 1600 2095 1665 perierunt

310 1688 582 1752 prophetie,
605 1693 652 1736 et
673 1689 806 1737 aiunt
826 1689 1203 1738 Maximilianum
1225 1689 1373 1738 fuisse
1395 1693 1613 1738 creatum
1635 1687 1996 1750 imperatorem.

378 1772 463 1820 Die
487 1776 547 1820 20
569 1773 872 1836 septembris,
898 1790 1022 1838 papa
1041 1773 1312 1822 Alexander
1325 1772 1507 1824 creavit
1522 1771 1778 1820 duodecim
1800 1765 2089 1824 cardinales,

313 1860 360 1903 et
387 1856 435 1903 in
463 1871 632 1904 eorum
661 1857 958 1906 creationem
989 1860 1343 1906 consenserunt
1375 1860 1563 1905 tantum
1590 1860 1776 1920 septem
1804 1850 2091 1908 cardinales,

308 1939 479 2003 reliqui
502 1939 834 1988 dissenserunt
856 1942 939 2007 (2).
967 1944 1095 1989 Inter
1113 1940 1295 2005 primos
1317 1940 1404 1989 fuit
1425 1943 1616 1988 creatus
1644 1937 1771 1986 filius
1788 1934 1938 1999 ipsius
1961 1949 2021 1982 ex
2041 1947 2093 1981 se

307 2028 354 2071 et
375 2023 582 2086 quadam
611 2023 813 2072 muliere
842 2041 986 2088 quam
1015 2025 1119 2088 ipse
1140 2028 1370 2088 nupserat
1397 2022 1590 2071 cuidam
1618 2018 1872 2070 Dominico
1901 2017 1960 2066 de
1985 2016 2095 2064 Ari-

304 2121 482 2169 gnano,
515 2109 563 2154 et
593 2123 786 2170 semper
819 2107 908 2155 fuit
940 2108 1152 2167 habitus,
1182 2112 1343 2156 tentus
1381 2111 1428 2155 et
1457 2109 1707 2173 reputatus
1738 2105 1842 2168 ejus
1875 2101 2021 2159 filius,
2047 2104 2096 2148 et
2155 2151 2158 2154 ,

304 2183 407 2246 ipse
428 2184 609 2231 fecerat
631 2200 742 2232 eum
771 2184 1052 2247 episcopum
1080 2185 1516 2248 Pampelonensem
1541 2184 1592 2231 in
1620 2183 1849 2248 Hispania
1869 2182 1952 2243 (3),
1977 2183 2092 2231 item

309 2265 462 2313 filium
485 2268 541 2313 D.
561 2267 792 2315 Gabrielis
815 2267 873 2315 de
894 2267 1152 2327 Cesarinis,
1176 2268 1371 2316 fratrem
1388 2266 1579 2331 generis
1602 2266 1674 2313 sui
1697 2269 1782 2332 (4),
1800 2266 1918 2315 item
1941 2282 2092 2314 unum

312 2349 370 2397 de
398 2349 542 2398 domo
562 2350 804 2411 Farnesia,
830 2351 1245 2414 consanguineum
1262 2351 1384 2399 Julie
1408 2350 1556 2409 Belle,
1583 2350 1687 2415 ejus
1709 2349 1982 2398 concubine
2003 2349 2088 2416 (5),

360 2498 392 2536 1.
422 2497 494 2535 Sur
514 2503 571 2536 cet
595 2498 738 2545 accord,
769 2511 852 2548 voy.
884 2499 1143 2548 Gregorovius‚
1171 2504 1197 2537 t.
1220 2500 1282 2546 VI,
1310 2510 1346 2548 p.
1375 2502 1460 2546 388,
1487 2503 1523 2537 et
1549 2498 1582 2536 la
1608 2498 1769 2548 depeche
1794 2498 1844 2536 du
1870 2499 1915 2535 17
1940 2502 2027 2536 aostt
2052 2499 2097 2536 cle

308 2557 471 2594 Guidotti
493 2558 538 2594 de
559 2551 658 2594 Colle
679 2570 751 2594 aux
772 2559 794 2594 8
816 2558 860 2596 de
874 2559 1032 2606 Pratica,
1054 2562 1075 2596 a
1095 2559 1318 2607 l'appendice
1339 2566 1382 2595 11ο
1402 2561 1461 2596 22.

349 2619 384 2654 2.
413 2616 510 2653 Telle
531 2617 626 2654 n’est
645 2629 711 2665 pas
733 2617 906 2665 l'opinion
928 2619 973 2655 de
993 2619 1158 2657 Marlana
1184 2618 1245 2666 qui
1269 2618 1380 2655 ecrit:
1405 2634 1422 2652 «
1442 2617 1721 2655 Contrahiscere
1742 2630 1848 2654 nemo
1875 2619 1980 2655 Rotae
1998 2617 2097 2667 judi-

305 2688 400 2721 cum,
423 2687 529 2713 nemo
550 2676 797 2713 Cardinalium
824 2689 905 2713 cum
933 2676 1065 2725 quibus
1092 2689 1167 2713 rem
1198 2677 1488 2723 communicavit,
1511 2689 1626 2714 0115115
1652 2681 1722 2714 est.
1746 2676 1898 2714 Tantam
1923 2677 2096 2727 improhi-

302 2740 427 2781 tatem,
446 2740 519 2772 tam
536 2736 698 2784 perditos
722 2737 800 2786 ejus
824 2736 945 2773 saeculi
972 2748 1091 2774 mores
1113 2737 1341 2785 ingemuisse
1362 2737 1485 2774 orbem
1507 2736 1757 2774 Christianum
1783 2736 1981 2775 arbitror...
2006 2752 2025 2771 »
2045 2739 2098 2774 De

307 2796 381 2831 reb.
405 2795 518 2842 hisp„
542 2796 564 2832 1.
587 2797 720 2842 XXVI,
743 2808 774 2834 c.
796 2799 832 2834 2.
1668 2841 1674 2845 ,

356 2856 391 2891 3.
421 2854 534 2890 Cesar
554 2855 701 2903 Borgia‚
724 2860 770 2893 110
791 2858 840 2893 du
865 2869 958 2906 pape
978 2857 1073 2894 alors
1094 2857 1182 2906 qu‘il
1201 2857 1290 2895 etait
1308 2856 1483 2905 cardinal,
1506 2859 1604 2895 etde
1632 2870 1674 2895 sa
1697 2860 1890 2895 maitresse
1915 2858 2094 2896 Vanozza.

312 2914 460 2950 Comme
485 2914 509 2950 il
529 2914 616 2951 etait
635 2915 764 2952 batard
791 2920 827 2953 et
851 2928 916 2964 par
943 2917 1037 2953 suite
1063 2918 1222 2954 ‘e'nhabile
1255 2920 1276 2954 a
1301 2917 1442 2954 obtenir
1471 2930 1541 2954 11ηο
1572 2917 1778 2966 promotion
1804 2917 2096 2965 ecclesiastique,

311 2972 364 3008 les
395 2972 593 3009 cardinaux
613 2973 827 3010 Pallavicini
847 2978 883 3011 et
903 2975 1025 3011 Orsini
1054 2987 1093 3012 se
1119 2976 1337 3024 chargerent
1355 2976 1400 3012 de
1428 2988 1469 3012 sa
1488 2975 1741 3023 legitimation.
1765 2975 1856 3024 Voy.
1881 2977 1924 3012 D.
1955 2976 2094 3023 Grego-

314 3032 437 3068 rovius
458 3044 498 3068 00
519 3044 590 3080 que
613 3032 794 3069 Giandrea
815 3033 1010 3070 Boccaccio
1032 3034 1180 3071 ecrivait
1199 3037 1221 3071 a
1240 3047 1279 3071 00
1301 3035 1397 3083 sujet
1419 3036 1586 3081 (Lam-ece
1600 3037 1749 3080 Borqia,
1771 3037 1797 3070 t.
1822 3035 1850 3079 I,
1872 3046 1908 3082 p.
1933 3035 2030 3082 129).

362 3093 396 3129 4.
426 3092 443 3127 J
450 3091 546 3127 ulien
563 3092 741 3129 Cesarini.
766 3092 841 3128 Son
859 3092 952 3129 frere
973 3094 1063 3130 Jean
1083 3093 1180 3131 avait
1199 3096 1335 3142 epouse
1357 3093 1539 3131 Girolama
1554 3093 1703 3142 Borgia,
1719 3094 1751 3130 le
1771 3094 1817 3130 24
1827 3094 1970 3142 janvier
1990 3095 2096 3134 1482.

360 3152 396 3188 5.
426 3151 632 3188 Alexandre
649 3152 823 3198 Farnese,
846 3151 878 3187 le
897 3152 996 3189 futur
1012 3153 1104 3189 Paul
1121 3153 1184 3198 III,
1206 3155 1349 3190 nomme
1371 3155 1478 3201 grace
1499 3157 1520 3190 a
1540 3153 1725 3190 l'adultere
1751 3154 1796 3190 de
1818 3165 1860 3190 sa
1883 3165 1981 3190 soeur
1999 3154 2094 3191 Julie

312 3222 399 3247 avec
418 3209 451 3246 le
477 3222 593 3258 pape3
615 3211 718 3248 aussi
744 3210 996 3259 l'appelait-on
1022 3211 1278 3259 plaisamment
1297 3212 1330 3249 le
1356 3213 1515 3250 cardinal
1542 3214 1586 3249 de
1615 3212 1650 3249 la
1667 3214 1770 3262 jupe,
1792 3214 1981 3250 cardinale
2001 3215 2096 3251 della

311 3270 467 3315 ῃοηεῖἰα.
491 3270 797 3308 L'ambassadeur
816 3270 976 3308 venitien
996 3271 1150 3308 Seriano
1171 3272 1281 3309 disait
1301 3284 1346 3308 en
1365 3272 1509 3320 parlant
1528 3273 1577 3309 du
1596 3285 1690 3322 pape
1710 3272 1801 3310 Paul
1821 3273 1870 3309 III
1893 3285 1901 3309 :
1919 3287 1938 3307 «
1955 3273 2007 3310 La
2027 3284 2095 3310 sua

310 3329 542 3378 promozione
563 3331 596 3366 al
616 3331 838 3368 cardinalato
857 3342 931 3368 non
951 3331 990 3367 fu
1003 3331 1116 3368 molto
1128 3333 1297 3379 honesta,
1319 3333 1478 3370 essendo
1492 3334 1690 3381 proceduta
1710 3344 1774 3381 per
1793 3343 1906 3369 causa
1926 3344 2060 3369 oscena
2082 3343 2091 3368 ε

313 3389 389 3426 0100
411 3390 492 3426 dall’
513 3403 633 3428 amore
656 3404 674 3428 e
695 3391 788 3428 dalla
807 3390 1012 3429 familiarite]
1031 3393 1098 3428 che
1118 3405 1208 3430 avea
1233 3406 1327 3442 papa
1346 3394 1570 3431 Alessandro
1589 3393 1639 3431 VI
1662 3405 1730 3431 con
1750 3393 1784 3429 la
1805 3393 1954 3442 signora
1974 3392 2093 3430 Guilia

317 3461 384 3486 sua
405 3450 552 3498 sorella3
574 3451 632 3488 dal
652 3453 718 3488 che
739 3464 879 3500 nacque
899 3452 965 3488 che
985 3464 1049 3500 per
1069 3452 1182 3501 lungo
1203 3457 1324 3502 tempo
1343 3454 1382 3490 fu
1401 3453 1579 3491 chiamato
1600 3453 1624 3490 il
1644 3452 1826 3490 cardinale
1850 3453 2048 3501 Fregnese.
2072 3467 2092 3486 »
