2216 3886
257 337 327 372 488
874 332 892 368 J
898 329 1104 368 OHANNIS
1140 328 1435 372 BURCHARDI,
1821 328 1917 367 [Juin
1938 328 2034 371 1498]

323 437 542 501 Raphael-
558 436 616 484 de
639 435 901 494 Vulternis,

325 519 584 568 Riccardus
607 518 665 566 de
690 517 911 574 Becchis‚

325 601 587 649 Rodericus
607 598 844 656 Labredo,
869 597 1145 660 deputatus3
1217 610 1223 616 ·

323 683 584 733 Rodericus
606 685 770 740 Ezeza,

325 768 491 816 Simon
512 764 729 823 Porcius,

327 853 558 898 Saturnus
582 849 789 905 Gerena,

326 932 598 996 Stephanus
619 930 785 988 Milon,

327 1015 483 1065 Sixtus
505 1015 564 1062 de
584 1013 795 1071 Millinis,

327 1099 536 1146 Thomas
559 1097 720 1161 Regis.

388 1181 616 1245 Maqz'strz'
650 1180 841 1245 reqistrz‘
872 1179 1145 1227 bullarum:

329 1265 553 1315 Nicolaus
575 1263 839 1327 Garigliati,
864 1262 1118 1327 episcopus
1140 1261 1480 1326 Eporediensis
1501 1277 1511 1319 ;

329 1353 481 1398 Lucas
501 1348 710 1407 Dulsius,

332 1434 491 1482 Ulixes
510 1431 779 1479 Lancianus
802 1431 860 1479 de
883 1434 1031 1491 Fano,

331 1517 506 1566 Fabius
525 1515 820 1563 Sanctorius.

394 1599 621 1664 Mayz'strz'
655 1599 846 1662 reyistrz'
878 1598 1270 1662 supplicationwn
1291 1615 1308 1644 .·

333 1688 502 1733 Petrus
525 1682 693 1742 Colini,

337 1767 621 1830 Pregentius
643 1764 840 1825 Natalis,

338 1851 581 1899 Johannes
603 1851 855 1908 Botontus,

333 1936 540 1984 Jacobus
563 1934 620 1980 de
643 1935 930 1996 Bonaparte.

398 2016 755 2066 Abbrevicztores
791 2017 846 2064 de
873 2033 1017 2081 parco
1052 2018 1228 2080 majori
1246 2034 1260 2065 .·

334 2107 523 2166 Regens
543 2100 847 2159 cancellarie,
872 2100 1124 2164 episcopus
1146 2100 1464 2149 Pisauriensis
1485 2118 1495 2161 ;

334 2189 591 2234 Corrector
611 2184 776 2233 Celsus
799 2184 857 2231 de
879 2183 1098 2240 Mellinis,
1122 2184 1376 2248 episcopus
1397 2171 1711 2244 Feretranus,

336 2269 559 2319 Nicolaus
578 2267 852 2331 Bergensis,

337 2353 510 2401 Paulus
533 2352 591 2400 de
614 2351 823 2408 Castillo,

332 2435 616 2484 Franciscus
638 2434 696 2482 de
720 2437 909 2493 Parma,

338 2519 575 2567 Antonius
597 2518 655 2566 de
675 2520 850 2566 Sancto
870 2519 1114 2579 Severino,

338 2603 623 2651 Laurentius
646 2601 866 2662 Paccius,

339 2686 706 2735 Bartholomeus
728 2685 786 2733 de
811 2685 1023 2744 Perusia,

336 2771 583 2817 ,Iohannes
605 2770 799 2831 Ortega,

342 2852 517 2900 Paulus
540 2853 598 2900 de
620 2853 814 2911 Planca,

341 2935 567 2983 Camillus
591 2935 649 2983 de
670 2935 943 2983 Scorciatis.

404 3018 672 3066 Bullatores
696 3035 710 3066 .·

343 3104 612 3152 Bernardus
635 3102 910 3162 Alexandri,

322 3186 547 3234 Lucidus
569 3185 627 3233 de
652 3186 924 3233 Sinibaldis.

404 3270 632 3332 Mayistrz'
640 3270 830 3332 plumbi
850 3288 866 3317 .·

342 3353 708 3401 Bartholomeus
728 3353 785 3401 de
809 3353 1038 3411 Buccino,

336 3435 580 3483 Johannes
605 3436 905 3485 Laurentius.
