2216 3886
159 303 370 342 [Novembrc
395 304 483 341 1399,
597 301 762 337 Rlittt’M
797 300 1096 337 [RBANAREM
1132 301 1480 338 COMMENTAHH.
1856 307 1926 342 573

157 407 237 469 qui
276 412 439 456 tamen
473 422 569 455 non
609 406 832 454 associati
864 406 1054 454 fuerunt
1087 421 1115 452 a
1146 405 1342 469 prelatis
1379 421 1515 453 more
1553 406 1693 454 solito
1731 412 1928 471 propter

156 491 433 539 continuam
464 491 670 555 pluviam
706 508 714 536 ε
748 489 997 554 pedestres
1028 489 1353 552 sequebantur
1380 490 1551 554 prelati
1578 494 1626 538 et
1655 506 1824 539 omnes
1848 491 1926 538 alii

158 579 423 637 equestres.
461 575 722 622 Defunctus
754 578 970 638 portatus
1003 573 1092 621 fuit
1128 573 1251 622 facie
1285 574 1452 633 velata,
1493 574 1604 638 quia
1639 590 1698 622 ex
1732 574 1927 622 naribus

157 658 384 706 continuo
416 658 699 721 sanguinem
738 657 1003 705 emittebat.
1038 657 1143 704 Alia
1171 657 1335 705 omnia
1364 658 1614 705 observata
1648 661 1759 705 sunt
1791 674 1927 705 more

158 741 314 789 solito.

224 827 492 885 Dominica,
528 830 554 874 3
585 827 875 885 novembris,
913 828 1042 874 circa
1074 825 1344 883 meridiem,
1387 828 1439 872 R.
1479 828 1530 872 P.
1570 827 1624 872 D.
1663 825 1929 874 Ludovicus

156 910 410 973 Agnellus,
451 908 842 972 archiepiscopus
879 909 1193 963 Cusentinus,
1235 914 1372 972 peste
1409 909 1637 966 infectus,
1677 909 1756 971 qui
1794 910 1929 972 quasi

158 1008 306 1056 usque
329 992 387 1039 ad
408 992 618 1040 mediam
640 997 834 1040 noctem
861 992 1204 1056 precedentem
1232 1008 1342 1040 cum
1371 992 1468 1039 suis
1496 992 1719 1039 solatium
1746 992 1930 1040 habue-

158 1081 228 1123 rat
260 1075 481 1140 Yiterbii,
522 1075 601 1123 ubi
638 1075 933 1139 gubernator
969 1081 1070 1124 erat
1105 1092 1191 1124 seu
1226 1076 1373 1139 legati
1408 1075 1571 1122 locum
1609 1080 1797 1135 tenens,
1836 1075 1933 1123 vita

158 1159 351 1207 functus
372 1164 464 1213 est,
489 1160 627 1223 cujus
649 1159 809 1207 anima
832 1159 1104 1223 requiescat
1125 1160 1172 1206 in
1194 1175 1331 1223 pace.
1358 1162 1450 1206 Per
1471 1159 1608 1223 cujus
1637 1158 1821 1207 obitum
1843 1160 1926 1207 SS.

159 1245 215 1289 D.
246 1244 302 1291 N.
334 1242 533 1306 prefecit
561 1243 610 1290 in
631 1243 1048 1307 archiepiscopum
1070 1247 1125 1291 R.
1156 1243 1202 1290 in
1233 1243 1422 1291 Christo
1454 1245 1506 1290 P.
1539 1245 1595 1290 D.
1623 1243 1931 1290 Franciscum

159 1325 403 1389 Borgiam,
440 1326 718 1390 episcopum
752 1327 1105 1386 Theanensem,
1148 1326 1424 1375 Sanctitatis
1459 1342 1543 1374 sue
1576 1326 1931 1374 thesaurarium

158 1410 452 1471 generalem,
478 1413 506 1457 6
530 1410 770 1474 presentis
791 1410 972 1458 mensis
1000 1409 1301 1465 novembris;
1337 1409 1572 1456 successit
1591 1412 1754 1457 autem
1776 1409 1931 1457 eidem

158 1492 397 1541 Ludovico
430 1493 811 1558 archiepiscopo,
850 1494 929 1558 qui
964 1494 1109 1542 etiam
1144 1499 1245 1541 erat
1278 1492 1480 1540 clericus
1511 1508 1703 1549 camere
1738 1498 1933 1556 aposto-

157 1577 266 1637 lice,
288 1578 337 1625 in
359 1578 519 1627 officio
541 1579 794 1627 clericatus
815 1577 1095 1642 hujusmodi
1118 1580 1173 1624 D.
1200 1580 1412 1626 Ventura
1433 1576 1660 1624 Benassai
1685 1576 1929 1625 Senensis.

162 1677 314 1725 nuper
340 1666 581 1711 mercator
610 1666 876 1710 Romanam
900 1662 1083 1710 curiam
1117 1676 1342 1724 sequens,
1377 1659 1458 1724 qui
1486 1675 1572 1723 pro
1600 1675 1658 1707 eo
1682 1659 1818 1707 solvit
1845 1659 1933 1706 du-

160 1748 292 1792 catos
313 1751 389 1793 v¹¹¹.

226 1829 365 1877 Feria
399 1834 590 1892 quarta,
628 1835 655 1876 6
698 1830 878 1878 mensis
919 1830 1217 1889 novembris,
1255 1829 1383 1876 circa
1419 1828 1590 1875 horam
1635 1843 1755 1886 xvn,
1795 1831 1847 1874 R.
1886 1828 1933 1874 in

162 1913 352 1961 Christo
389 1915 441 1960 P.
480 1916 536 1960 D.
573 1913 788 1977 Egerdus
823 1914 1068 1977 Duerkop,
1103 1912 1358 1976 episcopus
1391 1911 1728 1971 Slesvicensis,
1756 1927 1932 1974 prepo-

163 1996 279 2043 situs
302 1996 699 2057 Hildesemensis,
725 2014 848 2045 unus
883 2014 942 2045 ex
971 1997 1177 2045 dominis
1209 2011 1464 2044 causarum
1493 1994 1680 2058 palatii,
1717 1994 1932 2042 advocati

160 2081 321 2128 locum
344 2086 533 2141 tenens,
559 2085 728 2141 Rome,
750 2083 798 2129 in
830 2083 974 2130 domo
997 2081 1210 2130 secunda
1235 2080 1486 2144 hospitalis
1517 2078 1666 2126 nostri
1688 2095 1771 2127 sue
1794 2079 1932 2127 solite

160 2165 485 2225 habitationis,
517 2181 594 2214 me
624 2170 868 2229 presente,
903 2164 1062 2212 emisit
1089 2163 1328 2228 spiritum,
1356 2164 1495 2226 cujus
1529 2162 1688 2210 anime
1720 2162 1936 2210 Salvator

160 2254 326 2297 noster
358 2249 580 2314 dignetur
615 2249 853 2298 misereri.
892 2252 1020 2312 Papa
1060 2248 1108 2295 in
1150 2252 1337 2296 secreto
1381 2245 1661 2295 consistoris
1702 2245 1931 2304 existens,

160 2332 253 2380 hoc
278 2333 542 2391 intellecto,
569 2349 682 2396 vage
704 2332 921 2381 relationi
943 2330 1145 2379 credidit
1166 2334 1213 2378 et
1234 2329 1491 2378 ecclesiam
1520 2328 1869 2377 Slesviceusem
1889 2333 1935 2376 et

163 2416 324 2463 omnia
353 2416 589 2464 beneficia
609 2432 702 2479 que
727 2417 970 2480 predictus
998 2400 1255 2462 defunctus¹
1275 2414 1432 2462 vivens
1452 2412 1718 2471 obtinebat,
1742 2411 1936 2474 dempta

163 2500 467 2563 prepositura
498 2499 875 2558 Hildesemensi,
906 2502 1045 2547 Rmo.
1083 2501 1140 2546 D.
1178 2497 1410 2546 cardinali
1447 2495 1760 2559 Agrigentino
1800 2510 1936 2542 com-

163 2583 403 2631 mendavit
421 2583 481 2630 ad
496 2583 663 2642 vita1n3
689 2584 1042 2647 preposituram
1061 2587 1222 2630 autem
1244 2581 1509 2644 predictam
1529 2578 1731 2628 contulit
1751 2578 1937 2626 archie-

164 2667 360 2730 piscopo
382 2666 629 2725 Tranensi,
655 2682 739 2714 seu
762 2682 890 2726 cum,
915 2666 994 2729 qui
1021 2681 1131 2713 cum
1162 2665 1390 2727 episcopo
1419 2662 1645 2711 defuncto
1669 2678 1814 2726 super
1834 2661 1938 2725 ipsa

164 2751 466 2815 prepositura
500 2750 717 2814 litigabat
760 2749 809 2797 in
847 2750 926 2813 jus
967 2748 1181 2797 defuncti
1227 2747 1476 2810 subrogari
1517 2745 1776 2794 mandavit.
1814 2747 1932 2808 Ego,

165 2849 309 2896 quem
345 2833 588 2896 predictus
620 2833 874 2882 defunctus
908 2833 1186 2897 episcopus,
1218 2832 1344 2880 inter
1379 2831 1521 2890 alios,
1559 2828 1833 2878 testamenti
1868 2828 1937 2875 sui

165 2922 474 2965 executorem
501 2917 830 2981 deputaverat,
854 2917 988 2965 finito
1017 2915 1322 2974 consistorio,
1349 2912 1514 2961 intravi
1544 2913 1605 2960 ad
1634 2912 1935 2970 Pontificem,

165 2999 436 3062 supplicans
473 3000 722 3049 Sanctitati
760 3016 862 3061 sue,
898 3000 1089 3048 RRmis.
1133 3001 1232 3046 DD.
1264 2996 1587 3045 cardinalibus
1629 2995 1939 3044 Ulixbonensi

165 3083 211 3127 et
233 3082 434 3129 Senensi
455 3082 646 3141 mediis,
678 3088 729 3132 ut
755 3086 1097 3131 testamentum
1126 3081 1338 3146 episcopi
1367 3079 1649 3128 auctoritate
1678 3078 1941 3141 apostolica

166 3162 253 3209 sibi
283 3164 573 3228 suffragante
604 3166 783 3214 factum
817 3166 1106 3230 approbaret
1137 3171 1185 3214 et
1216 3166 1377 3213 locum
1407 3163 1588 3210 habere
1619 3160 1938 3224 promitteret,

166 3252 214 3293 et
255 3247 528 3307 mandaret,
566 3250 695 3311 quod
734 3249 971 3298 Sanctitas
1010 3265 1097 3296 sua
1135 3248 1318 3296 annuit.
1360 3249 1418 3292 Et
1458 3244 1571 3307 quia
1613 3242 1942 3290 intellexeram

171 3333 357 3378 Rmum.
394 3331 832 3397 archiepiscopum,
865 3333 989 3381 alme
1024 3333 1163 3380 Urbis
1195 3331 1589 3395 gubernatorem,
1623 3325 1799 3374 ibidem
1832 3342 1944 3388 pre-

166 3418 374 3475 sentem,
400 3414 716 3468 inventorium
739 3417 955 3465 omnium
984 3416 1223 3464 bonorum
1244 3429 1331 3477 per
1352 3412 1635 3460 defunctum
1659 3409 1941 3473 episcopum
