2202 3900
302 307 371 342 366
907 309 1139 347 JOHANNtS
1172 310 1467 357 BURCHARDI‚
1869 314 1954 355 [Μαί
1978 316 2071 355 1491]

302 407 585 457 Valentinus
619 414 667 458 et
699 410 757 459 de
787 412 977 475 Borgia,
1001 413 1284 462 cardinales.
1313 417 1547 461 Reversus
1581 416 1655 460 est
1681 411 1812 472 inde,
1832 414 1909 464 die
1933 416 2064 475 lune,

301 492 328 537 8
350 489 493 554 hujus
514 491 564 538 in
586 509 694 541 sero
711 493 790 558 (1).

365 574 591 634 Sahbato,
620 579 676 624 13
709 576 839 634 maii,
864 577 1025 640 vigilia
1056 580 1384 636 Pentecostes,
1415 577 1615 626 mutatio
1646 594 1939 643 capparum;
1972 579 2069 629 fue-

298 660 409 703 runt
430 671 627 718 vespere
649 659 843 722 papales
865 659 912 705 in
935 660 1119 723 capella
1137 661 1341 724 majore,
1366 662 1495 724 Papa
1511 666 1737 724 presente
1763 678 1773 710 ;
1799 662 1969 711 eadem
1990 662 2066 711 die

296 738 504 785 inmane
534 738 619 786 fuit
649 740 832 788 electus
858 741 907 788 in
934 742 1208 790 ministrum
1238 744 1514 806 generalem
1544 744 1891 794 heremitarum
1915 763 1955 794 s.
1975 748 2068 794 Au-

295 820 472 882 gustini
495 821 643 870 frater
670 823 910 871 Marianus
938 824 996 872 de
1026 827 1355 886 Gennazzano,
1381 842 1623 886 romanus,
1649 828 1697 875 in
1728 829 1926 877 sacrista
1950 844 2067 878 con-

295 907 458 951 ventus
487 904 689 953 fratrum
716 906 897 954 ordinis
915 908 1133 971 predicti,
1158 924 1244 972 per
1268 910 1545 972 generalem
1570 911 1827 974 capitulum
1849 912 2066 976 ejusdem

293 986 472 1034 ordinis
509 988 684 1037 ibidem
732 1005 790 1038 ex
829 1006 963 1039 more
1001 997 1365 1055 congregatum,
1403 994 1480 1040 cui
1514 997 1678 1042 Rmus.
1717 998 1774 1043 D.
1811 994 2064 1053 cardinalis

292 1085 329 1115 s.
363 1070 572 1134 Georgii,
599 1074 655 1118 D.
682 1074 810 1135 Pape
847 1074 1138 1121 camerarius
1173 1078 1220 1122 et
1252 1074 1365 1122 dicti
1396 1075 1576 1123 ordinis
1606 1081 1853 1139 protector
1882 1081 1930 1125 et
1960 1079 2057 1125 RR.

291 1154 380 1199 PP.
407 1153 614 1201 Jac'obus
638 1155 911 1204 Caiacensis
930 1162 978 1205 et
998 1157 1240 1206 Mattheus
1260 1158 1597 1216 viterbiensis,
1616 1159 1846 1223 episcopi,
1867 1164 1913 1208 et
1932 1160 2064 1208 111115.-

290 1235 389 1282 tris.
418 1238 474 1283 D.
501 1238 736 1288 Henricus
768 1240 865 1287 dux
894 1240 1232 1300 Brusticensis,
1258 1241 1551 1290 serenissimi
1580 1245 1907 1291 Romanorum
1935 1244 2063 1308 regis

288 1323 464 1378 orator,
489 1325 537 1368 et
559 1324 615 1368 R.
643 1324 699 1370 D.
724 1323 993 1372 Ludovicus
1019 1325 1077 1372 de
1105 1324 1315 1388 Spinola,
1339 1325 1465 1373 sedis
1494 1326 1758 1389 apostolice
1786 1331 2063 1391 protonota-

287 1401 381 1449 rius
404 1402 744 1464 interfuerunt,
769 1423 917 1470 prope
939 1408 1087 1456 altare
1109 1407 1235 1456 dicte
1257 1408 1474 1457 sacristie
1491 1409 1733 1458 sedentes.

353 1485 532 1534 Electio
551 1492 712 1536 autem
737 1489 786 1536 in
806 1490 935 1538 hunc
957 1490 1110 1539 ferme
1131 1491 1329 1538 modum
1348 1492 1590 1540 celebrata
1610 1497 1699 1541 est.

350 1569 575 1618 Ordinata
596 1571 686 1618 tuit
702 1588 872 1620 mensa
892 1590 990 1621 non
1010 1574 1153 1637 longe
1172 1590 1200 1621 a
1214 1574 1341 1622 dicto
1363 1574 1499 1622 altari
1512 1575 1646 1638 juxta
1671 1591 1813 1638 quam
1832 1575 2059 1624 sederunt

283 1656 380 1701 tres
402 1653 574 1702 fratres
599 1659 911 1705 scrutatores.
939 1659 1103 1704 Frater
1131 1657 1370 1705 Marianus
1397 1657 1642 1721 predictus
1675 1658 1755 1721 qui
1780 1674 1868 1722 per
1894 1658 2058 1707 sedem

281 1737 596 1800 apostolicam
617 1739 822 1787 vicarius
845 1740 1084 1802 generalis
1104 1741 1258 1788 fuerat
1280 1740 1804 1799 electuS,·renunciavit
1826 1741 1874 1788 in
1895 1741 2061 1804 primis

280 1821 558 1884 hujusmodi
595 1822 849 1871 vicariatus
883 1823 1096 1870 officium
1122 1839 1130 1871 :
1156 1839 1250 1886 quo
1278 1824 1422 1883 facto,
1449 1824 1594 1872 voluit
1625 1824 1893 1873 sacristiam
1927 1825 2057 1873 exire

279 1903 408 1966 quod
447 1904 702 1953 cardinalis
742 1906 894 1954 noluit
932 1907 1236 1970 permittere,
1274 1923 1384 1954 cum
1418 1908 1560 1956 breve
1605 1923 1746 1955 suum
1780 1907 2058 1958 continebat

324 2052 356 2087 1.
385 2050 607 2089 Alessandro
627 2052 751 2089 Bracci
774 2053 922 2090 ecrivait
946 2066 1018 2090 aux
1038 2054 1071 2090 X
1096 2055 1140 2090 de
1161 2053 1194 2089 la
1215 2053 1358 2090 Liberte'·
1379 2057 1400 2091 a
1420 2053 1453 2090 la
1473 2055 1555 2091 date
1576 2055 1626 2091 du
1643 2056 1667 2092 5
1686 2054 1757 2091 mai
1780 2066 1789 2092 z
1807 2070 1825 2089 «
1925 2054 1970 2091 Di
1990 2055 2062 2092 che

275 2122 347 2147 non
369 2111 469 2159 parlo
497 2124 606 2149 sanza
631 2113 753 2150 buono
778 2113 1023 2150 fondamento.
1046 2114 1099 2150 Da
1127 2118 1257 2161 questa
1283 2113 1481 2150 medesima
1500 2114 1598 2151 fonte
1618 2114 1665 2150 ho
1686 2114 1751 2151 che
1773 2125 1794 2151 a
1814 2118 1949 2162 questa
1967 2115 2056 2151 hora

273 2171 307 2206 lo
327 2172 476 2207 accordo
497 2177 554 2207 tra
574 2173 607 2208 el
625 2174 728 2219 Papa
746 2177 779 2209 et
798 2174 873 2210 San
891 2174 997 2209 Piero
1023 2174 1072 2209 ad
1095 2174 1249 2210 Vincula
1268 2175 1286 2209 c*
1314 2175 1429 2218 fermo
1450 2178 1482 2210 et
1505 2174 1703 2210 render-alli
1722 2175 1854 2210 Hostia
1873 2185 1938 2222 per
1955 2172 2052 2210 assi-

273 2230 426 2276 curarlo‚
447 2236 482 2268 ct
502 2234 575 2268 cosi
594 2234 626 2268 si
653 2235 739 2277 foret
768 2234 956 2269 restituire
975 2234 1011 2268 al
1035 2233 1194 2277 Pres'etto
1215 2236 1310 2268 lucto
1333 2234 1365 2268 lo
1385 2233 1499 2273 Scato,
1523 2233 1651 2269 bench&
1678 2234 1711 2269 ci
1737 2235 1950 2278 intervenqa
1975 2243 2052 2269 una

272 2292 529 2336 compositione
551 2293 591 2327 di
612 2291 737 2328 danari
760 2303 767 2327 :
797 2296 832 2328 et
857 2292 892 2327 di
915 2296 1045 2339 questo
1072 2292 1229 2328 achordo
1256 2291 1266 2326 i
1291 2290 1462 2327 Vinitiani
1491 2302 1580 2327 sono
1608 2290 1691 2327 stati
1716 2302 1780 2339 per
1806 2290 2052 2328 instrumento

272 2348 308 2384 di
328 2350 395 2386 che
414 2349 462 2385 mi
483 2350 649 2387 richordo
670 2351 705 2386 di
726 2351 857 2388 havere
880 2351 1013 2399 scripto
1041 2363 1103 2398 per
1130 2350 1217 2387 altre
1243 2350 1277 2387 la
1301 2349 1465 2398 cagione.
1490 2350 1574 2396 (Les
1595 2354 1690 2387 mots
1711 2361 1756 2386 en
1776 2349 1946 2398 italiques
1968 2354 2053 2387 sont

272 2420 317 2444 en
334 2408 480 2446 chiffres
502 2422 565 2446 sur
585 2409 790 2458 l’original).
816 2411 940 2457 (Arch.
963 2412 1123 2455 Fiorent,
1145 2409 1232 2446 clas.
1255 2410 1303 2455 X,
1324 2409 1408 2447 dist.
1431 2422 1469 2446 n.
1490 2422 1527 2447 n.
1548 2411 1608 2454 53,
1630 2421 1652 2445 0
1670 2421 1700 2446 c.
1722 2410 1808 2445 270.
1829 2410 1881 2454 v.)
1903 2409 1978 2446 Sur
1995 2415 2052 2447 001

271 2468 399 2504 accord
420 2472 520 2506 entre
540 2469 572 2506 10
592 2471 691 2518 Pape
712 2474 748 2507 et
766 2470 783 2506 J
790 2470 886 2507 ulien
906 2471 950 2506 de
971 2469 1004 2506 10
1019 2470 1172 2515 Revere,
1190 2470 1340 2506 Sanudo
1356 2469 1444 2507 ecrit
1464 2481 1473 2506 :
1491 2484 1509 2503 «
1529 2470 1574 2506 Et
1594 2480 1615 2505 a
1634 2469 1670 2504 di
1688 2469 1726 2514 6,
1740 2480 1833 2505 vene
1854 2467 1962 2505 0110111
1982 2468 2049 2505 101-

270 2531 345 2564 tere
365 2527 402 2563 di
422 2527 537 2565 Roma
563 2528 599 2565 di
628 2529 661 2565 10
688 2529 901 2566 conclusion
924 2528 961 2564 di
987 2528 1145 2565 l'acordo
1169 2528 1257 2566 fatto
1277 2532 1333 2565 tra
1357 2527 1391 2564 la
1418 2526 1552 2564 santita
1577 2526 1627 2562 dil
1653 2530 1780 2563 nostro
1807 2525 1937 2574 signer
1966 2530 2002 2563 et
2026 2526 2050 2562 il

270 2587 573 2625 reverendissimo
600 2588 758 2624 cardinal
788 2589 863 2625 San
890 2587 994 2625 Piero
1015 2589 1054 2623 in
1080 2589 1238 2632 vincula,
1261 2599 1321 2623 era
1343 2586 1380 2623 in
1405 2587 1553 2630 Franza,
1582 2597 1649 2622 con
1675 2589 1804 2633 queste
1831 2585 2016 2622 condition
2039 2597 2048 2623 ε

270 2646 360 2682 011οἸ
381 2647 550 2695 pontifice
571 2648 731 2696 perdona
757 2660 777 2684 a
803 2647 895 2685 ditto
922 2646 1082 2683 cardinal
1103 2647 1190 2695 ogni
1216 2647 1330 2683 offesa
1355 2651 1391 2684 et
1415 2646 1439 2682 li
1459 2646 1569 2683 rende
1589 2644 1672 2683 tutti
1692 2644 1714 2680 li
1747 2644 1802 2681 soi
1827 2644 1995 2682 beneficii
2015 2650 2049 2682 et

268 2704 399 2743 intrate
426 2717 445 2742 e
467 2706 573 2752 titoli,
602 2719 702 2744 come
728 2707 846 2754 prima
871 2706 998 2751 havia;
1026 2711 1062 2744 et
1094 2707 1159 2742 che
1178 2706 1200 2741 ’l
1224 2705 1333 2754 vegni
1361 2717 1383 2741 a
1403 2709 1479 2742 star
1509 2705 1546 2741 in
1572 2704 1676 2740 Italia
1702 2707 1739 2741 et
1763 2716 1835 2741 non
1863 2704 1986 2753 stagni
2011 2703 2046 2740 in

268 2763 424 2808 Franza;
446 2769 483 2801 et
501 2767 667 2802 venendo
688 2778 709 2803 a
728 2767 857 2812 Roma,
882 2766 906 2802 li
930 2766 1042 2802 rende
1067 2765 1102 2802 la
1127 2764 1197 2802 cita
1222 2764 1259 2800 di
1285 2764 1412 2801 Hostia
1431 2765 1498 2800 0110
1518 2764 1555 2800 fu
1577 2773 1657 2809 sua,
1679 2768 1715 2801 et
1741 2769 1861 2800 tamen
1882 2763 1976 2800 011οἹ
1993 2763 2048 2800 sia

269 2821 429 2870 obligato
449 2835 470 2859 a
489 2836 603 2872 pagar
623 2825 655 2862 al
676 2826 848 2874 pontifice
869 2825 990 2862 ducati
1011 2825 1116 2870 1200,
1137 2825 1204 2861 0110
1223 2823 1300 2860 dice
1321 2823 1432 2860 haver
1455 2834 1564 2871 speso
1584 2822 1621 2858 in
1648 2822 1682 2858 10
1706 2821 1869 2858 fabricha
1894 2834 1916 2858 a
1943 2821 2044 2859 forti-

267 2880 355 2917 ficar
373 2881 408 2918 la
427 2881 517 2919 ditta
537 2888 632 2920 terra
652 2889 687 2921 et
706 2885 853 2930 castelo,
873 2884 907 2920 10
927 2883 1010 2932 qual
1030 2883 1202 2919 riman'in
1222 2882 1388 2931 deposito
1407 2881 1443 2917 in
1464 2893 1571 2917 mano
1591 2879 1647 2917 de’
1669 2879 1852 2917 cardinali.

315 2941 403 2977 Item
422 2942 456 2978 al
477 2941 603 2990 signor
621 2942 773 2991 prefetto
796 2955 861 2979 suo
882 2942 1032 2987 fratello,
1054 2941 1087 2978 lo
1114 2941 1319 2978 restituisse
1344 2940 1404 2976 nel
1433 2938 1535 2977 titolo
1554 2939 1590 2975 di
1615 2938 1766 2987 prel'feto
1792 2937 1829 2973 di
1852 2938 1982 2984 Roma,
2004 2943 2040 2976 et

266 2999 357 3036 oltra
376 2999 400 3036 il
421 3001 579 3038 duchato
599 3001 635 3038 di
656 3001 747 3038 Sora
766 3002 833 3037 che
853 3001 940 3047 tien,
963 3004 1070 3039 etiam
1090 3000 1115 3036 li
1134 3001 1242 3045 dano,
1264 3011 1331 3036 con
1349 2998 1447 3036 voler
1465 2998 1515 3034 dil
1530 2997 1765 3034 serenissimo
1779 3008 1817 3033 re
1837 2997 1910 3034 don
1929 2997 2040 3035 Fede—

266 3057 339 3095 rico
359 3059 395 3095 di
414 3059 558 3109 Napoli,
580 3060 635 3097 col
655 3059 739 3108 qual
758 3062 867 3097 etiam
887 3059 918 3095 si
938 3061 1111 3096 accordoe
1133 3071 1152 3096 e
1170 3059 1195 3095 11
1210 3070 1290 3096 rese
1310 3058 1426 3095 alcuni
1446 3057 1540 3094 lochi
1560 3057 1626 3093 che
1646 3056 1683 3092 in
1703 3068 1822 3094 reame
1842 3056 1976 3101 teniva‚
1998 3067 2039 3094 or

265 3116 287 3151 li
309 3118 404 3155 dano
424 3118 543 3156 alcuni
564 3119 702 3156 castelli
722 3118 915 3168 propinqui
934 3130 955 3155 a
975 3118 1140 3167 Sinigaja
1166 3118 1232 3155 che
1257 3118 1293 3155 fo
1319 3117 1368 3154 dil
1394 3117 1583 3153 marchexe
1610 3115 1645 3152 di
1673 3116 1868 3161 Peschara,
1890 3114 1913 3152 li
1940 3114 2038 3164 quali

267 3186 398 3214 sarano
416 3178 541 3215 notadi
559 3181 620 3226 qui
652 3178 686 3214 in
714 3177 879 3226 margine
906 3177 966 3224 (5²).
997 3177 1043 3214 Et
1074 3181 1209 3225 quanto
1235 3189 1257 3214 a
1281 3177 1305 3213 li
1331 3176 1450 3213 ducati
1475 3177 1521 3212 40
1546 3175 1645 3212 milia
1675 3176 1742 3212 0110
1768 3187 1854 3212 0550
1884 3175 2036 3224 preffeto

264 3234 355 3271 tolse
375 3236 421 3272 da
440 3237 584 3274 l'orator
602 3238 651 3274 dil
669 3238 809 3274 Turcho
829 3238 894 3274 che
914 3236 938 3272 li
958 3241 1106 3284 portava
1124 3248 1146 3272 a
1164 3249 1248 3274 esso
1270 3248 1371 3285 papa,
1392 3235 1573 3272 rimaseno
1594 3235 1659 3272 che
1680 3246 1764 3272 esso
1779 3233 1939 3271 cardinal
1959 3234 2034 3272 San

264 3293 368 3331 Piero
388 3297 427 3332 in
457 3298 610 3335 Vincula
635 3297 734 3334 fusse
761 3296 810 3333 lui
831 3295 965 3345 judice,
994 3300 1030 3332 et
1057 3295 1093 3331 in
1120 3294 1170 3332 lui
1200 3295 1230 3333 si
1261 3295 1432 3332 rimeteva
1456 3294 1505 3331 tal
1531 3305 1652 3331 cossa.
1682 3293 1802 3338 Siche,
1831 3292 2034 3330 certissimo

265 3358 396 3399 questo
422 3357 552 3393 acordo
585 3356 728 3405 seguite
763 3360 799 3394 et
826 3355 912 3393 sono
942 3353 1076 3403 sigilati
1109 3354 1133 3391 li
1169 3354 1355 3405 capitolI...
1385 3369 1417 3392 ».
1445 3355 1580 3400 Marii,
1617 3353 1653 3389 di
1680 3354 1729 3391 M.
1766 3352 1920 3396 Sanuto,
1948 3355 1973 3390 t.
2003 3351 2031 3397 1,

264 3413 331 3451 col.
352 3414 473 3455 642-3.
