<?xml version="1.0" encoding="UTF-8"?>
<!DOCTYPE html PUBLIC "-//W3C//DTD XHTML 1.0 Transitional//EN"
    "http://www.w3.org/TR/xhtml1/DTD/xhtml1-transitional.dtd">
<html xmlns="http://www.w3.org/1999/xhtml" xml:lang="en" lang="en">
 <head>
  <title>
</title>
<meta http-equiv="Content-Type" content="text/html;charset=utf-8" />
  <meta name='ocr-system' content='tesseract 3.04.00' />
  <meta name='ocr-capabilities' content='ocr_page ocr_carea ocr_par ocr_line ocrx_word'/>
</head>
<body>
  <div class='ocr_page' id='page_1' title='image "./diariumsivererum02burcuoft_0382.png"; bbox 0 0 2202 3900; ppageno 0'>
   <div class='ocr_carea' id='block_1_1' title="bbox 282 318 2057 363">
    <p class='ocr_par' dir='ltr' id='par_1_1' title="bbox 282 318 2057 363">
     <span class='ocr_line' id='line_1_1' title="bbox 282 318 2057 363; baseline -0.002 -6"><span class='ocrx_word' id='word_1_1' title='bbox 282 322 351 357; x_wconf 78' lang='lat'>370</span> <span class='ocrx_word' id='word_1_2' title='bbox 891 318 1125 356; x_wconf 88' lang='lat' dir='ltr'><strong>JOHANNIS</strong></span> <span class='ocrx_word' id='word_1_3' title='bbox 1158 318 1454 363; x_wconf 82' lang='lat' dir='ltr'>BURCHARDI,</span> <span class='ocrx_word' id='word_1_4' title='bbox 1857 322 1940 361; x_wconf 87' lang='lat' dir='ltr'>[Mai</span> <span class='ocrx_word' id='word_1_5' title='bbox 1962 323 2057 362; x_wconf 81' lang='lat'>1497]</span> 
     </span>
    </p>
   </div>
   <div class='ocr_carea' id='block_1_2' title="bbox 281 420 2050 571">
    <p class='ocr_par' dir='ltr' id='par_1_2' title="bbox 281 420 2050 571">
     <span class='ocr_line' id='line_1_2' title="bbox 282 420 2050 486; baseline 0.001 -15"><span class='ocrx_word' id='word_1_6' title='bbox 282 423 539 471; x_wconf 86' lang='lat' dir='ltr'>sollicitare</span> <span class='ocrx_word' id='word_1_7' title='bbox 592 422 721 486; x_wconf 90' lang='lat' dir='ltr'>quod</span> <span class='ocrx_word' id='word_1_8' title='bbox 770 422 932 470; x_wconf 86' lang='lat' dir='ltr'>debite</span> <span class='ocrx_word' id='word_1_9' title='bbox 985 422 1250 485; x_wconf 79' lang='lat' dir='ltr'>procedant</span> <span class='ocrx_word' id='word_1_10' title='bbox 1297 421 1470 484; x_wconf 86' lang='lat' dir='ltr'>quibus</span> <span class='ocrx_word' id='word_1_11' title='bbox 1518 420 1621 483; x_wconf 86' lang='lat' dir='ltr'>ipse</span> <span class='ocrx_word' id='word_1_12' title='bbox 1663 421 1904 483; x_wconf 81' lang='lat' dir='ltr'><strong>prefectus</strong></span> <span class='ocrx_word' id='word_1_13' title='bbox 1955 426 2050 472; x_wconf 87' lang='lat' dir='ltr'>sive</span> 
     </span>
     <span class='ocr_line' id='line_1_3' title="bbox 281 505 1425 571; baseline -0.003 -16"><span class='ocrx_word' id='word_1_14' title='bbox 281 506 531 571; x_wconf 83' lang='lat' dir='ltr'>adjunctus</span> <span class='ocrx_word' id='word_1_15' title='bbox 555 511 629 555; x_wconf 87' lang='lat' dir='ltr'>est</span> <span class='ocrx_word' id='word_1_16' title='bbox 646 507 783 571; x_wconf 85' lang='lat' dir='ltr'>juxta</span> <span class='ocrx_word' id='word_1_17' title='bbox 803 506 1022 554; x_wconf 90' lang='lat' dir='ltr'>ordinem</span> <span class='ocrx_word' id='word_1_18' title='bbox 1047 505 1425 567; x_wconf 86' lang='lat' dir='ltr'>infrascriptum.</span> 
     </span>
    </p>
   </div>
   <div class='ocr_carea' id='block_1_3' title="bbox 277 605 2051 2407">
    <p class='ocr_par' dir='ltr' id='par_1_3' title="bbox 346 605 1136 669">
     <span class='ocr_line' id='line_1_4' title="bbox 346 605 1136 669; baseline -0.004 -14"><span class='ocrx_word' id='word_1_19' title='bbox 346 607 582 656; x_wconf 84' lang='lat' dir='ltr'>Antonius</span> <span class='ocrx_word' id='word_1_20' title='bbox 604 607 866 664; x_wconf 83' lang='lat' dir='ltr'>Laurentii,</span> <span class='ocrx_word' id='word_1_21' title='bbox 891 605 1136 669; x_wconf 84' lang='lat' dir='ltr'>magister,</span> 
     </span>
    </p>

    <p class='ocr_par' dir='ltr' id='par_1_4' title="bbox 347 690 939 747">
     <span class='ocr_line' id='line_1_5' title="bbox 347 690 939 747; baseline -0.003 -9"><span class='ocrx_word' id='word_1_22' title='bbox 347 690 605 739; x_wconf 87' lang='lat' dir='ltr'>Honusrius</span> <span class='ocrx_word' id='word_1_23' title='bbox 627 690 939 747; x_wconf 75' lang='lat' dir='ltr'>Ballistarius,</span> 
     </span>
    </p>

    <p class='ocr_par' dir='ltr' id='par_1_5' title="bbox 345 774 895 832">
     <span class='ocr_line' id='line_1_6' title="bbox 345 774 895 832; baseline -0.002 -10"><span class='ocrx_word' id='word_1_24' title='bbox 345 777 531 823; x_wconf 89' lang='lat' dir='ltr'>Uranus</span> <span class='ocrx_word' id='word_1_25' title='bbox 554 776 613 824; x_wconf 93' lang='lat' dir='ltr'>de</span> <span class='ocrx_word' id='word_1_26' title='bbox 636 774 895 832; x_wconf 88' lang='lat' dir='ltr'>Bellavilla‚</span> 
     </span>
    </p>

    <p class='ocr_par' dir='ltr' id='par_1_6' title="bbox 344 855 896 905">
     <span class='ocr_line' id='line_1_7' title="bbox 344 855 896 905; baseline 0.004 -3"><span class='ocrx_word' id='word_1_27' title='bbox 344 855 674 904; x_wconf 88' lang='lat' dir='ltr'>Ferdinandus</span> <span class='ocrx_word' id='word_1_28' title='bbox 696 858 754 905; x_wconf 93' lang='lat' dir='ltr'>de</span> <span class='ocrx_word' id='word_1_29' title='bbox 778 859 896 904; x_wconf 90' lang='lat' dir='ltr'>Poto</span> 
     </span>
    </p>

    <p class='ocr_par' dir='ltr' id='par_1_7' title="bbox 342 937 1947 1002">
     <span class='ocr_line' id='line_1_8' title="bbox 342 937 1947 1002; baseline -0.001 -15"><span class='ocrx_word' id='word_1_30' title='bbox 342 940 526 988; x_wconf 88' lang='lat' dir='ltr'>Nardus</span> <span class='ocrx_word' id='word_1_31' title='bbox 546 940 604 988; x_wconf 90' lang='lat' dir='ltr'>de</span> <span class='ocrx_word' id='word_1_32' title='bbox 626 939 858 1001; x_wconf 80' lang='lat' dir='ltr'>Fulgineo</span> <span class='ocrx_word' id='word_1_33' title='bbox 885 939 1109 987; x_wconf 84' lang='lat' dir='ltr'>sollicitet</span> <span class='ocrx_word' id='word_1_34' title='bbox 1130 938 1384 1002; x_wconf 84' lang='lat' dir='ltr'>magistros</span> <span class='ocrx_word' id='word_1_35' title='bbox 1405 937 1587 1001; x_wconf 89' lang='lat' dir='ltr'>plumbi</span> <span class='ocrx_word' id='word_1_36' title='bbox 1605 941 1651 986; x_wconf 92' lang='lat' dir='ltr'>et</span> <span class='ocrx_word' id='word_1_37' title='bbox 1670 938 1947 988; x_wconf 86' lang='lat' dir='ltr'>bullatores.</span> 
     </span>
    </p>

    <p class='ocr_par' dir='ltr' id='par_1_8' title="bbox 277 1022 2051 1171">
     <span class='ocr_line' id='line_1_9' title="bbox 334 1022 2051 1086; baseline 0.001 -16"><span class='ocrx_word' id='word_1_38' title='bbox 334 1024 579 1071; x_wconf 86' lang='lat' dir='ltr'>Johannes</span> <span class='ocrx_word' id='word_1_39' title='bbox 607 1024 763 1071; x_wconf 83' lang='lat' dir='ltr'>Minor</span> <span class='ocrx_word' id='word_1_40' title='bbox 787 1023 1011 1071; x_wconf 89' lang='lat' dir='ltr'>sollicitet</span> <span class='ocrx_word' id='word_1_41' title='bbox 1035 1022 1392 1070; x_wconf 84' lang='lat' dir='ltr'>abbreviatores</span> <span class='ocrx_word' id='word_1_42' title='bbox 1421 1022 1480 1070; x_wconf 90' lang='lat' dir='ltr'>de</span> <span class='ocrx_word' id='word_1_43' title='bbox 1510 1037 1658 1085; x_wconf 87' lang='lat' dir='ltr'>parco</span> <span class='ocrx_word' id='word_1_44' title='bbox 1685 1023 1858 1086; x_wconf 87' lang='lat' dir='ltr'>majori</span> <span class='ocrx_word' id='word_1_45' title='bbox 1879 1027 1926 1072; x_wconf 84' lang='lat' dir='ltr'>et</span> <span class='ocrx_word' id='word_1_46' title='bbox 1955 1040 2051 1071; x_wconf 88' lang='lat' dir='ltr'>ma-</span> 
     </span>
     <span class='ocr_line' id='line_1_10' title="bbox 277 1106 1838 1171; baseline 0.001 -18"><span class='ocrx_word' id='word_1_47' title='bbox 277 1106 453 1168; x_wconf 77' lang='lat' dir='ltr'>gistros</span> <span class='ocrx_word' id='word_1_48' title='bbox 477 1108 725 1170; x_wconf 87' lang='lat' dir='ltr'>utriusque</span> <span class='ocrx_word' id='word_1_49' title='bbox 748 1107 957 1171; x_wconf 75' lang='lat' dir='ltr'>registri.</span> <span class='ocrx_word' id='word_1_50' title='bbox 1835 1120 1838 1123; x_wconf 84' lang='grc'><em>·</em></span> 
     </span>
    </p>

    <p class='ocr_par' dir='ltr' id='par_1_9' title="bbox 342 1189 1742 1253">
     <span class='ocr_line' id='line_1_11' title="bbox 342 1189 1742 1253; baseline -0.001 -16"><span class='ocrx_word' id='word_1_51' title='bbox 342 1190 615 1239; x_wconf 89' lang='lat' dir='ltr'>Desiderius</span> <span class='ocrx_word' id='word_1_52' title='bbox 640 1190 887 1239; x_wconf 88' lang='lat' dir='ltr'>Bartholot</span> <span class='ocrx_word' id='word_1_53' title='bbox 905 1190 1129 1238; x_wconf 87' lang='lat' dir='ltr'>sollicitet</span> <span class='ocrx_word' id='word_1_54' title='bbox 1151 1191 1410 1253; x_wconf 76' lang='lat' dir='ltr'>scriptores</span> <span class='ocrx_word' id='word_1_55' title='bbox 1434 1189 1742 1253; x_wconf 87' lang='lat' dir='ltr'>apostolicos.</span> 
     </span>
    </p>

    <p class='ocr_par' dir='ltr' id='par_1_10' title="bbox 344 1273 1287 1336">
     <span class='ocr_line' id='line_1_12' title="bbox 344 1273 1287 1336; baseline 0.002 -17"><span class='ocrx_word' id='word_1_56' title='bbox 344 1273 673 1322; x_wconf 85' lang='lat' dir='ltr'>Ferdinandus</span> <span class='ocrx_word' id='word_1_57' title='bbox 697 1273 754 1322; x_wconf 91' lang='lat' dir='ltr'>de</span> <span class='ocrx_word' id='word_1_58' title='bbox 780 1276 1072 1336; x_wconf 82' lang='lat' dir='ltr'>Bergerano,</span> <span class='ocrx_word' id='word_1_59' title='bbox 1097 1275 1287 1322; x_wconf 80' lang='lat' dir='ltr'>absens.</span> 
     </span>
    </p>

    <p class='ocr_par' dir='ltr' id='par_1_11' title="bbox 343 1356 1850 1421">
     <span class='ocr_line' id='line_1_13' title="bbox 343 1356 1850 1421; baseline -0.001 -17"><span class='ocrx_word' id='word_1_60' title='bbox 343 1357 708 1414; x_wconf 86' lang='lat' dir='ltr'>Bartholomeus</span> <span class='ocrx_word' id='word_1_61' title='bbox 729 1357 947 1406; x_wconf 88' lang='lat' dir='ltr'>Miranda</span> <span class='ocrx_word' id='word_1_62' title='bbox 967 1357 1191 1406; x_wconf 89' lang='lat' dir='ltr'>sollicitet</span> <span class='ocrx_word' id='word_1_63' title='bbox 1214 1357 1471 1421; x_wconf 87' lang='lat' dir='ltr'>scriptores</span> <span class='ocrx_word' id='word_1_64' title='bbox 1494 1356 1850 1420; x_wconf 85' lang='lat' dir='ltr'>penitentiarie.</span> 
     </span>
    </p>

    <p class='ocr_par' dir='ltr' id='par_1_12' title="bbox 278 1438 2051 1572">
     <span class='ocr_line' id='line_1_14' title="bbox 339 1438 2051 1503; baseline -0.002 -13"><span class='ocrx_word' id='word_1_65' title='bbox 339 1444 491 1490; x_wconf 87' lang='lat' dir='ltr'>Lucas</span> <span class='ocrx_word' id='word_1_66' title='bbox 513 1441 572 1489; x_wconf 86' lang='lat' dir='ltr'>de</span> <span class='ocrx_word' id='word_1_67' title='bbox 594 1441 731 1489; x_wconf 86' lang='lat' dir='ltr'>Soria</span> <span class='ocrx_word' id='word_1_68' title='bbox 752 1441 975 1490; x_wconf 90' lang='lat' dir='ltr'>sollicitet</span> <span class='ocrx_word' id='word_1_69' title='bbox 997 1442 1352 1490; x_wconf 85' lang='lat' dir='ltr'>abbreviatores</span> <span class='ocrx_word' id='word_1_70' title='bbox 1374 1441 1432 1488; x_wconf 90' lang='lat' dir='ltr'>de</span> <span class='ocrx_word' id='word_1_71' title='bbox 1454 1455 1600 1503; x_wconf 88' lang='lat' dir='ltr'>parco</span> <span class='ocrx_word' id='word_1_72' title='bbox 1622 1439 1794 1487; x_wconf 88' lang='lat' dir='ltr'>minori</span> <span class='ocrx_word' id='word_1_73' title='bbox 1817 1443 1864 1487; x_wconf 87' lang='lat' dir='ltr'>et</span> <span class='ocrx_word' id='word_1_74' title='bbox 1896 1438 2051 1503; x_wconf 87' lang='lat' dir='ltr'>prima</span> 
     </span>
     <span class='ocr_line' id='line_1_15' title="bbox 278 1523 473 1572; baseline 0.01 -2"><span class='ocrx_word' id='word_1_75' title='bbox 278 1523 473 1572; x_wconf 71' lang='lat' dir='ltr'>visione.</span> 
     </span>
    </p>

    <p class='ocr_par' dir='ltr' id='par_1_13' title="bbox 347 1606 1979 1671">
     <span class='ocr_line' id='line_1_16' title="bbox 347 1606 1979 1671; baseline 0 -17"><span class='ocrx_word' id='word_1_76' title='bbox 347 1607 626 1656; x_wconf 91' lang='lat' dir='ltr'>Dominicus</span> <span class='ocrx_word' id='word_1_77' title='bbox 650 1608 707 1657; x_wconf 94' lang='lat' dir='ltr'>de</span> <span class='ocrx_word' id='word_1_78' title='bbox 730 1608 927 1658; x_wconf 90' lang='lat' dir='ltr'>Villanis</span> <span class='ocrx_word' id='word_1_79' title='bbox 950 1608 1172 1656; x_wconf 91' lang='lat' dir='ltr'>sollicitet</span> <span class='ocrx_word' id='word_1_80' title='bbox 1194 1612 1532 1671; x_wconf 74' lang='lat' dir='ltr'>procuratores</span> <span class='ocrx_word' id='word_1_81' title='bbox 1554 1606 1979 1655; x_wconf 90' lang='lat' dir='ltr'>contradictarum.</span> 
     </span>
    </p>

    <p class='ocr_par' dir='ltr' id='par_1_14' title="bbox 346 1690 1790 1755">
     <span class='ocr_line' id='line_1_17' title="bbox 346 1690 1790 1755; baseline 0 -18"><span class='ocrx_word' id='word_1_82' title='bbox 346 1690 497 1738; x_wconf 91' lang='lat' dir='ltr'>Guido</span> <span class='ocrx_word' id='word_1_83' title='bbox 520 1692 809 1740; x_wconf 87' lang='lat' dir='ltr'>Frobistardi</span> <span class='ocrx_word' id='word_1_84' title='bbox 833 1692 1055 1740; x_wconf 87' lang='lat' dir='ltr'>sollicitet</span> <span class='ocrx_word' id='word_1_85' title='bbox 1077 1697 1415 1755; x_wconf 79' lang='lat' dir='ltr'>procuratores</span> <span class='ocrx_word' id='word_1_86' title='bbox 1436 1690 1790 1754; x_wconf 87' lang='lat' dir='ltr'>penitentiarie.</span> 
     </span>
    </p>

    <p class='ocr_par' dir='ltr' id='par_1_15' title="bbox 344 1773 1851 1823">
     <span class='ocr_line' id='line_1_18' title="bbox 344 1773 1851 1823; baseline -0.001 -1"><span class='ocrx_word' id='word_1_87' title='bbox 344 1774 712 1823; x_wconf 89' lang='lat' dir='ltr'>Bartholomeus</span> <span class='ocrx_word' id='word_1_88' title='bbox 736 1778 896 1823; x_wconf 88' lang='lat' dir='ltr'>Senna</span> <span class='ocrx_word' id='word_1_89' title='bbox 916 1775 1138 1823; x_wconf 88' lang='lat' dir='ltr'>sollicitet</span> <span class='ocrx_word' id='word_1_90' title='bbox 1159 1774 1370 1822; x_wconf 88' lang='lat' dir='ltr'>notarios</span> <span class='ocrx_word' id='word_1_91' title='bbox 1392 1773 1620 1822; x_wconf 86' lang='lat' dir='ltr'>auditoris</span> <span class='ocrx_word' id='word_1_92' title='bbox 1643 1789 1851 1821; x_wconf 87' lang='lat' dir='ltr'>camere.</span> 
     </span>
    </p>

    <p class='ocr_par' dir='ltr' id='par_1_16' title="bbox 345 1857 1746 1907">
     <span class='ocr_line' id='line_1_19' title="bbox 345 1857 1746 1907; baseline -0.003 -1"><span class='ocrx_word' id='word_1_93' title='bbox 345 1859 711 1907; x_wconf 88' lang='lat' dir='ltr'>Bartholomeus</span> <span class='ocrx_word' id='word_1_94' title='bbox 732 1861 876 1906; x_wconf 88' lang='lat' dir='ltr'>Perez</span> <span class='ocrx_word' id='word_1_95' title='bbox 897 1858 1119 1906; x_wconf 86' lang='lat' dir='ltr'>sollicitet</span> <span class='ocrx_word' id='word_1_96' title='bbox 1140 1858 1353 1906; x_wconf 87' lang='lat' dir='ltr'>notarios</span> <span class='ocrx_word' id='word_1_97' title='bbox 1376 1857 1603 1905; x_wconf 88' lang='lat' dir='ltr'>auditoris</span> <span class='ocrx_word' id='word_1_98' title='bbox 1628 1861 1746 1905; x_wconf 91' lang='lat' dir='ltr'>rote.</span> 
     </span>
    </p>

    <p class='ocr_par' dir='ltr' id='par_1_17' title="bbox 287 1940 2049 2074">
     <span class='ocr_line' id='line_1_20' title="bbox 340 1940 2049 2003; baseline 0 -15"><span class='ocrx_word' id='word_1_99' title='bbox 340 1942 617 1990; x_wconf 86' lang='lat' dir='ltr'>Dominicus</span> <span class='ocrx_word' id='word_1_100' title='bbox 651 1942 976 1993; x_wconf 84' lang='lat' dir='ltr'>Vualleferino</span> <span class='ocrx_word' id='word_1_101' title='bbox 1008 1942 1229 1990; x_wconf 90' lang='lat' dir='ltr'>sollicitet</span> <span class='ocrx_word' id='word_1_102' title='bbox 1263 1941 1597 1990; x_wconf 77' lang='lat' dir='ltr'>sollicitatores</span> <span class='ocrx_word' id='word_1_103' title='bbox 1627 1940 1875 1988; x_wconf 89' lang='lat' dir='ltr'>literarum</span> <span class='ocrx_word' id='word_1_104' title='bbox 1906 1956 2049 2003; x_wconf 90' lang='lat' dir='ltr'>apos-</span> 
     </span>
     <span class='ocr_line' id='line_1_21' title="bbox 287 2025 553 2074; baseline 0.004 -1"><span class='ocrx_word' id='word_1_105' title='bbox 287 2025 553 2074; x_wconf 86' lang='lat' dir='ltr'>toliearum.</span> 
     </span>
    </p>

    <p class='ocr_par' dir='ltr' id='par_1_18' title="bbox 340 2108 1642 2173">
     <span class='ocr_line' id='line_1_22' title="bbox 340 2108 1642 2173; baseline 0 -18"><span class='ocrx_word' id='word_1_106' title='bbox 340 2108 586 2162; x_wconf 82' lang='lat' dir='ltr'>Johannes</span> <span class='ocrx_word' id='word_1_107' title='bbox 608 2109 667 2156; x_wconf 89' lang='lat' dir='ltr'>de</span> <span class='ocrx_word' id='word_1_108' title='bbox 689 2111 818 2158; x_wconf 89' lang='lat' dir='ltr'>Mota</span> <span class='ocrx_word' id='word_1_109' title='bbox 841 2110 1064 2160; x_wconf 88' lang='lat' dir='ltr'>sollicitet</span> <span class='ocrx_word' id='word_1_110' title='bbox 1086 2111 1421 2159; x_wconf 79' lang='lat' dir='ltr'>sollicitatores</span> <span class='ocrx_word' id='word_1_111' title='bbox 1443 2108 1642 2173; x_wconf 87' lang='lat' dir='ltr'>plumbi.</span> 
     </span>
    </p>

    <p class='ocr_par' dir='ltr' id='par_1_19' title="bbox 339 2191 842 2255">
     <span class='ocr_line' id='line_1_23' title="bbox 339 2191 842 2255; baseline 0.002 -16"><span class='ocrx_word' id='word_1_112' title='bbox 339 2191 585 2239; x_wconf 88' lang='lat' dir='ltr'>Johannes</span> <span class='ocrx_word' id='word_1_113' title='bbox 606 2193 665 2240; x_wconf 92' lang='lat' dir='ltr'>de</span> <span class='ocrx_word' id='word_1_114' title='bbox 694 2192 842 2255; x_wconf 80' lang='lat' dir='ltr'>Regio</span> 
     </span>
    </p>

    <p class='ocr_par' dir='ltr' id='par_1_20' title="bbox 342 2273 1868 2341">
     <span class='ocr_line' id='line_1_24' title="bbox 342 2273 1868 2341; baseline -0.002 -18"><span class='ocrx_word' id='word_1_115' title='bbox 342 2275 841 2325; x_wconf 85' lang='lat' dir='ltr'>EberardusdeVinea</span> <span class='ocrx_word' id='word_1_116' title='bbox 909 2276 1166 2326; x_wconf 85' lang='lat' dir='ltr'>sollicitent</span> <span class='ocrx_word' id='word_1_117' title='bbox 1185 2276 1549 2341; x_wconf 82' lang='lat' dir='ltr'>processionem</span> <span class='ocrx_word' id='word_1_118' title='bbox 1572 2274 1688 2323; x_wconf 87' lang='lat' dir='ltr'>cleri</span> <span class='ocrx_word' id='word_1_119' title='bbox 1712 2273 1868 2322; x_wconf 83' lang='lat' dir='ltr'>Urbis.</span> 
     </span>
    </p>

    <p class='ocr_par' dir='ltr' id='par_1_21' title="bbox 342 2357 799 2407">
     <span class='ocr_line' id='line_1_25' title="bbox 342 2357 799 2407; baseline -0.004 0"><span class='ocrx_word' id='word_1_120' title='bbox 342 2358 550 2407; x_wconf 89' lang='lat' dir='ltr'>Jacobus</span> <span class='ocrx_word' id='word_1_121' title='bbox 571 2357 630 2406; x_wconf 93' lang='lat' dir='ltr'>de</span> <span class='ocrx_word' id='word_1_122' title='bbox 653 2360 799 2406; x_wconf 89' lang='lat' dir='ltr'>Hoste</span> 
     </span>
    </p>
   </div>
   <div class='ocr_carea' id='block_1_4' title="bbox 1231 645 2053 860">
    <p class='ocr_par' dir='ltr' id='par_1_22' title="bbox 1231 645 2053 860">
     <span class='ocr_line' id='line_1_26' title="bbox 1231 645 2049 710; baseline 0.002 -17"><span class='ocrx_word' id='word_1_123' title='bbox 1231 645 1488 694; x_wconf 90' lang='lat' dir='ltr'>sollicitent</span> <span class='ocrx_word' id='word_1_124' title='bbox 1502 649 1649 694; x_wconf 90' lang='lat' dir='ltr'>totam</span> <span class='ocrx_word' id='word_1_125' title='bbox 1670 647 2049 710; x_wconf 84' lang='lat' dir='ltr'>processionem,</span> 
     </span>
     <span class='ocr_line' id='line_1_27' title="bbox 1294 728 2053 779; baseline 0.003 -4"><span class='ocrx_word' id='word_1_126' title='bbox 1294 728 1523 777; x_wconf 88' lang='lat' dir='ltr'>continuo</span> <span class='ocrx_word' id='word_1_127' title='bbox 1541 728 1656 777; x_wconf 89' lang='lat' dir='ltr'>hinc</span> <span class='ocrx_word' id='word_1_128' title='bbox 1678 729 1787 778; x_wconf 85' lang='lat' dir='ltr'>inde</span> <span class='ocrx_word' id='word_1_129' title='bbox 1812 735 2053 779; x_wconf 89' lang='lat' dir='ltr'>transcur-</span> 
     </span>
     <span class='ocr_line' id='line_1_28' title="bbox 1292 813 1459 860; baseline 0.012 -2"><span class='ocrx_word' id='word_1_130' title='bbox 1292 813 1459 860; x_wconf 86' lang='lat' dir='ltr'>rendo.</span> 
     </span>
    </p>
   </div>
   <div class='ocr_carea' id='block_1_5' title="bbox 277 2469 2048 2769">
    <p class='ocr_par' dir='ltr' id='par_1_23' title="bbox 277 2469 2048 2769">
     <span class='ocr_line' id='line_1_29' title="bbox 344 2469 2046 2534; baseline 0.001 -18"><span class='ocrx_word' id='word_1_131' title='bbox 344 2469 400 2516; x_wconf 89' lang='lat' dir='ltr'>Et</span> <span class='ocrx_word' id='word_1_132' title='bbox 429 2469 598 2517; x_wconf 88' lang='lat' dir='ltr'>eadem</span> <span class='ocrx_word' id='word_1_133' title='bbox 633 2470 727 2528; x_wconf 80' lang='lat' dir='ltr'>die,</span> <span class='ocrx_word' id='word_1_134' title='bbox 758 2470 1034 2534; x_wconf 85' lang='lat' dir='ltr'>capellanus</span> <span class='ocrx_word' id='word_1_135' title='bbox 1065 2471 1377 2519; x_wconf 87' lang='lat' dir='ltr'>collectorum</span> <span class='ocrx_word' id='word_1_136' title='bbox 1400 2470 1582 2534; x_wconf 86' lang='lat' dir='ltr'>plumbi</span> <span class='ocrx_word' id='word_1_137' title='bbox 1614 2469 1906 2534; x_wconf 82' lang='lat' dir='ltr'>presentavit</span> <span class='ocrx_word' id='word_1_138' title='bbox 1928 2472 2046 2518; x_wconf 89' lang='lat' dir='ltr'>Rmo</span> 
     </span>
     <span class='ocr_line' id='line_1_30' title="bbox 280 2551 2048 2619; baseline -0.001 -19"><span class='ocrx_word' id='word_1_139' title='bbox 280 2555 335 2600; x_wconf 76' lang='grc' dir='ltr'>Ι).</span> <span class='ocrx_word' id='word_1_140' title='bbox 380 2553 643 2602; x_wconf 87' lang='lat' dir='ltr'>camerario</span> <span class='ocrx_word' id='word_1_141' title='bbox 683 2553 877 2601; x_wconf 88' lang='lat' dir='ltr'>nomina</span> <span class='ocrx_word' id='word_1_142' title='bbox 914 2560 961 2601; x_wconf 86' lang='lat' dir='ltr'>et</span> <span class='ocrx_word' id='word_1_143' title='bbox 997 2554 1288 2617; x_wconf 84' lang='lat' dir='ltr'>cognomina</span> <span class='ocrx_word' id='word_1_144' title='bbox 1323 2553 1635 2619; x_wconf 87' lang='lat' dir='ltr'>collectorum</span> <span class='ocrx_word' id='word_1_145' title='bbox 1676 2551 1879 2617; x_wconf 87' lang='lat' dir='ltr'>plumbi,</span> <span class='ocrx_word' id='word_1_146' title='bbox 1914 2553 2048 2616; x_wconf 85' lang='lat' dir='ltr'>juxta</span> 
     </span>
     <span class='ocr_line' id='line_1_31' title="bbox 278 2635 2047 2702; baseline -0.001 -19"><span class='ocrx_word' id='word_1_147' title='bbox 278 2636 556 2685; x_wconf 89' lang='lat' dir='ltr'>mandatum</span> <span class='ocrx_word' id='word_1_148' title='bbox 589 2637 677 2684; x_wconf 90' lang='lat' dir='ltr'>sibi</span> <span class='ocrx_word' id='word_1_149' title='bbox 704 2637 902 2696; x_wconf 85' lang='lat' dir='ltr'>factum,</span> <span class='ocrx_word' id='word_1_150' title='bbox 925 2641 972 2685; x_wconf 84' lang='lat' dir='ltr'>et</span> <span class='ocrx_word' id='word_1_151' title='bbox 999 2637 1128 2686; x_wconf 87' lang='lat' dir='ltr'>idem</span> <span class='ocrx_word' id='word_1_152' title='bbox 1156 2640 1319 2686; x_wconf 89' lang='lat' dir='ltr'>Rmus.</span> <span class='ocrx_word' id='word_1_153' title='bbox 1347 2639 1401 2685; x_wconf 89' lang='lat' dir='ltr'>D.</span> <span class='ocrx_word' id='word_1_154' title='bbox 1427 2637 1545 2685; x_wconf 86' lang='lat' dir='ltr'>mihi</span> <span class='ocrx_word' id='word_1_155' title='bbox 1566 2636 1858 2702; x_wconf 87' lang='lat' dir='ltr'>presentavit</span> <span class='ocrx_word' id='word_1_156' title='bbox 1876 2635 2047 2699; x_wconf 86' lang='lat' dir='ltr'>hujus-</span> 
     </span>
     <span class='ocr_line' id='line_1_32' title="bbox 277 2720 644 2769; baseline 0.008 -3"><span class='ocrx_word' id='word_1_157' title='bbox 277 2720 406 2768; x_wconf 88' lang='lat' dir='ltr'>modi</span> <span class='ocrx_word' id='word_1_158' title='bbox 428 2721 609 2769; x_wconf 87' lang='lat' dir='ltr'>tenoris</span> <span class='ocrx_word' id='word_1_159' title='bbox 635 2738 644 2769; x_wconf 92' lang='lat'><strong>:</strong></span> 
     </span>
    </p>
   </div>
   <div class='ocr_carea' id='block_1_6' title="bbox 407 2822 1182 2886">
    <p class='ocr_par' dir='ltr' id='par_1_24' title="bbox 407 2822 1182 2886">
     <span class='ocr_line' id='line_1_33' title="bbox 407 2822 1182 2886; baseline 0.004 -19"><span class='ocrx_word' id='word_1_160' title='bbox 407 2822 646 2870; x_wconf 85' lang='lat' dir='ltr'>Osficiales</span> <span class='ocrx_word' id='word_1_161' title='bbox 666 2822 942 2871; x_wconf 87' lang='lat' dir='ltr'>collectorie</span> <span class='ocrx_word' id='word_1_162' title='bbox 964 2823 1145 2886; x_wconf 89' lang='lat' dir='ltr'>plumbi</span> <span class='ocrx_word' id='word_1_163' title='bbox 1174 2839 1182 2870; x_wconf 92' lang='lat'>:</span> 
     </span>
    </p>
   </div>
   <div class='ocr_carea' id='block_1_7' title="bbox 341 2919 1023 3479">
    <p class='ocr_par' dir='ltr' id='par_1_25' title="bbox 341 2919 1023 3479">
     <span class='ocr_line' id='line_1_34' title="bbox 342 2919 855 2983; baseline 0.012 -18"><span class='ocrx_word' id='word_1_164' title='bbox 342 2919 616 2983; x_wconf 71' lang='lat' dir='ltr'>Alphonsus</span> <span class='ocrx_word' id='word_1_165' title='bbox 635 2923 855 2982; x_wconf 80' lang='lat' dir='ltr'>Ricenas,</span> 
     </span>
     <span class='ocr_line' id='line_1_35' title="bbox 348 3003 946 3068; baseline 0.005 -18"><span class='ocrx_word' id='word_1_166' title='bbox 348 3003 569 3068; x_wconf 71' lang='lat' dir='ltr'>Aloysius</span> <span class='ocrx_word' id='word_1_167' title='bbox 591 3005 648 3052; x_wconf 87' lang='lat' dir='ltr'>de</span> <span class='ocrx_word' id='word_1_168' title='bbox 670 3005 946 3068; x_wconf 69' lang='lat' dir='ltr'>Campania,</span> 
     </span>
     <span class='ocr_line' id='line_1_36' title="bbox 342 3088 884 3147; baseline 0.006 -14"><span class='ocrx_word' id='word_1_169' title='bbox 342 3088 575 3135; x_wconf 87' lang='lat' dir='ltr'>Antonius</span> <span class='ocrx_word' id='word_1_170' title='bbox 599 3088 757 3136; x_wconf 85' lang='lat' dir='ltr'>Gratia</span> <span class='ocrx_word' id='word_1_171' title='bbox 780 3089 884 3147; x_wconf 89' lang='lat' dir='ltr'>Dei,</span> 
     </span>
     <span class='ocr_line' id='line_1_37' title="bbox 342 3171 899 3231; baseline 0.005 -14"><span class='ocrx_word' id='word_1_172' title='bbox 342 3171 580 3219; x_wconf 87' lang='lat' dir='ltr'>Adrianus</span> <span class='ocrx_word' id='word_1_173' title='bbox 601 3173 660 3220; x_wconf 87' lang='lat' dir='ltr'>de</span> <span class='ocrx_word' id='word_1_174' title='bbox 686 3173 899 3231; x_wconf 72' lang='lat' dir='ltr'>viterbo,</span> 
     </span>
     <span class='ocr_line' id='line_1_38' title="bbox 341 3254 833 3319; baseline 0.002 -17"><span class='ocrx_word' id='word_1_175' title='bbox 341 3254 572 3317; x_wconf 83' lang='lat' dir='ltr'>Agabitus</span> <span class='ocrx_word' id='word_1_176' title='bbox 594 3254 652 3302; x_wconf 87' lang='lat' dir='ltr'>de</span> <span class='ocrx_word' id='word_1_177' title='bbox 675 3255 833 3319; x_wconf 80' lang='lat' dir='ltr'>CupiS‚</span> 
     </span>
     <span class='ocr_line' id='line_1_39' title="bbox 346 3338 1023 3393; baseline 0 -9"><span class='ocrx_word' id='word_1_178' title='bbox 346 3339 713 3387; x_wconf 87' lang='lat' dir='ltr'>Bartholomeus</span> <span class='ocrx_word' id='word_1_179' title='bbox 737 3338 1023 3393; x_wconf 73' lang='lat' dir='ltr'>candianus,</span> 
     </span>
     <span class='ocr_line' id='line_1_40' title="bbox 342 3418 1008 3479; baseline 0.002 -11"><span class='ocrx_word' id='word_1_180' title='bbox 342 3422 630 3479; x_wconf 81' lang='lat' dir='ltr'>Benedictus</span> <span class='ocrx_word' id='word_1_181' title='bbox 653 3418 712 3472; x_wconf 86' lang='lat' dir='ltr'>de</span> <span class='ocrx_word' id='word_1_182' title='bbox 733 3421 1008 3478; x_wconf 81' lang='lat' dir='ltr'>Rizonibus,</span> 
     </span>
    </p>
   </div>
  </div>
 </body>
</html>
