2216 3886
298 343 366 376 7276)
896 338 1127 375 JOtlxNle
1167 337 1457 376 HURCHAHDl.
1787 346 1950 383 [octohrv
1974 348 2063 388 1499]

299 443 469 491 ‹linalis
505 443 758 490 (trimanus
793 459 900 489 cum
939 448 1123 505 septem
1157 448 1340 488 tantum
1373 442 1703 502 familiaribus,
1740 445 1974 508 aliquibus
2005 465 2063 497 ex

297 527 400 574 aliis
422 527 578 590 ipsum
601 526 927 587 sequentibus,
954 526 1106 573 iturus
1127 525 1355 574 Venetias
1377 541 1463 588 pro
1484 525 1767 575 liberatione
1789 530 1845 574 D.
1870 530 2061 578 Antonii

299 609 505 656 Grimani
541 608 789 671 genitoris,
825 608 903 670 qui
943 610 992 656 in
1029 608 1130 657 dies
1170 608 1349 656 ibidem
1386 608 1741 672 expectabatur,
1775 624 1862 672 per
1897 610 2062 657 Domi-

298 692 427 739 nium
451 692 690 749 detentus,
709 690 1014 754 judicandus.
1048 693 1166 738 Nam
1195 707 1305 738 cum
1335 708 1414 738 rex
1445 691 1660 750 Franrie,
1692 696 1743 738 ut
1770 691 2060 742 Ludovicum

296 776 466 821 «turem
497 774 750 821 Mediolani
784 774 971 822 facilius
1000 774 1230 834 vinceret,
1264 791 1315 822 se
1347 791 1458 822 cum
1488 775 1686 824 Venetis
1714 775 1987 838 colligasset
2017 782 2063 825 et

298 858 338 904 in
364 861 583 906 eventum
605 857 800 906 victorie
824 860 1110 906 Cremonam
1138 862 1279 921 atque
1309 858 1472 906 omnia
1496 858 1618 908 loca.
1645 863 1797 906 terras
1819 865 1866 907 et
1891 860 2065 924 oppida

294 942 416 990 ultra
452 942 629 989 flumen
666 941 799 989 Adde
837 958 922 990 seu
960 942 1075 990 citra
1113 942 1377 1005 respectiva
1413 958 1440 989 a
1475 946 1608 1005 parto
1647 941 1847 990 civitatis
1885 944 2063 1006 Berga-

292 1026 472 1073 mensis
502 1029 548 1073 et
572 1026 833 1073 Brixiensis
863 1026 953 1074 sita
980 1026 1192 1074 dominio
1219 1028 1517 1075 Venetorum
1540 1025 1691 1074 libere
1719 1030 1951 1089 perpetuo
1979 1026 2063 1074 ad-

286 1109 541 1173 junxisset,
565 1112 765 1173 Magnus
795 1110 1012 1158 Turchus
1033 1126 1258 1173 magnam
1281 1110 1483 1158 classem
1505 1109 1794 1157 maritimam
1815 1114 1860 1157 et
1885 1114 2063 1158 terres-

293 1198 411 1240 trem
445 1193 740 1258 [exercitum]
769 1194 966 1258 paravit,
997 1194 1055 1242 de
1084 1209 1178 1257 quo
1210 1194 1381 1244 Veneti
1412 1193 1637 1256 suspicati
1665 1197 1709 1241 et
1738 1193 1827 1257 ipsi
1858 1193 2063 1242 classem

292 1276 628 1324 ordinaverunt
664 1277 723 1324 ad
757 1277 865 1325 loca
900 1278 1089 1325 Turcho
1126 1277 1308 1336 vicina3
1349 1277 1426 1324 cui
1464 1280 1764 1327 Venetorum
1804 1277 1943 1325 classi
1982 1293 2065 1326 rex

292 1361 488 1409 Francia
519 1366 565 1408 et
600 1360 884 1423 magnificus
920 1364 1122 1424 Magnus
1156 1361 1387 1423 Magister
1421 1360 1575 1408 Rhodi
1609 1360 1772 1424 plures
1808 1377 1953 1409 naves
1980 1378 2061 1410 seu

291 1446 419 1508 ligna
446 1444 747 1492 addiderunt.
779 1444 1137 1492 Constituerunt
1165 1445 1339 1494 Veneti
1373 1444 1537 1491 classis
1567 1459 1651 1492 sue
1678 1444 1980 1507 capitaneum
2003 1446 2058 1492 D.

288 1527 549 1576 Antonium
592 1527 895 1587 Grimanum,
942 1531 1308 1591 procuratorem
1354 1543 1391 1573 s.
1438 1527 1609 1586 Marci,
1652 1527 1813 1590 magni
1854 1526 2063 1575 nominis

291 1611 456 1670 sirum,
481 1611 579 1674 qui,
603 1611 773 1659 itinere
797 1615 1013 1675 accepto,
1041 1615 1088 1658 et
1110 1612 1167 1658 ad
1188 1610 1350 1658 locum
1374 1625 1458 1657 seu
1480 1609 1539 1656 ad
1561 1625 1756 1674 passum
1782 1610 2060 1674 deputatum

289 1700 560 1759 perventuS,
594 1711 702 1742 cum
739 1695 955 1742 Turchus
988 1710 1150 1742 versus
1189 1696 1486 1756 Naupactum
1521 1697 1565 1739 ct
1601 1694 1858 1755 Corcyram
1893 1697 1940 1741 et
1973 1693 2064 1741 alia

288 1780 394 1827 loca
414 1783 636 1842 potenter
663 1783 845 1826 armata
873 1771 1112 1842 pergeret,
1145 1781 1201 1825 D.
1233 1776 1469 1824 Antonius
1499 1776 1753 1823 Grimanus
1781 1777 2061 1840 capitaneus

289 1878 397 1910 rum
423 1861 688 1909 formidans
714 1877 810 1909 non
833 1878 976 1909 ausus
998 1868 1071 1909 est
1092 1861 1136 1909 ei
1165 1859 1407 1919 resistere,
1440 1858 1525 1907 sed
1553 1875 1604 1908 se
1632 1860 1691 1907 ad
1713 1864 1906 1923 portum
1927 1875 2063 1908 rece-

290 1946 370 2011 pit.
396 1946 613 1994 Turchus
635 1946 934 2010 propositum
964 1961 1103 1993 suum
1125 1959 1442 2008 prosequens,
1470 1945 1769 2005 Naupactum
1797 1946 1843 1990 et
1870 1957 2063 1991 succes-

287 2030 383 2077 sive
422 2029 513 2076 alia
546 2030 654 2077 loca
686 2035 910 2092 potenter
944 2028 1172 2077 invadens
1207 2027 1373 2075 ditioni
1411 2041 1495 2074 sue
1528 2026 1790 2090 subjunxit,
1823 2025 1959 2088 cujus
1993 2026 2060 2073 rei

286 2129 477 2160 causam
505 2113 723 2176 predicto
755 2116 811 2161 D.
845 2113 1052 2161 Antonio
1080 2111 1285 2160 Ascanio
1314 2110 1573 2160 dederunt:
1608 2114 1672 2167 et,
1703 2108 1850 2156 alium
1881 2108 2062 2172 capita—

289 2212 432 2243 neum
461 2196 766 2260 deputantes,
801 2199 855 2244 D.
889 2196 1150 2243 Antonium
1179 2195 1429 2242 detentum
1455 2193 1684 2243 Vcnetias
1711 2191 1834 2239 mitti
1862 2191 2061 2238 manda-

288 2285 469 2339 verunt,
507 2284 552 2326 ut
586 2296 694 2328 eum
725 2295 810 2343 pro
843 2279 1102 2327 commisso
1130 2278 1329 2327 crimine
1360 2276 1604 2340 punirent.
1639 2274 1877 2322 Dubitavit
1904 2274 2060 2322 cardi—

289 2363 407 2411 nalis
438 2379 497 2410 ne
530 2363 632 2412 sine
665 2380 810 2411 causa
838 2367 974 2427 pater
1007 2361 1262 2426 capitalem
1294 2360 1476 2408 subiret
1507 2358 1814 2416 sententiam,
1847 2357 1921 2405 vel
1950 2372 2061 2405 cum

288 2462 461 2510 magna
487 2446 639 2509 gratia
660 2451 705 2495 et
729 2446 906 2507 favore,
932 2449 1216 2509 perpetuam
1240 2444 1588 2507 relegationem
1606 2445 1653 2490 et
1675 2440 1893 2488 omnium
1914 2439 2063 2488 bono-

290 2547 390 2578 rum
415 2546 610 2579 suorum
637 2531 1052 2579 confiscationem.
1084 2529 1196 2578 Ideo
1219 2528 1464 2592 profectus
1487 2531 1577 2586 est,
1604 2530 1655 2573 ut
1675 2523 1931 2589 prefertur,
1957 2535 2061 2571 car-

287 2614 457 2661 dinalis
482 2615 583 2678 ipse
605 2614 833 2665 Venetias
864 2613 941 2661 ubi
966 2613 1034 2672 (ut
1063 2616 1213 2660 Rome
1237 2611 1441 2658 relatum
1471 2609 1559 2668 est)
1590 2608 1790 2671 singulis
1818 2607 2058 2668 noctibuS,

289 2702 474 2746 secrete
504 2698 630 2761 apud
659 2697 883 2760 patricios
910 2697 1023 2744 hinc
1048 2696 1159 2744 inde
1188 2693 1419 2758 genitoris
1445 2693 1513 2741 sui
1543 2692 1868 2740 innocentiam
1900 2690 2060 2740 decla·-

293 2780 456 2839 rando,
483 2782 586 2844 ejus
608 2781 942 2828 liberationem
965 2779 1301 2844 pertractabat.

357 2862 437 2909 His
463 2862 650 2920 diebus,
678 2864 761 2909 SS.
791 2865 846 2908 D.
874 2865 950 2921 N.,
977 2861 1101 2908 facta
1123 2877 1267 2908 causa
1289 2861 1418 2924 quod
1440 2860 1631 2908 Domini
1655 2876 1738 2909 seu
1758 2859 1934 2910 Vicarii
1956 2860 2063 2908 Ari—

294 2945 554 3005 minenses,
589 2945 918 3003 PisaurenseS,
955 2944 1235 3003 Imolenses,
1271 2944 1640 3002 Forolivienses,
1674 2943 2058 2993 CamerinenseS.

296 3027 506 3075 Faentini
532 3031 578 3074 et
600 3027 694 3074 dux
717 3027 899 3086 Urbini,
925 3026 1174 3075 feudatarii
1199 3027 1402 3075 ecclesie
1426 3030 1655 3086 Romane,
1682 3042 1884 3075 censum
1907 3026 1994 3074 sibi
2017 3030 2060 3074 et

295 3127 485 3158 camere
519 3110 780 3175 apostolice
813 3110 1058 3158 annuatim
1090 3110 1304 3157 debitum
1337 3126 1434 3158 non
1468 3111 1812 3174 persolverant,
1849 3110 2065 3159 authori-

297 3200 388 3241 tate
419 3194 699 3257 apostolica,
732 3209 827 3240 non
859 3198 1016 3241 tamen
1049 3193 1462 3253 consistorialiter,
1495 3194 1690 3257 privavit
1719 3211 1801 3242 eos
1830 3198 1876 3242 et
1905 3192 2065 3242 decla-

300 3277 410 3324 ravit
445 3278 667 3340 privatos.
705 3280 928 3333 Preterea
960 3277 1281 3324 communitas
1313 3276 1684 3325 Mediolanensis
1718 3277 1952 3326 mutuavit
1985 3293 2064 3326 ca-

296 3376 427 3407 mere
456 3360 717 3422 apostolice
744 3369 863 3407 xcv'¹¹
895 3360 1178 3407 ducatorum
1214 3360 1397 3407 eisdem
1425 3360 1594 3408 diebus
1622 3376 1708 3425 pro
1738 3359 2064 3409 conducendis

297 3442 518 3504 gentibus
546 3459 788 3490 armorum
811 3443 869 3490 ad
900 3443 1174 3490 intrandum
1203 3459 1343 3491 manu
1369 3443 1479 3490 forti
1507 3443 1720 3492 civitates
1747 3442 1985 3506 predictas
2014 3445 2060 3488 et
