2202 3926
279 349 346 385 108
894 345 1129 383 JOHANNIS
1162 345 1459 392 BURCHAftnL
1838 346 1950 386 [Avrit
1972 347 2067 385 1494]

283 466 365 498 rex
387 450 587 499 Francie
615 450 909 515 pretendens
939 450 1000 498 ad
1021 466 1224 514 regnum
1246 451 1405 514 ipsum
1429 449 1589 498 Sicilie
1614 447 1734 496 citra
1762 447 1974 495 Pharum
1990 448 2069 512 jus

282 534 482 592 habere,
526 551 614 598 per
648 539 866 582 oratores
901 549 1013 581 suos
1056 533 1224 581 institit
1263 549 1323 582 ne
1358 533 1487 581 idem
1527 531 1804 594 Alphonsus
1837 530 1886 578 in
1918 547 2071 595 regno

286 618 565 682 hujusmodi
599 635 686 682 per
717 617 1076 665 sanctissimum
1110 619 1165 664 D.
1210 619 1265 664 N.
1304 616 1611 664 investiretur
1647 619 1728 662 aut
1757 619 2074 665 coronaretur

282 702 330 749 in
356 718 521 766 regem
542 702 615 749 vel
641 701 770 764 quod
790 699 920 748 aliud
952 699 1081 747 circa
1108 699 1326 763 ejusdem
1351 698 1487 763 regni
1517 697 1885 761 dispositionem
1908 698 2074 748 decer-

281 790 501 839 neretur;
529 801 587 833 ex
605 800 699 847 quo
720 783 970 831 coronatio
992 782 1211 845 ejusdem
1231 783 1358 847 regis
1375 782 1611 846 Alphonsi
1633 782 1814 831 diutius
1835 787 1908 831 est
1927 789 2073 832 retar-

281 870 414 926 data,
441 868 636 916 tandem
660 869 743 915 SS.
769 869 824 914 D.
851 869 908 915 N.
939 867 1214 915 Alexander
1233 883 1358 931 papa
1386 872 1567 925 sextus,
1592 867 1758 915 volens
1784 868 1926 916 statui
1957 867 2070 916 dicti

284 952 411 1016 regis
429 951 662 1015 Alphonsi
683 957 954 1014 opportune
971 950 1241 1014 providere,
1258 950 1317 999 de
1337 953 1628 998 RRmorum.
1643 953 1743 999 DD.
1758 951 2071 1000 cardinalium

284 1035 504 1094 consilio,
538 1034 614 1082 die
642 1033 830 1082 veneris
864 1037 919 1081 18
950 1034 1131 1082 mensis
1151 1033 1331 1097 aprilis,
1363 1034 1411 1081 in
1442 1050 1530 1082 suo
1553 1040 1742 1083 secreto
1761 1035 2068 1094 consistorio,

284 1118 412 1182 quod
446 1117 629 1165 duravit
663 1117 721 1165 ab
751 1118 872 1165 hora
900 1133 966 1165 xn
1000 1133 1153 1181 usque
1180 1117 1240 1165 ad
1273 1117 1484 1165 mediam
1520 1117 1691 1166 horam
1723 1118 1771 1166 in
1805 1118 1931 1166 circa
1961 1123 2073 1167 ante

280 1219 341 1250 xx
362 1208 410 1251 et
429 1218 509 1249 xm
539 1201 713 1250 creavit
739 1201 951 1265 legatum
983 1201 1041 1249 de
1067 1201 1216 1250 latere
1243 1218 1330 1249 suo
1351 1205 1541 1249 Rmum.
1569 1204 1626 1250 D.
1648 1202 1922 1251 Johannem
1949 1203 2073 1251 tituli

281 1290 445 1334 sancte
470 1288 689 1334 Susanne
711 1285 1051 1349 presbyterum
1074 1285 1370 1334 cardinalem
1393 1285 1570 1333 Montis
1593 1284 1784 1348 Regalis
1812 1284 2074 1349 vulgariter

281 1371 633 1431 nuncupatum,
658 1367 718 1415 ad
740 1367 1093 1416 investiendum
1115 1367 1295 1416 dictum
1322 1367 1625 1432 Alphonsum
1648 1382 1814 1431 regem
1839 1367 1898 1416 de
1923 1382 2074 1431 regno

283 1451 443 1500 Sicilie
487 1451 608 1499 citra
645 1452 855 1499 Pharum
893 1456 939 1499 et
982 1452 1138 1511 terris,
1182 1452 1439 1515 ipsumque
1479 1466 1646 1514 regem
1686 1451 1735 1498 in
1776 1451 2071 1499 catholicum

283 1534 616 1599 inungendum
635 1538 682 1583 et
701 1535 1031 1583 coronandum
1048 1553 1057 1593 3
1080 1539 1126 1583 et
1145 1535 1257 1598 quia
1276 1534 1532 1583 cardinalis
1548 1536 1596 1583 in
1615 1536 1791 1599 palatio
1808 1534 2073 1599 apostolico

282 1620 329 1666 in
371 1619 576 1668 cameris
623 1634 768 1682 supra
813 1618 1091 1682 dispensam
1137 1621 1263 1682 Pape
1310 1619 1570 1680 residebat,
1613 1620 1703 1668 fuit
1745 1621 1804 1668 ab
1847 1620 2072 1668 omnibus

283 1702 475 1749 RRmis.
509 1702 834 1750 cardinalibus
863 1719 951 1766 per
980 1703 1114 1751 aulas
1143 1709 1190 1752 et
1217 1704 1393 1767 gradus
1422 1704 1686 1753 descensus
1707 1704 1767 1752 de
1788 1703 1965 1767 palatio
1985 1719 2074 1768 per

282 1784 466 1832 curiam
503 1784 635 1848 putei
673 1800 824 1848 usque
861 1785 923 1832 ad
954 1785 1195 1834 lumacam
1231 1786 1431 1834 ferrerie
1469 1803 1620 1851 prope
1654 1787 1950 1851 dispensam,
1986 1803 2073 1850 per

283 1883 424 1930 quam
466 1868 707 1916 lumacam
740 1869 802 1917 ad
832 1869 1183 1917 habitationem
1224 1870 1443 1934 ejusdem
1484 1870 1738 1918 cardinalis
1775 1870 2070 1928 ascenditur,

285 1948 576 2008 associatus;
613 1955 660 1999 et
693 1951 951 1999 licentiatis
982 1951 1161 2000 ibidem
1193 1952 1241 1999 in
1269 1952 1412 2015 plano
1443 1958 1555 2002 ante
1582 1954 1823 2002 lumacam
1854 1953 2073 2002 cardina-

283 2033 426 2091 libus,
460 2033 649 2097 legatus
679 2035 781 2099 ipse
816 2035 945 2083 solus
976 2036 1193 2084 ascendit
1227 2051 1338 2083 cum
1370 2036 1486 2084 suis.
1521 2040 1689 2085 RmuS.
1721 2040 1778 2085 D.
1817 2037 2071 2086 cardinalis

285 2116 514 2164 Senensis
549 2117 758 2165 eundem
791 2117 1006 2181 legatum
1041 2133 1152 2166 cum
1183 2118 1287 2166 aliis
1315 2118 1638 2166 cardinalibus
1666 2134 1763 2166 non
1793 2118 2068 2176 associavit;

285 2200 368 2248 sed
392 2200 530 2248 finito
553 2201 842 2248 consistorio
863 2201 1048 2264 primus
1071 2205 1117 2249 et
1139 2201 1268 2249 solus
1290 2201 1492 2250 recessit
1513 2206 1561 2249 et
1583 2202 1779 2249 domum
1802 2201 1959 2249 rediit.

347 2283 617 2342 Dominica,
654 2287 714 2331 20
733 2285 914 2332 mensis
937 2285 1099 2348 aprilis
1117 2284 1341 2349 predicti,
1363 2300 1454 2348 ego
1474 2285 1719 2332 ,lohannes
1742 2285 2066 2343 BurchardUS,

282 2367 514 2431 magister
542 2368 929 2415 ceremoniarum
959 2369 1143 2431 capelle
1172 2370 1255 2417 SS.
1289 2371 1345 2416 D.
1379 2370 1435 2415 N.
1466 2383 1607 2432 pape,
1641 2384 1730 2432 per
1759 2368 2070 2432 magnificum

283 2454 338 2499 D.
364 2450 606 2499 Gentilem
624 2450 895 2514 Virginium
914 2452 972 2499 de
992 2452 1195 2511 Ursinis,
1217 2452 1413 2500 nomine
1442 2452 1739 2500 serenissimi
1759 2454 1815 2500 D.
1838 2451 2070 2516 Alphonsi

279 2534 478 2582 secundi
505 2534 564 2582 de
585 2535 827 2597 Aragonia
850 2535 1008 2584 Sicilie
1031 2537 1159 2600 regis
1191 2535 1449 2599 requisitus
1473 2539 1520 2584 et
1553 2541 1764 2600 rogatus,
1790 2536 1849 2584 de
1872 2536 2069 2600 speciali

278 2617 474 2666 licentia
503 2619 586 2665 SS.
619 2621 676 2666 D.
709 2621 764 2667 N.
797 2635 919 2683 pape
947 2624 994 2668 et
1017 2620 1120 2685 ejus
1146 2620 1490 2670 commissione
1512 2623 1691 2670 recessi
1714 2639 1773 2671 ex
1794 2623 1922 2671 Urbe
1945 2622 2071 2671 circa

278 2701 452 2749 horam
484 2717 547 2748 xx
581 2717 693 2749 cum
729 2702 1039 2751 servitoribus
1075 2703 1378 2768 equestribus
1413 2710 1619 2769 quatuor
1648 2705 1840 2771 (quibus
1871 2706 2072 2770 singulis

282 2786 525 2845 rochetos,
552 2786 744 2834 calceos
766 2791 813 2835 et
835 2787 1065 2835 birretam
1098 2788 1157 2836 de
1188 2788 1393 2837 scarlato
1418 2806 1591 2837 novam
1614 2789 1783 2837 donavi
1813 2798 1860 2838 et
1881 2789 2071 2837 calceos

279 2868 442 2932 novos)
472 2885 527 2918 ac
555 2884 652 2917 uno
683 2885 809 2933 equo
838 2871 1040 2919 salmam
1069 2876 1311 2935 portante,
1345 2876 1392 2920 et
1421 2872 1571 2920 tribus
1599 2872 1921 2936 pedestribus,
1945 2873 2070 2919 Nea-

280 2953 429 3015 polim
451 2953 605 3001 iturus
627 2969 714 3017 pro
737 2954 1052 3002 coronatione
1076 2955 1335 3018 supradicti
1356 2954 1485 3019 regis
1507 2954 1791 3002 ordinanda.

343 3038 580 3086 Venimus
615 3038 864 3101 Neapolim
886 3038 1012 3102 J'ovis
1047 3042 1107 3086 24
1141 3039 1256 3087 dicti
1290 3038 1490 3098 mensis,
1525 3038 1654 3085 circa
1683 3038 1854 3084 horam
1890 3052 1952 3083 xx
1987 3035 2069 3083 ubi

283 3136 341 3168 ex
371 3120 713 3169 commissione
741 3121 867 3184 regis
894 3121 1165 3184 hospitatus
1193 3121 1260 3169 fui
1286 3121 1335 3169 in
1366 3121 1511 3169 domo
1542 3120 1792 3184 cujusdam
1824 3118 2066 3167 Francisci

283 3203 508 3251 Senensis
545 3209 593 3252 et
623 3207 748 3252 Rose
785 3205 890 3269 ejus
924 3205 1104 3264 uxoris,
1140 3209 1187 3253 et
1220 3221 1308 3269 per
1340 3205 1700 3254 commissarios
1737 3204 1865 3268 regis
1903 3203 2066 3252 omnia

283 3287 559 3335 necessaria
581 3287 884 3337 abundanter
903 3288 1172 3336 ministrata
1192 3288 1404 3337 fuerunt.
1437 3292 1505 3336 Ex
1526 3289 1644 3337 urbe
1673 3288 1892 3352 predicta
1912 3302 2064 3350 usque

282 3370 533 3433 Neapolim
571 3372 837 3419 associatus
873 3387 959 3436 per
995 3375 1052 3420 D.
1084 3371 1358 3420 Johannem
1395 3373 1454 3421 de
1493 3372 1662 3420 Bibbia
1697 3369 1899 3436 predicti
1937 3369 2067 3433 regis

287 3453 648 3512 cancellarium,
675 3454 752 3501 cui
775 3460 823 3503 et
844 3455 1066 3504 familiari
1096 3470 1202 3514 suo,
1235 3470 1346 3518 ego,
1381 3455 1485 3521 ipso
1507 3462 1669 3505 tamen
1695 3455 1901 3503 honeste
1931 3467 2069 3501 recu-
