2202 3926
154 372 238 413 [Mai
258 371 352 410 1494]
600 367 770 406 RERUM
802 365 1106 419 URBANARUM
1140 365 1489 405 COMMENTARII.
1869 366 1938 402 139

221 472 495 522 Scabellum
512 471 707 536 ponitur
726 486 813 535 pro
835 467 1109 518 cantoribus
1130 467 1178 515 in
1194 467 1289 516 fine
1310 465 1615 531 presbyterii,
1639 479 1733 529 quo
1754 466 1930 528 posito,

156 557 204 605 in
228 557 352 605 libro
387 555 480 604 duo
503 560 726 605 cantores
747 554 911 602 dicunt
930 552 1152 612 letanias,
1186 551 1291 600 aliis
1329 549 1605 598 cantoribus
1646 548 1697 596 in
1731 548 1933 612 pristino

153 655 322 688 eorum
351 638 460 687 loco
491 637 853 687 remanentibus
887 642 934 686 et
963 637 1079 701 ipsis
1109 634 1513 700 respondentibus
1538 650 1548 681 ε
1575 632 1751 680 Sancte
1770 632 1929 690 Pelle,

151 733 310 772 sancte
330 725 504 784 Paule,
530 732 689 771 sancte
711 722 920 771 Januari
941 709 1032 787 (bis
1053 721 1275 781 dicatur).

218 807 357 856 Dicto
387 808 436 855 in
466 807 646 856 letania
672 806 739 854 Ut
759 805 1029 870 obsequium
1052 812 1158 863 etc.,
1184 803 1334 867 surgit
1352 803 1540 867 legatus
1569 817 1679 849 cum
1702 800 1862 859 mitra,
1888 805 1934 847 et

154 896 353 955 accepto
375 892 425 939 in
447 890 642 939 sinistra
661 889 833 938 baculo
854 888 1103 952 pastorali,
1123 892 1254 935 stans
1274 903 1439 936 versus
1458 887 1519 935 ad
1539 901 1704 949 regem
1725 889 1936 949 prostra—

155 979 274 1033 tum,
300 974 416 1022 dicit
436 973 484 1020 in
505 976 646 1021 cantu
666 972 844 1020 letanie
869 987 879 1018 :
911 970 978 1018 Ut
993 971 1121 1017 lzzmc
1141 978 1225 1018 etc.

218 1057 350 1106 ldem
381 1056 564 1105 faciunt
593 1060 641 1103 et
673 1055 838 1103 dicunt
868 1053 1041 1116 prelati
1075 1069 1245 1102 omnes
1279 1069 1390 1102 cum
1419 1053 1574 1102 mitris
1606 1054 1655 1102 in
1691 1052 1789 1100 suis
1816 1050 1936 1098 locis

153 1140 422 1203 genuflexi;
448 1143 549 1187 tum
576 1139 766 1203 legatus
783 1138 960 1186 iterum
987 1137 1279 1201 procumbit,
1306 1142 1358 1186 ut
1378 1137 1530 1201 priUS,
1556 1141 1603 1186 et
1629 1135 1808 1186 letania
1827 1150 1938 1199 per-

152 1223 326 1272 ficitur.

219 1307 376 1355 Finita
403 1307 600 1366 letania,
623 1306 773 1371 surgit
802 1307 1008 1371 legatus,
1029 1304 1248 1370 deposita
1268 1304 1429 1366 mitra,
1457 1309 1505 1353 et
1532 1309 1663 1352 stans
1690 1319 1856 1352 versus
1878 1302 1939 1351 ad

153 1406 319 1455 regem
350 1394 644 1455 prostratum
680 1389 795 1438 dicit
826 1389 1114 1454 intelligibili
1145 1404 1262 1437 voce
1291 1388 1519 1452 legende,
1550 1396 1596 1436 et
1623 1404 1683 1435 ne
1714 1403 1798 1434 nos
1828 1395 1933 1445 ete„

157 1491 266 1524 cum
287 1475 390 1524 aliis
410 1480 458 1524 et
480 1475 666 1523 duabus
687 1459 1005 1523 emtionibus,

218 1559 350 1609 ldem
364 1560 507 1623 plane
525 1559 696 1624 prelati
713 1568 883 1608 omnes
895 1558 943 1605 in
961 1557 1192 1606 suislocis
1208 1556 1310 1605 sine
1323 1555 1476 1604 mitris
1493 1554 1734 1620 genuflexi
1750 1554 1931 1603 dicunt.

151 1646 271 1692 Tum
291 1643 480 1708 legatus
504 1642 681 1691 iterum
702 1642 976 1706 procumbit
1004 1646 1069 1701 et,
1101 1642 1179 1689 his
1199 1640 1358 1699 dictis,
1388 1639 1524 1688 sedet
1552 1643 1754 1702 accepta
1776 1638 1933 1686 mitra.

152 1729 252 1775 Rex
286 1742 450 1776 coram
482 1728 643 1791 legato
678 1743 824 1791 super
864 1727 1113 1776 cussinum
1146 1724 1447 1789 genuflectit,
1481 1728 1529 1772 et
1559 1722 1729 1787 prelati
1766 1737 1935 1770 omnes

156 1825 266 1858 cum
286 1810 441 1859 mitris
463 1811 779 1859 circumstant
799 1811 849 1858 in
867 1810 1067 1859 modum
1089 1824 1268 1858 corone
1290 1812 1400 1872 post
1419 1823 1604 1872 regem.

220 1894 438 1943 Nudatur
466 1895 719 1942 brachium
753 1894 974 1943 dextrum
1010 1893 1159 1957 regiS,
1193 1897 1240 1941 et
1270 1892 1396 1940 inter
1428 1891 1649 1955 scapulas
1680 1888 1936 1953 ampliatur

152 1979 295 2029 vestis
319 1978 558 2044 superior,
583 1978 785 2026 solvitur
805 1977 914 2036 alia,
940 1977 1113 2041 diplois
1135 1981 1183 2024 et
1205 1975 1419 2023 camisia.

217 2063 445 2128 Acolytus
486 2064 613 2126 Pape
650 2077 762 2110 cum
799 2076 912 2110 vaso
952 2061 1045 2109 olei
1084 2060 1549 2108 cathecumenorum
1580 2061 1672 2106 stet
1699 2073 1726 2105 a
1753 2055 1931 2105 dextris

151 2148 315 2212 legati.

216 2229 451 2278 Dominus
491 2228 815 2277 Bernardinus
853 2228 1092 2276 Gambara
1131 2227 1453 2275 subdiaconus
1486 2225 1780 2290 apostolicus
1814 2238 1924 2271 cum

151 2329 263 2362 vaso
285 2318 332 2362 et
352 2312 578 2361 bombice
600 2316 694 2361 stet
714 2327 865 2376 prope
887 2312 1069 2360 dictum
1091 2311 1352 2376 acolytum.

219 2400 444 2460 Legatus,
467 2396 696 2460 depositis
717 2395 977 2444 cirothecis
999 2400 1047 2444 et
1074 2395 1268 2459 incepta
1288 2395 1509 2443 oratione
1532 2393 1658 2442 Deus
1677 2393 1763 2442 Dei
1776 2392 1928 2456 silius,

151 2485 198 2529 et
231 2495 382 2544 usque
416 2480 477 2528 ad
510 2479 656 2527 verba
686 2478 1069 2528 Benedictionem
1107 2478 1342 2545 infundat
1369 2477 1598 2526 inclusive
1634 2476 1931 2534 continuata,

150 2563 350 2612 intincto
368 2563 541 2627 pollice
561 2563 761 2612 dextero
784 2564 832 2610 in
849 2564 957 2611 oleo
973 2563 1456 2621 catechumenorum,
1475 2560 1663 2623 inungit
1681 2558 1934 2607 brachium

151 2648 374 2695 dextrum
395 2647 522 2711 regis
544 2647 670 2696 inter
683 2648 964 2711 juncturam
985 2663 1157 2695 manus
1186 2652 1234 2695 et
1263 2646 1411 2694 cubiti
1433 2645 1491 2694 ab
1518 2645 1644 2692 intra
1665 2644 1715 2691 in
1735 2642 1933 2690 modum

151 2729 326 2789 cruciS‚
352 2733 400 2777 et
419 2729 641 2778 bombice
668 2730 878 2794 desuper
896 2731 1054 2794 posita
1074 2746 1130 2778 ac
1157 2730 1306 2778 fascia
1325 2745 1413 2793 per
1432 2727 1702 2792 predictum
1727 2728 1934 2773 Bernar-

151 2811 319 2859 dinum
352 2812 515 2876 ligata,
549 2814 740 2878 inungit
772 2814 945 2862 eodem
971 2814 1145 2878 pollice
1183 2829 1294 2861 cum
1325 2813 1432 2861 oleo
1459 2811 1676 2876 predicto
1705 2809 1932 2858 eumdem

149 2911 317 2959 regem
355 2896 643 2958 inmodum
689 2897 843 2946 crucis
886 2898 1012 2947 inter
1055 2897 1276 2962 scapulas
1317 2901 1364 2946 et
1405 2895 1682 2945 bombicem
1724 2893 1935 2956 desuper

150 2980 309 3043 ponit;
339 2981 606 3045 religantur
638 2982 853 3043 camisia,
893 2982 1066 3046 diplois
1103 2986 1149 3030 et
1181 2997 1326 3046 parva
1360 2980 1522 3040 vestis,
1566 2995 1622 3027 ac
1658 2978 1752 3027 alia
1787 2976 1932 3024 desu-

151 3078 237 3125 per
261 3069 507 3128 aptantur;
535 3070 582 3114 et
611 3065 724 3114 dum
756 3066 994 3130 premissa
1026 3065 1157 3126 facit,
1181 3065 1368 3128 legatus
1399 3063 1520 3111 nihil
1543 3063 1675 3123 dicit,
1709 3061 1795 3111 sed
1820 3076 1931 3126 pre-

151 3145 309 3211 missis
350 3149 606 3212 expeditis,
642 3150 892 3199 continuat
941 3150 1120 3198 dictam
1166 3149 1452 3208 orationem,
1493 3147 1660 3195 dicens
1706 3144 1929 3195 eamdem

152 3243 303 3291 usque
324 3229 385 3276 ad
405 3229 579 3291 finem3
604 3238 717 3282 tunc
738 3234 854 3282 dicit
874 3234 1018 3282 aliam
1048 3232 1114 3280 illi
1146 3236 1451 3296 sequentem,
1477 3230 1698 3278 videlicet
1726 3248 1735 3276 :
1765 3228 1930 3276 Omni-

143 3320 310 3375 polens
341 3314 617 3377 sempiterne
637 3316 795 3364 Deus.
831 3317 964 3364 Idem
986 3316 1152 3364 dicunt
1180 3330 1351 3363 omnes
1373 3313 1562 3377 prelati,
1590 3312 1731 3376 plane
1769 3315 1928 3358 tamen

150 3396 375 3460 legendo,
400 3396 574 3460 quibus
593 3398 748 3458 dictis,
772 3400 943 3463 prelati
963 3399 1053 3462 ipsi
1074 3399 1135 3446 ad
1159 3415 1246 3446 sua
1263 3398 1373 3445 loca
1390 3399 1711 3444 revertuntur.

220 3479 384 3528 Finitis
406 3479 702 3527 orationibus
730 3481 975 3543 predictis,
1000 3482 1150 3543 surgit
1178 3496 1280 3538 rex,
1305 3484 1351 3527 et
1383 3478 1572 3540 legatus
1599 3478 1722 3524 lavat
1751 3489 1923 3522 manus
