2202 3900
294 279 363 316 334
898 279 1128 316 JOHANle
1162 280 1453 325 ssuRcflARui,
1481 270 1484 272 ’
1867 283 1950 325 [Mai
1971 284 2065 324 1497]

357 381 600 429 iohannes
623 382 835 444 Baptista
857 383 915 430 de
939 383 1186 441 Ferreriis,
1206 383 1464 446 episcopus
1493 380 1797 440 Mutinensis,
1823 382 2061 445 datarius;

360 464 612 512 Saldonius
636 465 694 512 de
717 465 938 523 Castello,

359 548 643 595 Franciscus
668 547 726 595 de
749 550 937 602 Parma,
962 547 1153 597 absens,

359 630 592 677 Antonius
612 629 670 676 de
689 646 727 676 s.
752 629 998 686 Severino,

360 711 644 759 Laurentius
666 711 886 768 Puccius,

359 795 724 843 Bartholomeus
747 795 805 842 de
830 796 1040 854 Perusia,

357 879 603 926 Johannes
627 881 817 943 Ortega,

361 962 535 1009 Paulus
557 962 614 1010 de
636 963 828 1011 Planca.

422 1045 687 1093 Bullatores
715 1062 723 1093 :

359 1128 646 1187 Bernardus,

358 1212 644 1270 Alexander,

426 1295 638 1360 Magistri
655 1296 836 1359 plumbi
864 1312 872 1342 ε

360 1380 726 1429 Bartholomeus
746 1380 805 1428 de
831 1380 1057 1440 Buccino,

360 1464 567 1512 Lucidus
591 1463 651 1511 de
675 1463 950 1522 Sinihaldis,

357 1548 601 1595 Johannes
621 1548 921 1595 Laurentius.

359 1631 497 1679 Feria
528 1634 710 1694 quarta,
743 1634 802 1678 24
834 1630 963 1690 maii,
990 1630 1144 1694 vigilia
1177 1630 1391 1692 corporis
1422 1630 1612 1689 Christi,
1645 1631 1837 1678 fuerunt
1867 1646 2062 1693 vespere

294 1715 488 1778 papales
509 1713 764 1777 in‘capella
784 1715 969 1777 majore
997 1714 1175 1777 palatii,
1201 1716 1329 1776 Papa
1358 1717 1600 1777 presente,
1626 1713 1686 1761 ad
1712 1729 1830 1775 quas
1857 1714 2063 1777 primum

296 1798 424 1846 venit
454 1797 767 1851 D..Nicolaus
808 1797 981 1846 Prendi
1023 1797 1215 1860 l’Aqua,
1259 1796 1460 1844 clericus
1502 1799 1805 1855 Mantuanus,
1848 1796 2063 1860 acolytus

296 1881 604 1944 apostolicus,
630 1881 677 1928 in
699 1881 858 1929 locum
882 1883 937 1928 D.
963 1881 1095 1928 Pauli
1118 1881 1175 1928 de
1197 1880 1456 1943 Arnulphis
1485 1879 1769 1943 resignantis
1790 1879 1933 1927 hodie
1955 1884 2063 1928 ante

295 1965 463 2013 horam
486 1965 810 2028 vespertinam
836 1981 846 2012 z
872 1964 1036 2012 onmia
1056 1965 1308 2012 observata
1329 1968 1438 2011 sunt
1460 1979 1594 2011 more
1618 1962 1772 2011 solito.

359 2047 496 2095 Feria
523 2047 704 2110 quinta,
731 2052 789 2096 25
819 2048 948 2108 maii,
980 2048 1029 2094 in
1059 2049 1180 2096 sesto
1212 2047 1520 2106 sacratissimi
1553 2046 1767 2110 corporis
1800 2045 1990 2105 Christi,
2015 2046 2063 2094 iu

293 2147 451 2190 mane,
477 2131 604 2178 circa
629 2132 798 2179 horam
821 2132 1118 2195 vigesimam,
1144 2131 1362 2179 ordinata
1392 2136 1463 2178 est
1490 2130 1735 2194 processio
1757 2147 1843 2194 per
1869 2133 2058 2179 Rmum.

295 2214 588 2262 cardinalem
624 2232 661 2262 s.
700 2215 908 2278 Georgii,
943 2215 1286 2273 camerarium,
1317 2219 1451 2261 extra
1485 2218 1673 2276 portam
1706 2214 1889 2277 palatii,
1927 2219 2061 2261 more

296 2298 452 2356 solito,
490 2298 711 2346 videlicet
747 2305 853 2362 post
888 2299 1247 2362 processionem
1285 2297 1398 2345 cleri
1433 2297 1589 2356 Urbis,
1617 2315 1707 2361 que
1741 2297 1898 2344 minus
1930 2297 2064 2345 tarde

295 2381 488 2445 incepit,
514 2386 561 2429 et
592 2397 701 2428 cum
732 2382 1025 2446 negligentia
1054 2382 1177 2429 illius
1209 2396 1371 2429 curam
1405 2380 1628 2429 habentis
1658 2381 1907 2447 sollicitata
1938 2382 2025 2429 fuit
2051 2399 2059 2427 :

295 2464 595 2512 incesserunt
632 2465 913 2513 collectores
943 2465 1150 2529 plumbi,
1185 2470 1293 2528 post
1326 2477 1408 2509 eos
1449 2464 1782 2513 sollicitatores
1814 2465 2061 2514 literarum

293 2547 682 2609 apostolicarum,
716 2550 888 2598 notarii
922 2550 1150 2599 auditoris
1179 2566 1387 2610 camere,
1423 2549 1594 2597 notarii
1631 2549 1905 2597 auditorum
1938 2553 2060 2606 rote,

291 2635 632 2691 procuratores
672 2633 914 2682 audientie
956 2636 1203 2685 literarum
1247 2637 1678 2693 contradictarum,
1722 2633 1964 2682 auditores
2006 2633 2064 2704 de

290 2711 445 2774 prima
464 2713 645 2763 visione
668 2721 714 2764 et
734 2733 881 2780 parco
909 2721 1100 2780 minori,
1123 2722 1382 2786 scriptores
1406 2736 1540 2769 sacre
1562 2704 1900 2783 penitentiarie
1924 2732 2065 2781 apos-

295 2795 452 2854 tolice,
485 2798 742 2861 scriptores
770 2804 1020 2864 apostolici
1051 2821 1059 2851 :
1092 2805 1262 2867 quibus
1292 2804 1540 2862 ordinatis,
1575 2800 1904 2849 Ferdinandus
1939 2802 2064 2846 Pon-

293 2882 459 2935 settus,
493 2882 898 2931 rescribendarius
929 2889 976 2932 et
1009 2885 1239 2948 magister
1271 2885 1460 2948 registri
1491 2884 1753 2939 bullarum,
1787 2880 2064 2944 intelligens

293 2961 549 3024 magistros
574 2965 817 3029 utriusque
847 2967 1037 3030 registri
1059 2968 1210 3015 ituros
1227 2974 1334 3031 post
1358 2983 1440 3016 eos
1464 2982 1559 3014 una
1589 2981 1699 3014 cum
1731 2963 2065 3012 defensoribus

294 3044 439 3092 officii
465 3046 752 3110 scriptorum
783 3053 829 3096 et
861 3048 984 3108 aliis,
1016 3050 1239 3113 opposuit
1270 3067 1321 3098 se
1354 3049 1661 3108 ordinationi,
1690 3064 1911 3096 asserens
1943 3048 2067 3096 inter

295 3127 553 3192 scriptores
591 3132 880 3194 apostolicos
919 3138 965 3180 et
1004 3133 1356 3182 abbreviatores
1394 3134 1452 3182 de
1488 3148 1632 3198 parco
1673 3132 1845 3196 majori
1881 3131 2065 3179 nullum

296 3226 401 3258 esse
425 3212 601 3261 debere
621 3215 832 3263 medium
855 3232 910 3264 ac
928 3232 1014 3280 per
1034 3233 1111 3265 me
1130 3218 1377 3266 inventum
1396 3218 1562 3276 fuisse,
1581 3232 1691 3266 cum
1714 3232 1870 3265 essem
1893 3214 2068 3278 magis—

295 3298 369 3341 ter
392 3296 579 3358 registri
603 3299 1024 3361 supplicationum,
1044 3302 1169 3364 quod
1187 3301 1403 3365 magistri
1419 3301 1544 3349 illius
1565 3300 1754 3365 registri
1776 3300 1854 3347 hic
1876 3297 2066 3352 incede-

296 3381 418 3436 rent,
441 3379 633 3443 suisque
648 3381 934 3432 clamoribus
950 3388 1099 3433 totam
1114 3385 1476 3448 processionem
1492 3386 1850 3449 perturbarunt.
1869 3385 1934 3430 Ex
1949 3395 2062 3445 quo,
