2222 3926
152 315 370 357 [Aoat1496]
595 313 763 351 RERUM
797 313 1100 362 URBANARUM
1127 312 1475 350 COMMENTARII.
1863 317 1933 353 297

154 417 299 476 facto,
318 417 507 481 legatus
520 416 789 480 procedens
805 419 914 464 ante
927 414 1149 464 infimum
1167 414 1371 479 gradum
1386 418 1496 464 ante
1512 430 1590 464 me
1599 415 1730 463 dium
1748 415 1928 476 altariS‚

154 500 320 560 oravit,
345 505 393 550 et
414 500 524 549 inde
546 500 607 549 ad
631 501 830 550 domum
851 499 1008 548 rediit.

220 584 399 633 Eadem
436 584 530 645 die,
575 584 704 633 circa
740 584 912 633 horam
952 583 1191 633 decimam
1232 599 1411 633 nonam
1454 583 1654 632 recessit
1686 598 1745 632 ex
1783 582 1933 632 Callio

151 669 358 732 legatus,
387 667 540 716 iturus
576 668 1050 732 Forosempronium.
1089 671 1181 718 Per
1207 669 1332 717 viam
1366 672 1600 717 venerunt
1630 667 1719 716 sibi
1743 667 1934 716 obviam

153 755 208 800 R.
232 753 288 799 D.
310 753 521 800 Joannes
543 744 798 816 episcopus
821 752 1154 801 Urbinatensis
1171 752 1346 816 primo,
1371 751 1548 801 deinde
1567 751 1856 814 magnificus
1871 753 1929 799 D.

153 835 506 900 Sigismondus,
540 840 739 900 patruus
766 836 1075 885 illustrissimi
1107 839 1164 884 D.
1200 835 1430 884 Guidonis
1462 835 1598 883 ducis
1630 834 1815 895 Urbini,
1849 834 1929 898 qui

152 935 264 968 eum
287 935 439 983 usque
462 920 923 984 Forosempronium
949 919 1269 979 associarunt,
1300 919 1380 967 ubi
1401 918 1824 984 processionaliter
1844 918 1932 967 sub

150 1007 290 1068 porta
327 1007 554 1068 receptus
587 1007 677 1064 est,
712 1003 957 1068 preposito
989 1003 1117 1052 illius
1141 1002 1348 1052 ecclesie
1387 1002 1605 1061 officium
1647 1006 1929 1067 peragente,

151 1087 264 1151 quia
284 1087 467 1136 electus
488 1086 1013 1151 Forosemproniensis,
1044 1087 1125 1150 qui
1151 1086 1365 1150 legatum
1393 1086 1684 1146 associabat,
1716 1086 1933 1134 nondum

151 1176 251 1221 erat
290 1175 618 1231 consecratus,
650 1171 816 1234 sicque
848 1170 1205 1235 pontificalibus
1235 1170 1455 1233 insigniis
1485 1171 1553 1219 uti
1596 1185 1690 1218 non
1723 1174 1928 1234 poterat.

150 1255 497 1304 Baldachinum
518 1258 770 1319 portarunt
790 1253 916 1302 cives
937 1253 1063 1302 illius
1080 1253 1193 1302 loci.
1214 1253 1499 1317 Magnificus
1520 1256 1576 1301 D.
1597 1254 1933 1317 Sigismondus

147 1339 363 1404 prefatus
390 1339 479 1386 sub
505 1343 646 1402 porta
672 1353 731 1385 ex
758 1352 884 1400 equo
912 1336 1181 1396 descendit,
1208 1337 1398 1401 legatus
1421 1337 1708 1400 genuflexus
1737 1353 1933 1386 crucem

150 1422 395 1471 osculatus
417 1426 507 1470 est.
541 1424 592 1469 ln
624 1420 847 1480 ecclesia,
887 1420 1006 1470 dixit
1031 1421 1303 1470 orationem
1334 1420 1394 1470 de
1426 1425 1596 1469 sancto
1621 1420 1932 1469 Aldobrando

148 1505 683 1570 episcopO,confessore
696 1510 899 1569 patrono
915 1505 1141 1565 ecclesie,
1157 1509 1205 1554 et
1218 1505 1460 1554 concessit
1477 1504 1800 1568 indulgentias
1817 1503 1935 1554 duo-

147 1606 256 1639 rum
271 1605 511 1639 annorum
533 1593 581 1639 et
596 1588 798 1637 totidem
810 1589 1232 1654 quadragenarum
1245 1605 1363 1653 quas
1375 1588 1639 1653 publicavit
1655 1588 1929 1652 prepositus

147 1674 359 1738 prefatus
385 1690 395 1722 ;
421 1673 515 1722 alia
533 1688 670 1721 more
693 1673 835 1722 solito
859 1678 970 1721 sunt
991 1673 1259 1722 observata.

212 1757 442 1806 Ascendit
472 1757 645 1805 deinde
674 1757 853 1805 mulam
875 1761 939 1816 et,
966 1761 1133 1806 vocato
1164 1758 1225 1806 ad
1255 1758 1500 1807 sinistram
1525 1774 1661 1807 suam
1693 1761 1748 1807 D.
1782 1758 1933 1822 Sigis-

147 1842 346 1901 mundo,
374 1841 600 1905 equitavit
630 1856 782 1904 usque
810 1841 871 1890 ad
900 1841 1131 1905 palatium
1162 1841 1297 1890 ducis
1335 1841 1502 1891 Urbini
1531 1842 1582 1890 in
1616 1857 1712 1905 quo
1743 1842 1928 1906 legatus

147 1927 250 1990 ipse
270 1925 540 1990 hospitatus
561 1930 651 1984 est,
676 1931 724 1974 et
745 1941 833 1973 nos
855 1940 1025 1974 omnes
1047 1941 1158 1973 cum
1179 1925 1405 1989 expensis
1428 1926 1654 1975 omnibus
1678 1925 1818 1975 factis
1845 1941 1931 1989 per

147 2011 307 2075 ipsum
328 2009 521 2058 ducem.

213 2093 350 2142 Feria
374 2093 604 2153 secunda,
629 2096 657 2141 8
676 2094 867 2157 augusti
890 2093 939 2141 in
960 2108 1122 2152 mane,
1144 2093 1346 2141 recessit
1367 2093 1554 2157 legatus
1584 2109 1644 2142 ex
1669 2095 1928 2141 Forosem-

145 2177 334 2243 proniO,
359 2181 408 2226 et
423 2176 551 2226 venit
572 2179 774 2236 Fanum,
795 2177 876 2226 ubi
897 2177 1322 2241 processionaliter
1341 2181 1566 2241 receptus
1584 2181 1683 2236 est3
1712 2176 1931 2224 videlicet

145 2262 282 2326 pueri
325 2277 484 2310 ramos
527 2261 760 2309 olivarum
803 2261 853 2308 in
892 2261 1117 2309 manibus
1158 2264 1429 2324 gestantes,
1468 2264 1516 2310 et
1561 2260 1885 2309 acclamantes
1917 2276 1926 2308 :

151 2345 347 2394 Chiesa!
385 2345 585 2393 Chiesa!
610 2344 961 2408 aliquantulum
995 2349 1132 2394 extra
1162 2350 1351 2408 portam
1383 2348 1619 2394 venerunt
1649 2344 1808 2409 legato
1842 2344 1931 2393 ob-

144 2429 287 2477 viam.
320 2429 408 2486 Qui
440 2428 528 2476 suh
557 2432 696 2492 porta
728 2429 1014 2492 genuflexus
1049 2445 1244 2477 crucem
1271 2428 1514 2477 osculatus
1548 2432 1620 2478 est
1650 2445 1676 2477 e
1707 2428 1930 2479 manibus

145 2514 306 2562 locum
333 2511 542 2561 tenentis
570 2511 787 2576 episcopi
818 2512 1016 2560 infirmi.
1040 2512 1271 2561 Ascendit
1292 2512 1490 2570 mulam,
1515 2517 1564 2561 et
1589 2513 1717 2560 cives
1740 2512 1930 2560 obtule-

146 2600 256 2645 runt
277 2595 366 2644 sibi
388 2595 546 2644 claves
574 2595 794 2655 civitatis,
819 2595 950 2658 quod
970 2595 1314 2644 inconveniens
1339 2595 1494 2643 visum
1524 2595 1613 2643 fuit
1641 2611 1700 2643 ex
1721 2610 1779 2643 eo
1801 2595 1930 2658 quod

149 2680 311 2729 civitas
340 2682 486 2743 Pape,
518 2677 695 2726 sitnon
723 2693 910 2738 eorum,
936 2679 1103 2742 sicque
1130 2695 1227 2727 non
1250 2682 1452 2743 possunt
1479 2677 1538 2726 de
1569 2693 1628 2727 ea
1649 2677 1927 2742 disponere.

146 2764 517 2828 Responderunt
561 2767 848 2811 consuetum
897 2778 1005 2811 esse
1048 2763 1118 2811 sic
1156 2762 1289 2821 fieri,
1331 2763 1478 2811 etiam
1521 2761 1926 2825 gubernatoribus

144 2846 434 2895 intrantibus
468 2845 641 2910 quibus
681 2845 890 2895 offerunt
923 2847 1098 2906 claves,
1132 2851 1183 2894 ut
1219 2846 1417 2894 nomine
1459 2845 1708 2894 Pontificis
1741 2845 1928 2909 possint

143 2946 230 2995 pro
252 2930 387 2979 libito
409 2945 495 2978 suo
517 2929 577 2979 de
599 2945 658 2979 ea
683 2928 959 2993 disponere.
983 2929 1128 2979 Venit
1149 2928 1238 2977 sub
1259 2927 1548 2976 baldachino
1565 2927 1755 2992 legatus
1774 2943 1927 2992 usque

145 3014 205 3062 ad
242 3014 498 3062 ecclesiam
537 3013 893 3072 cathedralem,
929 3013 1058 3077 quod
1096 3012 1223 3062 cives
1262 3014 1586 3076 portaverunt.
1625 3012 1678 3058 In
1720 3012 1926 3060 ecclesia

142 3097 330 3160 legatus
357 3096 474 3145 dixit
501 3097 767 3146 orationem
794 3097 854 3146 de
883 3102 1050 3146 sancto
1081 3098 1362 3153 Fortunato,
1387 3093 1615 3158 episcopo
1647 3094 1925 3142 confessore

143 3185 348 3243 patrono
366 3179 589 3238 ecclesie,
607 3184 655 3228 et
675 3180 806 3229 dedit
825 3180 1150 3245 indulgentias
1172 3180 1377 3227 duorum
1396 3191 1634 3226 annorum
1655 3186 1701 3227 et
1723 3177 1924 3227 totidem

144 3262 580 3326 quadragenarum,
610 3278 728 3325 quas
757 3264 1016 3328 publicavit
1044 3263 1258 3327 prefatus
1290 3263 1642 3310 locumtenens.
1674 3261 1927 3310 Benedixit

144 3350 277 3396 stans
305 3345 352 3393 in
380 3344 587 3393 ecclesia
611 3345 861 3407 assistens,
886 3347 1059 3396 deinde
1087 3347 1216 3395 venit
1236 3346 1296 3394 ad
1316 3346 1549 3410 palatium
1584 3343 1922 3410 gubernatoris

144 3430 191 3477 in
213 3444 307 3493 quo
324 3427 596 3492 hospitatus
616 3432 706 3487 est,
727 3433 776 3478 et
797 3444 886 3478 nos
905 3429 1020 3477 hinc
1038 3434 1086 3478 et
1108 3430 1222 3478 inde
1244 3429 1292 3476 in
1314 3427 1538 3476 domibus
1555 3428 1747 3486 civium,
1768 3440 1926 3475 came-
