2222 3926
138 317 345 360 [Decembre
367 318 460 357 1495]
582 314 751 352 RERUM
781 312 1083 350 URBANARUM
1110 313 1461 352 COMMENTARII.
1848 321 1918 358 255

139 436 344 469 coerceas
377 419 597 467 imbriam
632 426 678 466 et
702 417 987 466 bilaritatem
1017 417 1174 465 vult-as
1196 417 1266 464 tui
1277 417 1408 465 nobis
1430 414 1664 483 impartiri
1683 421 1910 484 diqneris,

131 521 219 569 per
237 504 501 552 Dominum
518 511 733 552 nostrum
751 501 802 550 J.
830 501 1089 550 Christum.

201 588 417 646 Dimitte,
459 587 680 647 Domine,
716 594 909 652 peccata
949 595 1111 635 nostra
1141 595 1186 634 et
1211 585 1359 634 tribue
1391 586 1522 634 nobis
1549 587 1918 638 misericordiam

139 680 271 720 tuam
296 688 439 736 qaam
457 688 715 735 precamur
742 680 786 720 et
811 679 865 719 ut
890 671 1203 719 bumilitatem
1229 681 1440 720 nostram
1468 672 1700 732 attendas,
1732 674 1916 722 vincula

137 755 304 815 solvas,
330 756 496 804 delicta
517 756 686 816 deleas,
717 755 1064 803 tribulationem
1086 755 1323 818 inspicias,
1349 755 1675 805 adversitatem
1696 758 1914 822 repellas,

136 840 288 887 hostes
304 840 501 888 visibiles
516 848 563 888 et
576 839 824 887 invisibiles
838 855 1090 899 removeas,
1102 855 1269 903 pacem
1286 847 1332 887 et
1347 840 1548 888 salutem
1569 841 1701 889 nobis
1718 842 1913 902 tribuaS,

138 940 293 972 aerem
318 924 551 973 salubrem
579 931 625 972 et
639 939 859 972 serenam
887 923 1125 983 conceda-5,
1157 923 1473 988 effectumque
1484 925 1730 988 petitionis
1759 937 1918 975 nostre

138 1008 349 1072 largiens
366 1009 596 1074 supplices
618 1016 721 1057 taos
742 1008 990 1056 clementer
1005 1006 1248 1055 exaudias,

203 1094 302 1142 Per
327 1094 595 1154 Christum,
609 1102 695 1142 etc.
718 1114 740 1138 »

205 1178 386 1235 Quibus
402 1178 532 1238 visis,
556 1178 807 1227 Sanctitati
830 1194 916 1226 sue
936 1194 1034 1226 non
1055 1178 1338 1242 placuerunt
1358 1176 1501 1240 primi
1518 1181 1636 1239 tres,
1654 1179 1726 1228 Et
1740 1197 1912 1230 nenos.

139 1263 193 1309 Et
214 1262 477 1311 Sanctitate
498 1279 584 1311 sua
601 1277 680 1311 me
699 1262 1046 1326 interrogante,
1065 1277 1121 1309 ac
1136 1261 1384 1310 intellecto
1407 1260 1534 1309 unde
1563 1261 1667 1325 ipsa
1686 1263 1914 1328 collegis-

137 1361 259 1407 sem,
285 1346 403 1395 dixit
427 1346 548 1394 mihi
583 1346 704 1396 velle
739 1346 886 1394 etiam
914 1346 963 1393 in
990 1345 1172 1393 missali
1204 1345 1367 1394 videre
1405 1349 1453 1393 et
1483 1359 1569 1408 pro
1603 1361 1690 1394 suo
1718 1347 1914 1396 arbitrio

137 1429 340 1479 dicenda
358 1430 602 1494 colligere.

201 1514 424 1574 VeneriS,
468 1518 518 1562 11
553 1514 841 1574 decembriS,
874 1514 964 1563 fuit
990 1513 1343 1578 proclamatum
1365 1528 1452 1577 per
1471 1513 1652 1563 Urbem
1674 1514 1803 1579 quod
1824 1514 1911 1565 do-

136 1596 312 1647 minica
331 1597 572 1663 proxima,
592 1597 641 1646 in
660 1614 820 1658 mane,
840 1602 970 1647 esset
990 1597 1238 1662 processio
1261 1614 1349 1662 pro
1363 1596 1623 1646 serenitate
1644 1598 1910 1662 prebenda,

136 1681 197 1730 ad
219 1698 363 1746 quam
381 1682 587 1748 populus
607 1682 750 1732 vellet
766 1699 816 1731 se
840 1682 1116 1747 disponere,
1136 1681 1265 1746 quod
1282 1683 1367 1730 SS.
1390 1683 1447 1729 D.
1472 1686 1639 1731 noster
1654 1688 1784 1732 esset
1804 1701 1914 1733 ven-

139 1771 271 1815 turus
292 1767 353 1815 ad
371 1767 619 1817 basilicam
638 1783 677 1815 s.
701 1762 847 1827 Petri,
872 1771 920 1816 et
940 1771 1049 1831 post
1069 1767 1269 1814 missam
1291 1765 1488 1814 daturus
1500 1766 1742 1830 plenarias
1755 1768 1914 1818 indul-

137 1850 341 1915 gentiaS,
366 1855 412 1900 et
432 1851 564 1915 quod
583 1855 864 1900 ostensurus
895 1855 1024 1900 esset
1043 1850 1196 1899 vultus
1215 1849 1428 1909 Domini,
1453 1850 1583 1914 quod
1612 1851 1689 1899 via
1722 1852 1916 1917 publica

141 1935 472 1984 mundaretur.

202 2019 455 2068 Dominica
468 2020 608 2068 tertia
619 2019 868 2078 adventus,
892 2018 1104 2068 Gaudete
1118 2025 1414 2084 nuncupata,
1430 2035 1523 2083 que
1538 2019 1626 2069 fuit
1647 2024 1702 2070 13
1719 2020 1915 2070 decem-

135 2103 251 2164 bris,
271 2105 354 2152 SS.
374 2107 431 2152 D.
448 2110 615 2154 noster
627 2108 821 2169 paratus
843 2119 979 2153 more
1001 2103 1143 2153 solito
1158 2104 1206 2152 in
1224 2120 1419 2153 camera
1432 2103 1670 2169 papagalli
1685 2120 1796 2153 cum
1810 2105 1915 2169 plu-

136 2187 239 2236 viali
260 2187 482 2251 precioso
503 2204 590 2252 per
620 2204 836 2237 errorem
867 2186 1052 2236 abbatis
1081 2187 1281 2237 sacriste
1309 2192 1358 2237 et
1386 2187 1490 2253 ejus
1511 2187 1914 2237 inadvertentiam

135 2287 218 2320 seu
242 2270 402 2334 potius
424 2287 603 2331 meam,
625 2272 704 2336 qui
725 2272 869 2322 debui
894 2277 1154 2336 antequam
1176 2274 1303 2336 Papa
1325 2289 1351 2320 e
1373 2287 1568 2321 camera
1588 2271 1741 2321 exiret
1760 2271 1914 2337 previ-

132 2354 259 2404 disse
275 2370 492 2405 errorem
507 2355 694 2404 abbatis
707 2361 754 2405 et
768 2357 1074 2417 emendasse,
1090 2355 1221 2420 quod
1240 2372 1339 2405 non
1356 2356 1467 2416 feci,
1482 2372 1595 2405 cum
1605 2356 1851 2420 processio
1862 2356 1909 2404 in

129 2438 318 2503 pluviali
340 2440 490 2489 rubeo
506 2441 611 2489 fieri
630 2442 830 2490 deberet
848 2446 896 2490 et
915 2441 1109 2490 mitram
1124 2445 1287 2490 autem
1299 2440 1468 2489 habuit
1487 2440 1776 2505 simplicem,
1802 2457 1909 2506 pre-

132 2522 416 2572 cedentibus
449 2525 645 2589 prelatis
673 2529 721 2574 et
762 2525 1083 2574 cardinalibus
1111 2524 1290 2589 paratis
1323 2524 1620 2588 paramentis
1655 2524 1904 2574 violaceis.

134 2605 560 2655 Processionaliter
590 2607 842 2657 descendit
862 2607 921 2656 de
938 2607 1113 2672 palatio
1135 2607 1224 2656 sub
1245 2607 1534 2655 baldachino
1555 2624 1641 2673 per
1662 2608 1840 2657 scalam
1862 2612 1910 2656 et

132 2689 306 2750 curias,
345 2689 426 2739 ubi
453 2691 719 2741 cardinales
742 2692 1005 2741 ascendere
1026 2695 1406 2748 consueverunt;
1432 2691 1575 2740 exivit
1602 2695 1792 2754 portam
1822 2707 1907 2756 pa-

130 2771 248 2835 latii,
269 2774 548 2824 immediate
568 2776 629 2824 ad
648 2776 895 2825 dexteram
915 2782 1133 2831 vertens:
1151 2774 1342 2823 intravit
1362 2774 1451 2823 sub
1469 2774 1726 2839 campanili
1743 2787 1908 2824 versus

132 2857 380 2907 basilicam
402 2875 442 2907 s.
467 2861 612 2909 Petri.
1630 2844 1634 2847 .

193 2942 420 2991 Canonici
440 2948 484 2991 et
506 2943 781 2993 beneficiati
802 2943 1021 3008 ejusdem
1042 2943 1239 2992 basilice
1268 2929 1558 3006 receperunt
1590 2942 1906 2991 Sanctitatem

129 3039 266 3072 suam
301 3025 390 3072 sub
429 3026 602 3075 eodem
638 3027 794 3091 primo
826 3028 1014 3093 porticu
1036 3028 1085 3075 in
1110 3043 1279 3075 eorum
1301 3027 1464 3092 cappis
1496 3032 1543 3076 et
1572 3043 1670 3075 non
1701 3042 1902 3091 proces-

130 3105 392 3167 sionaliter,
409 3109 468 3158 de
481 3125 576 3174 quo
592 3126 676 3159 eos
689 3111 980 3176 reprehendi
995 3112 1203 3160 maxime
1225 3111 1338 3174 quia
1355 3111 1638 3175 episcopum
1659 3113 1896 3160 luteram-

129 3205 348 3249 nensem,
384 3207 552 3242 eorum
575 3194 816 3254 vicarium,
845 3196 949 3244 heri
973 3196 1299 3246 advisaveram
1319 3195 1450 3259 quod
1469 3195 1648 3244 faceret
1665 3195 1796 3259 ipsos
1813 3196 1896 3243 SS.

131 3276 185 3323 D.
201 3280 418 3324 nostrum
439 3282 631 3340 paratos
646 3279 878 3344 recipere.
899 3283 1199 3330 Excusarunt
1220 3296 1270 3328 se
1289 3279 1338 3327 id
1356 3277 1632 3336 nescivisse,
1658 3273 1706 3326 et
1729 3293 1899 3326 eorum

130 3362 413 3420 paramenta
427 3359 665 3424 episcopis
686 3362 847 3426 palatii
866 3369 1132 3412 mutuasse.

193 3443 424 3492 Pervento
454 3442 514 3492 ad
540 3444 688 3493 altare
713 3447 869 3510 majus
897 3447 1024 3495 dicte
1053 3447 1250 3494 basilice
1272 3445 1332 3494 ad
1361 3444 1491 3508 quod
1511 3460 1683 3495 omnes
1705 3444 1751 3491 in
1774 3443 1895 3491 albis
