2216 3886
169 335 283 378 [Avru
305 337 399 376 1498]
611 332 778 371 RERUM
807 331 1111 371 URBANARL'M
1146 332 1496 371 COMMENTARH.
1886 338 1955 374 ‘1523

171 443 254 491 diit
276 441 478 505 quisque
502 440 697 489 domum
719 444 767 489 et
792 439 1095 488 mansionem
1117 452 1271 485 suam.
1297 439 1470 484 Factus
1493 440 1564 486 est
1586 453 1645 485 ex
1672 438 1765 487 hoc
1789 455 1952 487 rumor

166 525 213 573 in
244 524 442 588 popuIO,
477 528 523 572 ct
545 526 715 572 contra
742 523 939 572 fratrem
961 521 1310 585 Hieronymum
1335 536 1434 567 non
1465 522 1658 570 modica
1684 522 1948 587 indignatio

166 614 213 657 et
236 608 443 672 suspicio
472 611 601 666 nata,
626 607 748 655 adeo
779 606 909 669 quod
935 605 1011 654 die
1038 605 1171 663 lune,
1197 608 1224 651 9
1246 605 1389 668 hujus
1412 606 1610 665 mensis,
1636 607 1684 653 in
1706 622 1833 666 sero,
1858 610 1946 671 po-

166 693 304 757 pulus
339 707 515 755 magno
548 706 658 739 cum
687 691 868 754 impetu
905 694 952 738 et
981 688 1290 737 vehementia
1323 688 1456 736 irruit
1490 690 1551 738 ad
1584 694 1874 739 conventum
1902 708 1940 739 s.

165 776 313 823 Marci
354 776 402 823 in
437 790 531 838 quo
566 773 720 821 (lictus
754 773 901 821 frater
944 773 1266 837 Hieronymus
1305 774 1563 833 residebat,
1599 791 1742 838 quem
1773 775 1944 823 fratres

165 859 384 923 ejusdem
403 859 527 906 bene
549 857 823 906 clauserant
848 861 894 905 et
916 856 963 903 in
986 871 1043 904 eo
1068 857 1344 904 bombardis
1372 861 1419 906 et
1446 857 1550 905 aliis
1573 859 1814 906 offensivis
1836 875 1944 907 mn-

165 943 251 990 niti
283 946 436 1000 erant,
468 956 561 1004 que
594 941 644 987 in
676 941 909 1005 populum
945 945 1212 998 traxerunt;
1246 941 1326 1003 qui
1361 942 1554 989 tandem
1585 944 1874 991 conventum
1900 945 1943 991 vi

162 1026 370 1085 intravit,
407 1025 672 1074 intersectis
707 1024 919 1087 quinque
954 1039 1013 1072 ex
1046 1023 1168 1076 suis,
1199 1024 1350 1072 tribus
1388 1029 1548 1073 autem
1577 1041 1635 1073 ex
1669 1026 1940 1086 monachis,

164 1109 373 1172 quodam
391 1109 538 1157 fratre
558 1107 779 1171 professo
802 1107 981 1155 ordinis
999 1107 1375 1171 predicatorum,
1397 1124 1628 1172 germano
1651 1109 1764 1157 dicti
1785 1108 1943 1158 fratris

164 1193 463 1257 Hieronymi,
501 1196 549 1240 et
579 1191 768 1239 duobus
797 1191 918 1239 aliis.
951 1191 1259 1254 Captivarunt
1286 1192 1483 1240 fratrem
1517 1193 1867 1258 Hieronymum
1896 1198 1943 1243 et

163 1276 284 1325 duos
309 1276 428 1324 alios
455 1275 625 1324 fratres
652 1291 763 1322 cum
787 1290 862 1334 eo,
891 1274 1113 1323 videlicet
1137 1275 1335 1323 fratrem
1365 1276 1672 1324 Dominicum
1693 1277 1754 1325 de
1776 1277 1946 1326 Pescia

160 1365 208 1408 et
236 1360 438 1425 fratrem
468 1359 763 1424 Sylvestrum
792 1358 851 1406 de
886 1358 1126 1406 Florentia
1156 1363 1204 1407 et
1236 1374 1319 1407 eos
1355 1359 1593 1408 duxerunt
1624 1360 1685 1408 ad
1713 1361 1944 1424 palatium

161 1446 263 1492 DD.
288 1443 677 1491 Florentinorum
699 1446 746 1490 et
764 1441 946 1489 ibidem
967 1442 1243 1490 carceribus
1264 1442 1565 1492 intruserunt
1587 1443 1668 1509 (1).

171 1573 175 1578 .
224 1526 444 1574 Accurrit
472 1525 644 1574 deinde
673 1525 879 1589 populus
907 1526 966 1573 ad
990 1525 1161 1574 domos
1190 1526 1431 1574 Francisci
1460 1527 1519 1575 de
1552 1528 1711 1577 Valori
1742 1534 1790 1578 et
1812 1529 1944 1578 Pauli

157 1610 352 1658 Antonii
386 1609 636 1669 Soderini,
656 1609 816 1657 fratris
848 1612 905 1657 D.
941 1610 1154 1673 episcopi
1182 1610 1475 1672 Volterrani,
1508 1612 1589 1674 qui
1616 1612 1946 1677 principaliter

158 1694 286 1742 dicto
321 1693 454 1741 fratri
486 1693 781 1757 Hieronymo
814 1693 1038 1742 favebant
1068 1699 1115 1741 et
1148 1693 1306 1757 ipsum
1338 1695 1621 1755 tuebantur-3
1659 1701 1706 1745 et
1735 1698 1944 1761 primum

159 1777 220 1825 ad
252 1777 450 1825 domum
485 1776 598 1825 dicti
628 1776 871 1824 Francisci
901 1776 961 1824 de
994 1776 1158 1825 Valori
1186 1783 1520 1839 perrexerunt,
1557 1793 1702 1841 quem
1736 1795 1847 1827 cum
1879 1781 1944 1829 ibi

162 1874 259 1907 non
284 1859 597 1923 reperissent,
627 1874 790 1907 versus
810 1859 1041 1924 palatium
1069 1859 1309 1907 dictorum
1330 1860 1639 1908 dominorum
1661 1862 1864 1923 iverunt,
1895 1864 1944 1911 in

159 1957 366 2006 quorum
394 1943 569 2006 platea,
594 1942 668 1991 vel
693 1942 837 2002 circa,
871 1958 981 1991 eum
1010 1946 1255 2006 repertum
1282 1943 1630 1992 interfecerunt
1657 1946 1943 1996 crudeliter-

158 2042 251 2089 que
278 2030 543 2075 traxerunt.
587 2029 714 2075 Uxor
741 2027 863 2090 ejus,
896 2042 990 2089 que
1019 2026 1215 2074 domum
1244 2026 1503 2075 defendere
1536 2029 1818 2088 conabatur,
1857 2030 1944 2078 suit

159 2110 384 2158 similiter
417 2110 594 2169 occisa,
632 2114 680 2159 et
713 2112 961 2173 exportata
997 2108 1159 2157 omnia
1190 2109 1318 2157 bona
1351 2125 1455 2168 sua,
1492 2114 1540 2158 et
1573 2111 1703 2174 quod
1738 2113 1943 2176 quisque

156 2192 338 2241 habere
364 2193 538 2256 potuit,
569 2193 658 2241 sibi
688 2192 953 2256 acquisivit.
987 2194 1345 2241 Concurrerunt
1373 2194 1484 2242 inde
1514 2194 1575 2242 ad
1603 2195 1801 2244 domum
1829 2197 1942 2246 dicti

157 2276 396 2335 Soderini‚
427 2276 507 2324 ubi
536 2276 758 2325 similiter
790 2276 950 2324 facere
983 2281 1272 2335 statueran13
1310 2277 1395 2324 sed
1428 2278 1705 2327 Dominium
1739 2280 1944 2343 providit

157 2364 426 2423 opportune
455 2365 503 2409 et
529 2375 616 2424 per
651 2365 820 2423 gentes
855 2375 965 2408 suas
1002 2360 1235 2408 succurrit
1267 2360 1396 2409 dicto
1432 2361 1668 2410 Soderino
1700 2367 1748 2411 et
1780 2363 1942 2412 domui

158 2458 261 2502 sue,
285 2444 462 2507 populo
484 2447 647 2492 autem
676 2444 792 2493 fecit
814 2444 901 2492 sub
923 2444 1062 2493 bonis
1083 2444 1239 2492 modis
1262 2450 1308 2492 et
1329 2446 1467 2508 penis
1490 2446 1697 2495 inhiberi
1728 2451 1778 2496 ut
1805 2463 1942 2497 rece-

160 2527 313 2586 deret,
340 2527 468 2590 quod
489 2530 536 2575 et
558 2526 673 2574 fecit
697 2528 782 2591 (2).

222 2611 320 2658 Hec
359 2608 551 2657 fuerunt
590 2610 807 2673 pontifici
847 2627 932 2674 per
971 2616 1213 2660 oratorem
1259 2614 1648 2662 Florentinorum
1695 2614 1771 2662 die
1816 2615 1940 2678 jovis

158 2696 341 2752 sancto,
372 2693 422 2741 in
449 2708 609 2753 mane,
647 2694 934 2757 significata,
958 2699 1004 2743 et
1034 2695 1077 2742 ei
1106 2696 1426 2759 supplicatum
1456 2702 1507 2744 ut
1534 2696 1813 2760 dignaretur
1832 2698 1940 2746 bul-

154 2777 251 2824 lam
277 2777 593 2827 absolutionis
623 2794 709 2843 pro
739 2778 918 2842 populo
948 2779 1226 2828 Florentino
1255 2781 1470 2844 expediri
1499 2781 1730 2838 mandare
1762 2798 1849 2846 pro
1880 2798 1939 2830 eo

151 2861 254 2924 jam
277 2862 717 2922 excommunicato,
743 2862 873 2926 quod
891 2878 1061 2910 manus
1086 2864 1320 2913 violentas
1342 2865 1390 2912 iu
1412 2870 1701 2914 conventum
1725 2881 1763 2912 s.
1789 2866 1937 2913 Marci

156 2944 274 2992 etin
298 2944 469 2994 fratres
492 2945 625 3010 ipsos
653 2962 708 2995 ac
735 2946 854 2995 alios
882 2946 1143 3011 injecisset,
1168 2949 1401 3012 quosdam
1429 2949 1767 3008 interfecisset,
1792 2949 1938 2997 etiam

156 3027 463 3091 presbyteros
489 3034 536 3078 et
559 3030 677 3078 alios
707 3015 914 3094 graviter
933 3031 1122 3080 lesisset
1153 3048 1162 3079 :
1190 3033 1274 3080 SS.
1310 3035 1367 3080 D.
1400 3038 1567 3082 noster
1593 3032 1754 3081 statim
1783 3032 1938 3080 vocari

158 3109 399 3158 mandavit
427 3112 742 3160 secretarium
773 3129 913 3161 suum
941 3119 987 3161 et
1012 3113 1055 3161 ei
1078 3114 1359 3178 hujusmodi
1385 3115 1566 3163 bullam
1592 3114 1807 3178 expediri
1835 3113 1938 3162 sine

158 3208 294 3241 mora
323 3194 647 3243 mandandam
680 3196 939 3254 commisit,
973 3212 1066 3259 que
1101 3197 1272 3246 eadem
1303 3197 1398 3255 die,
1435 3213 1529 3260 que
1567 3197 1658 3244 suit
1699 3200 1755 3243 12
1792 3196 1938 3260 hujus

204 3344 236 3380 1.
264 3343 359 3390 Voy.
383 3342 518 3388 villari,
540 3347 567 3380 t.
598 3344 643 3389 ΙΙ,
665 3344 769 3393 chap.
793 3358 866 3392 vui,
887 3358 922 3394 p.
945 3346 1036 3392 135;
1060 3346 1212 3393 Sanuto,
1236 3351 1261 3393 t,
1286 3349 1312 3383 I.
1335 3347 1401 3383 cal.
1425 3348 1491 3382 931
1508 3359 1516 3389 ς
1534 3346 1574 3382 Ρ.
1596 3346 1774 3391 Delfinus,
1796 3346 1857 3383 liv.
1882 3346 1928 3391 V,

160 3402 267 3451 epist.
291 3401 406 3439 LVIII
427 3406 462 3438 et
482 3402 642 3440 LXXIII.
672 3412 675 3416 ·

206 3464 240 3500 2.
272 3463 364 3511 Voy.
388 3462 526 3507 villari,
550 3464 645 3501 Scor.
668 3465 707 3500 di
727 3466 918 3505 Sat-omna,
938 3469 965 3501 t.
990 3465 1035 3510 11,
1057 3467 1113 3504 cb.
1136 3479 1211 3511 vm,
1234 3479 1270 3514 p.
1295 3467 1374 3503 135.
