2202 3926
149 352 307 396 [Janvier
326 352 422 394 1494]
599 350 769 389 RERUM
800 350 1107 388 URBANARUM
1139 350 1489 394 COMMENTARII.
1895 360 1943 395 87

149 458 333 523 gesime
367 460 414 506 et
442 461 555 505 tunc
588 455 863 504 ordinatum
897 453 1066 514 fuisse,
1106 454 1237 519 quod
1268 455 1547 506 benedictio
1582 461 1630 506 et
1663 459 1941 510 distributio

149 541 461 591 candelarum
492 541 631 590 tieret
661 539 832 599 eadem
859 538 1120 599 dominica,
1152 539 1240 587 sed
1267 539 1483 589 officium
1513 542 1662 591 misse
1692 543 1832 591 fieret
1863 543 1944 591 illa

147 626 224 675 die
245 625 505 681 dominica,
531 629 578 674 et
604 623 818 673 officium
840 623 981 672 beate
1002 623 1151 672 Marie
1171 624 1491 674 tranferretur
1511 626 1561 674 in
1582 626 1660 675 die
1686 626 1803 675 lune
1825 630 1940 676 tunc

150 710 366 775 proxime
401 714 652 774 sequente,
687 712 734 757 et
765 712 879 758 tunc
910 707 979 756 sic
1009 707 1159 757 fuisse
1191 709 1497 759 observatum
1528 714 1576 760 et
1608 711 1657 760 id
1687 716 1946 778 propterea

149 795 350 854 factum,
382 794 494 858 quia
519 799 635 843 tunc
660 792 893 857 temporis
923 807 1093 841 omnes
1122 792 1365 843 dominice
1394 797 1770 860 septuagesime,
1803 814 1944 848 sexa-

150 879 335 944 gesime
359 882 407 927 et
427 877 830 943 quinquagesime
851 875 1058 925 fuissent
1078 875 1337 925 missarum
1358 878 1620 942 papalium,
1647 881 1770 931 sicut
1792 882 1946 931 domi-

149 963 258 1013 nice
275 961 662 1027 quadragesime,
681 959 768 1008 sed
781 959 928 1008 hodie
945 974 1086 1008 secus
1105 973 1230 1019 esse,
1249 975 1362 1008 cum
1378 960 1458 1010 ille
1475 961 1736 1024 dominice,
1756 968 1943 1030 tempo-

149 1048 282 1097 ribus
303 1045 481 1095 nostris
498 1061 595 1094 non
615 1043 812 1103 fuerint,
832 1058 990 1107 neque
1010 1041 1158 1091 hodie
1177 1042 1273 1093 sint
1290 1044 1550 1094 missarum
1571 1047 1832 1112 papalium,
1857 1050 1943 1099 sed

149 1147 446 1181 consuevere
480 1130 529 1178 in
549 1145 695 1194 parva
720 1128 924 1192 capella,
950 1127 998 1176 in
1019 1128 1264 1193 pontificis
1299 1134 1347 1178 et
1371 1130 1691 1180 cardinalium
1724 1133 1943 1183 absentia

147 1215 332 1280 peragi,
368 1218 625 1280 propterea
659 1228 802 1278 posse
834 1212 883 1260 in
916 1212 1088 1262 eadem
1118 1230 1265 1278 parva
1294 1214 1482 1278 capella
1516 1230 1605 1279 per
1637 1220 1862 1267 cantores
1895 1223 1944 1268 et

148 1300 453 1365 capellanum
473 1298 671 1348 missam
693 1296 752 1346 de
774 1297 879 1362 ipsa
898 1297 1144 1346 dominica
1164 1298 1412 1347 decantari
1432 1298 1482 1346 in
1503 1299 1746 1363 pontificis
1767 1302 1943 1352 absen-

147 1385 230 1445 tia,
261 1384 436 1433 deinde
464 1383 513 1431 in
546 1381 733 1447 capella
761 1381 934 1445 majori
960 1397 1050 1445 per
1073 1381 1359 1446 pontificem
1386 1382 1616 1431 candelas
1642 1384 1867 1435 benedici
1896 1392 1944 1436 et

149 1468 388 1530 distribui,
426 1484 499 1529 ac,
537 1465 853 1532 processione
887 1464 1039 1526 finita,
1089 1466 1287 1514 missam
1310 1466 1370 1515 de
1391 1467 1730 1531 purificatione
1766 1486 1943 1520 conve-

147 1553 340 1601 nienter
374 1568 518 1618 posse
550 1549 805 1610 celebrari,
839 1552 888 1598 et
922 1549 1019 1597 hoc
1052 1549 1198 1598 etiam
1234 1549 1414 1611 facere,
1456 1551 1586 1614 quod
1621 1553 1808 1616 capella
1837 1553 1943 1618 ipsa

146 1637 302 1702 major
342 1636 402 1685 sit
432 1636 482 1684 in
509 1635 750 1684 honorem
781 1632 1001 1698 ejusdem
1038 1632 1180 1681 beate
1220 1633 1370 1682 Marie
1401 1633 1595 1699 virginis
1635 1643 1938 1697 consecrata,

145 1723 194 1768 et
230 1724 492 1784 propterea
525 1719 702 1768 festum
740 1716 962 1781 ejusdem
999 1720 1166 1765 sancte
1196 1717 1346 1767 Marie
1380 1718 1430 1766 in
1463 1734 1522 1767 ea
1550 1720 1804 1769 transferri
1839 1736 1939 1769 non

144 1803 341 1852 debere.

215 1888 299 1936 SS.
326 1890 384 1935 D.
410 1890 465 1936 N.
491 1885 773 1950 perquisivit
793 1885 1112 1934 cardinalium
1137 1901 1284 1949 super
1298 1885 1483 1950 judicio
1511 1903 1622 1936 meo
1654 1887 1940 1946 sententias,

150 1970 231 2035 qui
272 1985 442 2018 omnes
476 1985 504 2017 a
539 1969 696 2033 primo
735 1968 798 2017 ad
832 1968 1055 2017 ultimum
1094 1969 1420 2030 concorditer,
1464 1971 1659 2020 nemine
1699 1971 1943 2020 contradi-

152 2058 311 2115 cente,
337 2069 499 2102 meam
521 2052 809 2102 sententiam
830 2051 1160 2116 approbarunt
1190 2056 1238 2101 et
1267 2052 1543 2115 laudarunt,
1575 2059 1836 2120 propterea
1856 2054 1946 2103 fuit

150 2139 236 2199 sic,
262 2138 323 2186 de
349 2137 565 2185 omnium
592 2135 813 2195 consilio,
840 2135 947 2184 fieri
972 2136 1151 2185 debere
1172 2137 1456 2186 conclusum
1484 2154 1571 2203 per
1592 2140 1677 2188 SS.
1712 2141 1770 2188 N.
1806 2141 1863 2187 D.
1898 2143 1946 2187 et

148 2223 418 2271 decretum.

213 2305 544 2355 interfuerunt
592 2310 752 2353 autem
793 2304 842 2352 in
882 2305 1171 2353 consistorio
1209 2305 1485 2370 supradicto
1525 2322 1603 2354 xm
1651 2306 1939 2362 cardinales,

146 2390 368 2438 videlicet
410 2389 758 2453 Neapolitanus
797 2393 846 2437 et
892 2388 1230 2438 Ulixbonensis
1271 2390 1513 2455 episcopi;
1564 2407 1603 2439 s.
1658 2390 1940 2449 Clementis,

146 2473 421 2534 Januensis,
466 2473 761 2532 Parmensis,
806 2475 1195 2533 Beneventanus,
1241 2475 1419 2523 Montis
1466 2474 1677 2539 Regalis,
1722 2474 1941 2532 Ursinus,

147 2557 524 2616 AlexandrinUS,
549 2574 588 2605 s.
613 2556 832 2622 Dionysii
854 2561 902 2605 et
923 2557 1340 2621 Carthaginiensis
1368 2559 1666 2624 presbyteri,
1691 2558 1940 2617 Senensis,

147 2658 187 2689 s.
212 2641 426 2705 Georgii,
451 2641 702 2699 Columna,
727 2640 979 2699 AscaniuS,
1005 2657 1043 2688 s.
1071 2641 1302 2701 Severini,
1327 2643 1632 2703 Valentinus,
1664 2643 1940 2699 Cesarinus,

84 2731 92 2743 ⁴
149 2726 422 2785 Grimanus,
447 2725 704 2787 Farnesius
727 2730 774 2774 et
796 2727 979 2774 Lunate
1002 2726 1192 2775 diaconi
1216 2725 1503 2774 cardinales.

216 2799 398 2858 Eodem
430 2825 592 2868 mane,
634 2811 690 2857 D.
733 2809 979 2859 ‚Iohannes
1016 2810 1193 2858 Paulus
1219 2810 1278 2858 de
1309 2809 1481 2869 BosiiS,
1523 2809 1725 2859 sacrista
1754 2808 1940 2872 capelle

151 2895 234 2943 SS.
261 2897 318 2942 D.
344 2896 401 2942 N.
426 2909 567 2958 pape,
595 2894 676 2958 qui
696 2893 841 2943 etiam
860 2894 909 2941 in
930 2893 1221 2941 consistorio
1244 2892 1541 2956 supradictO,
1567 2892 1680 2941 dum
1702 2892 1940 2956 premissa

152 2978 343 3037 tierent,
368 2977 604 3037 interfuit,
628 2978 745 3026 mihi
770 2977 888 3026 dixit
915 2977 1098 3026 dictum
1121 2977 1300 3026 festum
1326 2976 1696 3040 purificationis,
1721 2981 1939 3040 tempore

151 3060 305 3109 felicis
334 3061 685 3110 recordationis
720 3061 838 3110 Sixti
870 3077 994 3126 pape
1029 3061 1206 3124 quarti,
1244 3061 1293 3108 in
1315 3060 1559 3109 dominica
1580 3059 1938 3124 septuagesime

147 3143 221 3191 vel
239 3145 539 3208 sexagesime
558 3145 764 3204 venisse,
788 3161 844 3194 ac
864 3144 1036 3193 eadem
1055 3144 1131 3193 die
1150 3144 1376 3193 candelas
1395 3159 1484 3208 per
1501 3143 1728 3192 eumdem
1751 3143 1937 3191 Sixtum

148 3226 428 3276 benedictas
451 3233 498 3277 et
519 3228 797 3278 distributas
820 3229 985 3288 fuisse,
1016 3244 1071 3277 ac
1104 3227 1469 3292 processionem
1493 3231 1776 3275 consuetam
1797 3225 1937 3273 habi-

146 3314 268 3369 tam;
294 3309 468 3358 deinde
490 3314 681 3360 Rmum.
707 3315 764 3361 D.
793 3312 1088 3362 cardinalem
1111 3329 1149 3359 s,
1182 3311 1444 3360 Clementis
1473 3310 1672 3358 missam
1691 3309 1935 3373 publicam

148 3392 207 3440 de
229 3391 472 3439 dominica
491 3396 605 3440 tunc
635 3400 858 3444 currente
879 3396 929 3443 in
950 3399 1077 3459 Pape
1106 3399 1154 3444 et
1185 3393 1501 3443 cardinalium
1530 3393 1777 3456 presentia
1806 3391 1935 3439 cele-

146 3477 333 3535 brasse,
375 3475 629 3539 ipsumque
667 3478 917 3526 sacristam
951 3495 979 3526 a
1017 3478 1342 3526 cardinalibus
1371 3476 1723 3538 reprehensum
1764 3474 1929 3529 fuisse,
