2216 3886
284 297 355 333 584
890 294 909 331 J
914 293 1075 330 OHANN
1080 293 1122 329 IS
1158 292 1452 338 BURCHARDI,
1727 293 1938 333 [Decembre
1959 294 2051 335 1499]

284 397 479 446 easdem
519 400 680 461 partes
719 395 1063 458 interpretetur
1100 393 1148 440 in
1188 392 1524 455 gubernatoris
1563 391 1728 450 Urbis,
1770 392 2050 441 thesaurarii

283 480 522 544 generalis
560 483 607 527 et
642 478 843 525 aliorum
882 492 1073 525 camere
1110 474 1373 538 apostolice
1409 474 1670 536 presentia,
1709 474 1758 521 in
1794 475 1930 537 equis
1967 491 2052 524 seu

282 564 425 612 mulis
458 578 626 612 eorum
657 565 785 608 retro
817 559 1068 623 episcopos
1101 558 1320 622 legentes
1351 558 1420 606 eis
1451 557 1796 616 assistentium,
1830 557 2052 621 quodque

283 662 451 695 omnes
483 645 719 693 tubicines
752 642 970 706 ejusdem
999 641 1126 690 bulle
1157 641 1468 705 publicationi
1499 641 1740 700 intersint,
1773 645 1916 703 atque
1943 645 2053 690 ante

282 733 385 795 ejus
408 728 769 777 inchoationem
797 730 843 775 et
869 728 979 789 post
1008 726 1111 789 ejus
1138 724 1529 774 terminationem
1560 724 1842 772 solemniter
1862 729 2050 784 sonent,

281 816 325 860 et
347 811 395 859 id
422 810 504 857 fiat
531 809 606 856 die
637 808 880 856 dominica
907 807 1125 871 proxime
1154 807 1325 854 futura.
1359 807 1506 855 Missa
1526 807 1681 871 papali
1704 806 1855 867 finita,
1880 807 2053 856 deinde

278 899 387 960 post
410 893 665 958 prandium
688 891 904 955 ejusdem
933 891 1044 950 diei,
1070 890 1441 954 precedentibus
1467 890 1668 949 eisdem,
1694 889 1984 938 tubicinibus
2005 891 2053 938 in

279 978 398 1026 locis
427 975 631 1040 publicis
665 978 713 1023 et
747 973 898 1022 solitis
932 989 1019 1038 per
1061 973 1256 1033 Urbem,
1291 988 1378 1037 per
1409 974 1534 1021 viam
1568 973 1712 1022 banni
1746 988 1830 1021 seu
1865 973 2053 1036 publice

278 1058 670 1123 proclamationis
703 1073 790 1122 per
822 1071 1055 1120 personas
1089 1057 1148 1105 ad
1180 1057 1273 1104 hoc
1307 1056 1559 1120 deputatas
1592 1057 1864 1120 vulgaribus
1897 1056 2054 1106 verbis

280 1143 451 1191 eadem
485 1141 614 1190 bulla
644 1141 909 1200 intimetur,
942 1140 1071 1204 quod
1096 1156 1183 1204 pro
1210 1141 1422 1204 vesperis
1452 1140 1611 1204 vigilie
1646 1140 1754 1188 festi
1788 1141 2053 1190 Nativitatis

278 1226 492 1289 predicte
523 1224 791 1274 cardinales
824 1239 993 1273 omnes
1025 1228 1071 1273 et
1104 1224 1291 1288 prelati,
1325 1224 1374 1271 in
1402 1224 1552 1272 solitis
1582 1228 1629 1272 et
1659 1224 2054 1273 convenientibus

277 1309 588 1374 paramentis,
615 1323 723 1356 cum
752 1307 966 1355 candelis
992 1307 1270 1356 ardentibus
1298 1323 1415 1370 quas
1436 1307 1642 1371 propriis
1668 1307 1890 1355 manibus
1920 1306 2055 1355 defe-

278 1398 402 1451 rent,
427 1396 472 1440 et
500 1391 721 1440 similiter
750 1391 907 1439 omnis
936 1391 1093 1439 clerus
1116 1390 1274 1450 Urbis,
1300 1390 1413 1438 solis
1436 1390 1623 1439 clericis
1647 1406 1685 1437 s.
1709 1389 1941 1437 ‚Iohannis
1963 1392 2054 1437 La-

276 1475 563 1534 teranensis,
595 1491 632 1522 S.
667 1474 800 1522 Pauli
829 1479 876 1523 et
903 1475 1043 1523 beate
1074 1473 1222 1521 Marie
1256 1473 1452 1537 Maj0ris
1484 1473 1790 1521 basilicarum
1820 1473 2049 1536 exceptis,

277 1558 435 1607 eidem
471 1558 770 1621 processioni
809 1557 1071 1616 pontificis,
1111 1562 1220 1605 ante
1257 1561 1447 1620 portam
1485 1572 1682 1605 auream
1719 1556 2050 1620 aperiendam,

277 1643 399 1690 hora
430 1657 739 1706 vesperarum
772 1640 1006 1704 predicta,
1039 1639 1462 1703 processionaliter
1494 1640 1582 1687 sub
1615 1639 1803 1702 porticu.
1832 1639 2052 1702 ejusdem

275 1725 470 1774 basilice
492 1742 531 1774 s.
561 1725 689 1773 Petri
716 1724 895 1783 adsint,
930 1723 1075 1786 quod,
1106 1738 1295 1770 summo
1325 1722 1546 1770 Pontifici
1574 1727 1684 1771 ante
1711 1725 1900 1786 portam
1920 1722 2050 1770 basi-

275 1806 368 1854 lice
400 1805 616 1869 predicte
649 1804 927 1863 constituto,
964 1803 1130 1851 RRmi.
1170 1805 1269 1850 DD.
1303 1803 1588 1862 cardinales,
1626 1802 1962 1853 Ulixbonensis
1993 1805 2054 1853 ad

276 1891 671 1946 Lateranensem,
697 1892 744 1935 et
768 1886 966 1935 Ursinus
992 1886 1052 1934 ad
1071 1887 1119 1934 h.
1147 1886 1295 1934 Marie
1316 1886 1529 1950 MajoriS,
1556 1901 1611 1934 ac
1633 1890 1687 1934 R.
1713 1887 1762 1934 in
1784 1887 1973 1936 Christo
1995 1891 2049 1937 P.

275 1972 332 2018 D.
370 1970 614 2018 Johannes
650 1969 1044 2033 archiepiscopus
1079 1969 1349 2032 Ragusinus
1384 1970 1469 2017 SS.
1506 1971 1564 2016 D.
1600 1971 1657 2017 N.
1697 1970 2052 2019 referendarius

277 2053 569 2102 domesticus
601 2055 659 2101 ad
698 2070 737 2101 S.
772 2052 905 2101 Pauli
939 2052 1164 2100 basilicas
1200 2052 1442 2115 predictas
1479 2052 1750 2115 equitarent
1787 2058 1836 2101 et
1870 2053 2048 2102 ibidem

275 2137 485 2201 acceptis
506 2136 800 2201 paramentis
823 2135 970 2184 sacris
991 2135 1106 2199 ipsis
1128 2135 1541 2194 convenientibus,
1566 2136 1741 2199 singuli
1764 2151 1931 2186 eorum
1953 2137 2053 2184 sin-

276 2221 386 2284 gule
421 2221 618 2268 basilice
650 2235 761 2268 cum
796 2219 1085 2267 ceremoniis
1119 2219 1246 2266 actui
1281 2219 1675 2267 convenientibus
1710 2219 1770 2267 ad
1804 2235 1949 2282 quam
1984 2219 2053 2284 (ut

274 2302 584 2367 prediximus)
614 2303 749 2350 missi
778 2307 958 2362 essent,
992 2308 1182 2366 portam
1205 2317 1400 2350 auream
1429 2302 1688 2366 aperirent,
1720 2307 1785 2363 et,
1818 2306 1926 2366 post
1954 2303 2052 2366 pri-

275 2401 407 2434 mum
446 2390 527 2434 aut
567 2390 664 2435 tres
705 2386 887 2450 primos
930 2386 1068 2446 ictus,
1111 2401 1198 2448 per
1237 2385 1493 2448 magistros
1532 2390 1800 2434 muratores
1839 2385 2054 2433 facerent

276 2470 469 2534 aperiri.

342 2554 594 2603 Dominica
629 2558 796 2617 quarta
833 2554 1082 2612 adventuS,
1123 2556 1183 2600 22
1218 2553 1331 2602 dicti
1366 2552 1546 2601 mensis
1583 2552 1870 2612 decembriS,
1911 2554 1967 2599 R.
2003 2551 2053 2598 in

277 2636 465 2685 Christo
506 2640 559 2685 P.
603 2640 660 2685 D.
705 2637 980 2701 Raynaldus
1021 2637 1244 2696 Ursinus,
1287 2636 1679 2700 archiepiscopus
1719 2635 2047 2695 Florentinus,

275 2720 357 2767 SS.
391 2721 446 2766 D.
477 2722 532 2767 N.
564 2735 686 2783 pape
714 2720 964 2779 assistens,
994 2719 1252 2768 celebravit
1282 2719 1480 2767 missam
1506 2718 1748 2782 publicam
1784 2718 1833 2765 in
1868 2718 2052 2782 capella

276 2803 458 2865 majore
497 2802 678 2865 palatii,
724 2805 850 2865 Papa
882 2807 1127 2866 presente.
1167 2805 1272 2850 Non
1306 2802 1394 2849 fuit
1429 2817 1589 2850 sermo
1626 2802 1737 2864 quia
1770 2805 2053 2864 procurator

276 2883 456 2930 ordinis
489 2883 536 2930 b.
574 2883 722 2931 Marie
756 2883 816 2930 de
849 2886 1012 2931 Monte
1050 2883 1286 2940 Carmelo‚
1323 2883 1384 2930 ad
1417 2897 1561 2945 quem
1597 2882 1741 2930 hodie
1776 2898 2051 2931 sermonem

275 2966 434 3013 facere
455 2965 744 3029 pertinebat,
775 2965 941 3012 aberat
968 2960 1039 3013 ab'
1054 2965 1198 3024 Urbe,
1229 2980 1319 3012 nec
1347 2965 1569 3028 cuiquam
1591 2964 1899 3013 commiserat
1923 2965 2052 3014 vices

276 3064 406 3108 suaS,
431 3036 560 3112 quod
586 3064 682 3096 non
713 3048 935 3097 omnibus
966 3048 1224 3112 displicuit.
1250 3048 1396 3096 Missa
1426 3048 1578 3107 finita,
1601 3052 1858 3112 postquam
1881 3050 1964 3097 SS.
1991 3052 2049 3097 D.

277 3134 332 3180 N.
368 3132 427 3179 ad
458 3147 702 3180 cameram
731 3131 953 3180 rediisset
982 3132 1041 3180 de
1073 3132 1273 3196 capella,
1305 3131 1400 3180 duo
1429 3131 1710 3180 cubicularii
1737 3132 1785 3179 in
1813 3131 2052 3196 guberna-

276 3215 395 3263 toris
419 3215 559 3264 Urbis
587 3220 633 3265 et
655 3215 856 3263 aliorum
878 3230 1069 3264 camere
1100 3216 1467 3279 presidentium,
1498 3216 1635 3279 equis
1670 3231 1756 3264 seu
1782 3216 1926 3264 mulis
1955 3216 2051 3264 suis

278 3298 404 3363 (cum
435 3315 604 3347 eorum
635 3300 831 3364 capellis
857 3299 943 3348 sibi
969 3299 1382 3359 convenientibus,
1418 3298 1564 3362 tergis
1586 3299 1760 3363 palatio
1788 3298 2051 3362 apostolico

277 3381 442 3446 versis)
484 3382 793 3431 insidentium
835 3383 1102 3447 presentia,
1145 3382 1191 3429 in
1231 3383 1340 3431 loco
1385 3381 1626 3441 ordinato,
1670 3381 1848 3430 bullam
1880 3380 2048 3445 jubilei
