<?xml version="1.0" encoding="UTF-8"?>
<!DOCTYPE html PUBLIC "-//W3C//DTD XHTML 1.0 Transitional//EN"
    "http://www.w3.org/TR/xhtml1/DTD/xhtml1-transitional.dtd">
<html xmlns="http://www.w3.org/1999/xhtml" xml:lang="en" lang="en">
 <head>
  <title>
</title>
<meta http-equiv="Content-Type" content="text/html;charset=utf-8" />
  <meta name='ocr-system' content='tesseract 3.04.00' />
  <meta name='ocr-capabilities' content='ocr_page ocr_carea ocr_par ocr_line ocrx_word'/>
</head>
<body>
  <div class='ocr_page' id='page_1' title='image "./diariumsivererum02burcuoft_0574.png"; bbox 0 0 2216 3886; ppageno 0'>
   <div class='ocr_carea' id='block_1_1' title="bbox 296 308 2072 352">
    <p class='ocr_par' dir='ltr' id='par_1_1' title="bbox 296 308 2072 352">
     <span class='ocr_line' id='line_1_1' title="bbox 296 308 2072 352; baseline -0.006 -3"><span class='ocrx_word' id='word_1_1' title='bbox 296 313 365 349; x_wconf 74' lang='lat'>562</span> <span class='ocrx_word' id='word_1_2' title='bbox 906 309 1136 348; x_wconf 67' lang='lat' dir='ltr'>‚JOHANNIS</span> <span class='ocrx_word' id='word_1_3' title='bbox 1171 308 1458 349; x_wconf 72' lang='lat' dir='ltr'>ssURCHARDI,</span> <span class='ocrx_word' id='word_1_4' title='bbox 1732 311 1954 352; x_wconf 77' lang='lat' dir='ltr'>[Septembre</span> <span class='ocrx_word' id='word_1_5' title='bbox 1980 313 2072 352; x_wconf 65' lang='lat'><strong>1499]</strong></span> 
     </span>
    </p>
   </div>
   <div class='ocr_carea' id='block_1_2' title="bbox 285 410 2069 2727">
    <p class='ocr_par' dir='ltr' id='par_1_2' title="bbox 285 410 2069 2727">
     <span class='ocr_line' id='line_1_2' title="bbox 298 410 2066 480; baseline -0.001 -18"><span class='ocrx_word' id='word_1_6' title='bbox 298 415 343 462; x_wconf 88' lang='lat' dir='ltr'>in</span> <span class='ocrx_word' id='word_1_7' title='bbox 365 415 557 480; x_wconf 88' lang='lat' dir='ltr'>pluviali</span> <span class='ocrx_word' id='word_1_8' title='bbox 579 414 625 461; x_wconf 90' lang='lat' dir='ltr'>id</span> <span class='ocrx_word' id='word_1_9' title='bbox 646 415 806 462; x_wconf 85' lang='lat' dir='ltr'>facere</span> <span class='ocrx_word' id='word_1_10' title='bbox 828 413 1044 472; x_wconf 77' lang='lat' dir='ltr'>deberet,</span> <span class='ocrx_word' id='word_1_11' title='bbox 1078 429 1189 461; x_wconf 90' lang='lat' dir='ltr'>cum</span> <span class='ocrx_word' id='word_1_12' title='bbox 1216 411 1418 475; x_wconf 79' lang='lat' dir='ltr'>pluviale</span> <span class='ocrx_word' id='word_1_13' title='bbox 1445 426 1543 459; x_wconf 89' lang='lat' dir='ltr'>non</span> <span class='ocrx_word' id='word_1_14' title='bbox 1565 410 1624 458; x_wconf 88' lang='lat' dir='ltr'>sit</span> <span class='ocrx_word' id='word_1_15' title='bbox 1650 411 1837 475; x_wconf 83' lang='lat' dir='ltr'>insigne</span> <span class='ocrx_word' id='word_1_16' title='bbox 1865 412 2066 477; x_wconf 87' lang='lat' dir='ltr'>alicujus</span> 
     </span>
     <span class='ocr_line' id='line_1_3' title="bbox 298 493 2067 557; baseline -0.002 -12"><span class='ocrx_word' id='word_1_17' title='bbox 298 497 476 545; x_wconf 77' lang='lat' dir='ltr'>ordinis</span> <span class='ocrx_word' id='word_1_18' title='bbox 504 496 664 545; x_wconf 90' lang='lat' dir='ltr'>collati</span> <span class='ocrx_word' id='word_1_19' title='bbox 696 513 705 542; x_wconf 90' lang='lat'>:</span> <span class='ocrx_word' id='word_1_20' title='bbox 740 495 1013 544; x_wconf 87' lang='lat' dir='ltr'>faciendum</span> <span class='ocrx_word' id='word_1_21' title='bbox 1045 495 1257 543; x_wconf 74' lang='lat' dir='ltr'>traditur.</span> <span class='ocrx_word' id='word_1_22' title='bbox 1291 493 1433 542; x_wconf 82' lang='lat' dir='ltr'>Volui</span> <span class='ocrx_word' id='word_1_23' title='bbox 1460 498 1623 542; x_wconf 90' lang='lat' dir='ltr'>tamen</span> <span class='ocrx_word' id='word_1_24' title='bbox 1651 509 1795 557; x_wconf 90' lang='lat' dir='ltr'>super</span> <span class='ocrx_word' id='word_1_25' title='bbox 1819 494 1913 542; x_wconf 91' lang='lat' dir='ltr'>hoc</span> <span class='ocrx_word' id='word_1_26' title='bbox 1939 495 2067 557; x_wconf 90' lang='lat' dir='ltr'>judi-</span> 
     </span>
     <span class='ocr_line' id='line_1_4' title="bbox 297 577 2065 645; baseline -0.003 -16"><span class='ocrx_word' id='word_1_27' title='bbox 297 581 423 629; x_wconf 90' lang='lat' dir='ltr'>cium</span> <span class='ocrx_word' id='word_1_28' title='bbox 457 585 502 628; x_wconf 88' lang='lat' dir='ltr'>et</span> <span class='ocrx_word' id='word_1_29' title='bbox 536 578 824 645; x_wconf 79' lang='lat' dir='ltr'>sententiam</span> <span class='ocrx_word' id='word_1_30' title='bbox 860 581 1148 625; x_wconf 89' lang='lat' dir='ltr'>RRmorum.</span> <span class='ocrx_word' id='word_1_31' title='bbox 1189 580 1289 625; x_wconf 86' lang='lat' dir='ltr'>DD.</span> <span class='ocrx_word' id='word_1_32' title='bbox 1330 577 1643 625; x_wconf 75' lang='lat' dir='ltr'>cardinalium</span> <span class='ocrx_word' id='word_1_33' title='bbox 1679 577 1986 627; x_wconf 81' lang='lat' dir='ltr'>Alexandrini</span> <span class='ocrx_word' id='word_1_34' title='bbox 2021 582 2065 626; x_wconf 88' lang='lat' dir='ltr'>et</span> 
     </span>
     <span class='ocr_line' id='line_1_5' title="bbox 297 660 2065 725; baseline -0.002 -13"><span class='ocrx_word' id='word_1_35' title='bbox 297 682 335 712; x_wconf 90' lang='lat' dir='ltr'>s.</span> <span class='ocrx_word' id='word_1_36' title='bbox 371 663 534 712; x_wconf 82' lang='lat' dir='ltr'>Crucis</span> <span class='ocrx_word' id='word_1_37' title='bbox 567 661 768 720; x_wconf 88' lang='lat' dir='ltr'>habere,</span> <span class='ocrx_word' id='word_1_38' title='bbox 806 660 885 723; x_wconf 94' lang='lat' dir='ltr'>qui</span> <span class='ocrx_word' id='word_1_39' title='bbox 918 660 1185 709; x_wconf 85' lang='lat' dir='ltr'>successive</span> <span class='ocrx_word' id='word_1_40' title='bbox 1217 677 1244 708; x_wconf 92' lang='lat' dir='ltr'>a</span> <span class='ocrx_word' id='word_1_41' title='bbox 1273 676 1351 710; x_wconf 92' lang='lat' dir='ltr'>me</span> <span class='ocrx_word' id='word_1_42' title='bbox 1384 661 1665 725; x_wconf 82' lang='lat' dir='ltr'>interrogati</span> <span class='ocrx_word' id='word_1_43' title='bbox 1699 662 1841 710; x_wconf 90' lang='lat' dir='ltr'>ambo</span> <span class='ocrx_word' id='word_1_44' title='bbox 1874 676 2065 709; x_wconf 87' lang='lat' dir='ltr'>mecum</span> 
     </span>
     <span class='ocr_line' id='line_1_6' title="bbox 296 743 2063 807; baseline -0.002 -13"><span class='ocrx_word' id='word_1_45' title='bbox 296 749 572 802; x_wconf 69' lang='lat' dir='ltr'>senserunt,</span> <span class='ocrx_word' id='word_1_46' title='bbox 597 760 674 792; x_wconf 91' lang='lat' dir='ltr'>me</span> <span class='ocrx_word' id='word_1_47' title='bbox 700 749 862 793; x_wconf 89' lang='lat' dir='ltr'>tamen</span> <span class='ocrx_word' id='word_1_48' title='bbox 888 743 1178 791; x_wconf 86' lang='lat' dir='ltr'>remiserunt</span> <span class='ocrx_word' id='word_1_49' title='bbox 1203 743 1263 791; x_wconf 91' lang='lat' dir='ltr'>ad</span> <span class='ocrx_word' id='word_1_50' title='bbox 1289 743 1445 807; x_wconf 89' lang='lat' dir='ltr'>ipsum</span> <span class='ocrx_word' id='word_1_51' title='bbox 1472 747 1663 792; x_wconf 88' lang='lat' dir='ltr'>Rmum.</span> <span class='ocrx_word' id='word_1_52' title='bbox 1692 747 1749 792; x_wconf 93' lang='lat' dir='ltr'>D.</span> <span class='ocrx_word' id='word_1_53' title='bbox 1780 746 2063 801; x_wconf 89' lang='lat' dir='ltr'>Senensem,</span> 
     </span>
     <span class='ocr_line' id='line_1_7' title="bbox 294 826 2065 894; baseline -0.002 -16"><span class='ocrx_word' id='word_1_54' title='bbox 294 831 431 894; x_wconf 79' lang='lat' dir='ltr'>quus</span> <span class='ocrx_word' id='word_1_55' title='bbox 453 828 686 893; x_wconf 86' lang='lat' dir='ltr'>judicium</span> <span class='ocrx_word' id='word_1_56' title='bbox 717 826 898 875; x_wconf 87' lang='lat' dir='ltr'>habere</span> <span class='ocrx_word' id='word_1_57' title='bbox 926 827 1198 887; x_wconf 83' lang='lat' dir='ltr'>voluerunt3</span> <span class='ocrx_word' id='word_1_58' title='bbox 1232 827 1310 890; x_wconf 91' lang='lat' dir='ltr'>qui</span> <span class='ocrx_word' id='word_1_59' title='bbox 1340 828 1457 875; x_wconf 91' lang='lat' dir='ltr'>mihi</span> <span class='ocrx_word' id='word_1_60' title='bbox 1485 827 1601 875; x_wconf 82' lang='lat' dir='ltr'>dixit</span> <span class='ocrx_word' id='word_1_61' title='bbox 1627 827 1675 875; x_wconf 92' lang='lat' dir='ltr'>in</span> <span class='ocrx_word' id='word_1_62' title='bbox 1705 827 1919 891; x_wconf 86' lang='lat' dir='ltr'>exequiis</span> <span class='ocrx_word' id='word_1_63' title='bbox 1941 826 2065 875; x_wconf 86' lang='lat' dir='ltr'>bone</span> 
     </span>
     <span class='ocr_line' id='line_1_8' title="bbox 294 910 2066 975; baseline -0.002 -14"><span class='ocrx_word' id='word_1_64' title='bbox 294 912 526 961; x_wconf 87' lang='lat' dir='ltr'>memorie</span> <span class='ocrx_word' id='word_1_65' title='bbox 559 911 814 959; x_wconf 88' lang='lat' dir='ltr'>cardinalis</span> <span class='ocrx_word' id='word_1_66' title='bbox 845 910 1185 969; x_wconf 89' lang='lat' dir='ltr'>Bessariensis,</span> <span class='ocrx_word' id='word_1_67' title='bbox 1218 910 1348 974; x_wconf 80' lang='lat' dir='ltr'>greci</span> <span class='ocrx_word' id='word_1_68' title='bbox 1378 911 1656 975; x_wconf 88' lang='lat' dir='ltr'>nuncupati,</span> <span class='ocrx_word' id='word_1_69' title='bbox 1691 911 1740 959; x_wconf 93' lang='lat' dir='ltr'>in</span> <span class='ocrx_word' id='word_1_70' title='bbox 1771 911 1978 960; x_wconf 91' lang='lat' dir='ltr'>ecclesia</span> <span class='ocrx_word' id='word_1_71' title='bbox 2002 926 2066 958; x_wconf 85' lang='lat' dir='ltr'>xn</span> 
     </span>
     <span class='ocr_line' id='line_1_9' title="bbox 294 994 2062 1060; baseline 0 -16"><span class='ocrx_word' id='word_1_72' title='bbox 294 996 621 1060; x_wconf 87' lang='lat' dir='ltr'>apostolorum</span> <span class='ocrx_word' id='word_1_73' title='bbox 652 994 710 1043; x_wconf 90' lang='lat' dir='ltr'>de</span> <span class='ocrx_word' id='word_1_74' title='bbox 735 995 861 1043; x_wconf 86' lang='lat' dir='ltr'>Urbe</span> <span class='ocrx_word' id='word_1_75' title='bbox 889 994 938 1042; x_wconf 90' lang='lat' dir='ltr'>in</span> <span class='ocrx_word' id='word_1_76' title='bbox 965 995 1157 1058; x_wconf 89' lang='lat' dir='ltr'>pluviali</span> <span class='ocrx_word' id='word_1_77' title='bbox 1179 995 1457 1044; x_wconf 78' lang='lat' dir='ltr'>absolvisse.</span> <span class='ocrx_word' id='word_1_78' title='bbox 1487 995 1619 1043; x_wconf 89' lang='lat' dir='ltr'>Idem</span> <span class='ocrx_word' id='word_1_79' title='bbox 1651 994 1877 1043; x_wconf 89' lang='lat' dir='ltr'>fecithoc</span> <span class='ocrx_word' id='word_1_80' title='bbox 1898 1010 2062 1052; x_wconf 74' lang='lat' dir='ltr'>mane3</span> 
     </span>
     <span class='ocr_line' id='line_1_10' title="bbox 294 1077 2062 1142; baseline -0.001 -15"><span class='ocrx_word' id='word_1_81' title='bbox 294 1079 466 1127; x_wconf 84' lang='lat' dir='ltr'>stolam</span> <span class='ocrx_word' id='word_1_82' title='bbox 501 1082 662 1126; x_wconf 90' lang='lat' dir='ltr'>autem</span> <span class='ocrx_word' id='word_1_83' title='bbox 698 1078 868 1126; x_wconf 89' lang='lat' dir='ltr'>habuit</span> <span class='ocrx_word' id='word_1_84' title='bbox 905 1094 1051 1142; x_wconf 89' lang='lat' dir='ltr'>super</span> <span class='ocrx_word' id='word_1_85' title='bbox 1084 1078 1344 1126; x_wconf 90' lang='lat' dir='ltr'>humerum</span> <span class='ocrx_word' id='word_1_86' title='bbox 1381 1077 1643 1137; x_wconf 91' lang='lat' dir='ltr'>sinistrum,</span> <span class='ocrx_word' id='word_1_87' title='bbox 1683 1093 1819 1127; x_wconf 91' lang='lat' dir='ltr'>more</span> <span class='ocrx_word' id='word_1_88' title='bbox 1856 1077 2062 1126; x_wconf 90' lang='lat' dir='ltr'>diaconi.</span> 
     </span>
     <span class='ocr_line' id='line_1_11' title="bbox 294 1160 2066 1211; baseline -0.002 0"><span class='ocrx_word' id='word_1_89' title='bbox 294 1162 465 1211; x_wconf 89' lang='lat' dir='ltr'>Omnia</span> <span class='ocrx_word' id='word_1_90' title='bbox 497 1162 590 1210; x_wconf 92' lang='lat' dir='ltr'>alia</span> <span class='ocrx_word' id='word_1_91' title='bbox 622 1166 729 1210; x_wconf 87' lang='lat' dir='ltr'>acta</span> <span class='ocrx_word' id='word_1_92' title='bbox 762 1163 955 1210; x_wconf 89' lang='lat' dir='ltr'>fuerunt</span> <span class='ocrx_word' id='word_1_93' title='bbox 989 1177 1124 1210; x_wconf 88' lang='lat' dir='ltr'>more</span> <span class='ocrx_word' id='word_1_94' title='bbox 1159 1161 1317 1209; x_wconf 90' lang='lat' dir='ltr'>solito.</span> <span class='ocrx_word' id='word_1_95' title='bbox 1356 1162 1678 1210; x_wconf 86' lang='lat' dir='ltr'>Interfuerunt</span> <span class='ocrx_word' id='word_1_96' title='bbox 1711 1160 1941 1209; x_wconf 84' lang='lat' dir='ltr'>duntaxat</span> <span class='ocrx_word' id='word_1_97' title='bbox 1972 1175 2066 1208; x_wconf 81' lang='lat' dir='ltr'>Lxx</span> 
     </span>
     <span class='ocr_line' id='line_1_12' title="bbox 295 1244 2067 1305; baseline -0.001 -11"><span class='ocrx_word' id='word_1_98' title='bbox 295 1245 486 1305; x_wconf 83' lang='lat' dir='ltr'>funesti,</span> <span class='ocrx_word' id='word_1_99' title='bbox 519 1246 590 1294; x_wconf 90' lang='lat' dir='ltr'>vel</span> <span class='ocrx_word' id='word_1_100' title='bbox 618 1245 762 1294; x_wconf 89' lang='lat' dir='ltr'>circa.</span> <span class='ocrx_word' id='word_1_101' title='bbox 795 1247 851 1293; x_wconf 92' lang='lat' dir='ltr'>D.</span> <span class='ocrx_word' id='word_1_102' title='bbox 886 1244 1165 1294; x_wconf 89' lang='lat' dir='ltr'>Dominicus</span> <span class='ocrx_word' id='word_1_103' title='bbox 1193 1245 1250 1293; x_wconf 91' lang='lat' dir='ltr'>de</span> <span class='ocrx_word' id='word_1_104' title='bbox 1279 1245 1475 1305; x_wconf 89' lang='lat' dir='ltr'>Rubeis,</span> <span class='ocrx_word' id='word_1_105' title='bbox 1501 1245 1761 1294; x_wconf 91' lang='lat' dir='ltr'>canonicus</span> <span class='ocrx_word' id='word_1_106' title='bbox 1783 1248 1831 1293; x_wconf 91' lang='lat' dir='ltr'>et</span> <span class='ocrx_word' id='word_1_107' title='bbox 1851 1260 2067 1292; x_wconf 90' lang='lat' dir='ltr'>camera-</span> 
     </span>
     <span class='ocr_line' id='line_1_13' title="bbox 295 1327 2064 1393; baseline -0.001 -16"><span class='ocrx_word' id='word_1_108' title='bbox 295 1329 389 1377; x_wconf 85' lang='lat' dir='ltr'>rius</span> <span class='ocrx_word' id='word_1_109' title='bbox 423 1328 687 1393; x_wconf 86' lang='lat' dir='ltr'>apostolice</span> <span class='ocrx_word' id='word_1_110' title='bbox 721 1329 902 1392; x_wconf 89' lang='lat' dir='ltr'>capelle</span> <span class='ocrx_word' id='word_1_111' title='bbox 937 1328 1133 1377; x_wconf 85' lang='lat' dir='ltr'>basilice</span> <span class='ocrx_word' id='word_1_112' title='bbox 1170 1329 1403 1393; x_wconf 87' lang='lat' dir='ltr'>predicte,</span> <span class='ocrx_word' id='word_1_113' title='bbox 1439 1329 1592 1377; x_wconf 86' lang='lat' dir='ltr'>noluit</span> <span class='ocrx_word' id='word_1_114' title='bbox 1622 1328 1903 1393; x_wconf 86' lang='lat' dir='ltr'>permittere</span> <span class='ocrx_word' id='word_1_115' title='bbox 1937 1327 2064 1391; x_wconf 92' lang='lat' dir='ltr'>quod</span> 
     </span>
     <span class='ocr_line' id='line_1_14' title="bbox 294 1411 2065 1476; baseline 0 -17"><span class='ocrx_word' id='word_1_116' title='bbox 294 1411 437 1461; x_wconf 87' lang='lat' dir='ltr'>telam</span> <span class='ocrx_word' id='word_1_117' title='bbox 464 1427 574 1460; x_wconf 89' lang='lat' dir='ltr'>cum</span> <span class='ocrx_word' id='word_1_118' title='bbox 603 1411 750 1459; x_wconf 88' lang='lat' dir='ltr'>armis</span> <span class='ocrx_word' id='word_1_119' title='bbox 777 1411 960 1459; x_wconf 86' lang='lat' dir='ltr'>circum</span> <span class='ocrx_word' id='word_1_120' title='bbox 988 1412 1138 1460; x_wconf 89' lang='lat' dir='ltr'>altare</span> <span class='ocrx_word' id='word_1_121' title='bbox 1167 1428 1207 1459; x_wconf 91' lang='lat' dir='ltr'>s.</span> <span class='ocrx_word' id='word_1_122' title='bbox 1239 1412 1497 1461; x_wconf 87' lang='lat' dir='ltr'>Petronille</span> <span class='ocrx_word' id='word_1_123' title='bbox 1520 1412 1615 1461; x_wconf 90' lang='lat' dir='ltr'>sive</span> <span class='ocrx_word' id='word_1_124' title='bbox 1639 1412 1743 1476; x_wconf 88' lang='lat' dir='ltr'>ejus</span> <span class='ocrx_word' id='word_1_125' title='bbox 1765 1411 1996 1460; x_wconf 90' lang='lat' dir='ltr'>circulum</span> <span class='ocrx_word' id='word_1_126' title='bbox 2018 1415 2065 1459; x_wconf 91' lang='lat' dir='ltr'>et</span> 
     </span>
     <span class='ocr_line' id='line_1_15' title="bbox 291 1494 2063 1559; baseline -0.001 -16"><span class='ocrx_word' id='word_1_127' title='bbox 291 1500 498 1558; x_wconf 87' lang='lat' dir='ltr'>quatuor</span> <span class='ocrx_word' id='word_1_128' title='bbox 518 1494 727 1543; x_wconf 87' lang='lat' dir='ltr'>scabella</span> <span class='ocrx_word' id='word_1_129' title='bbox 748 1494 835 1542; x_wconf 90' lang='lat' dir='ltr'>sub</span> <span class='ocrx_word' id='word_1_130' title='bbox 855 1499 1011 1543; x_wconf 91' lang='lat' dir='ltr'>castro</span> <span class='ocrx_word' id='word_1_131' title='bbox 1031 1494 1208 1543; x_wconf 90' lang='lat' dir='ltr'>doloris</span> <span class='ocrx_word' id='word_1_132' title='bbox 1227 1510 1313 1559; x_wconf 87' lang='lat' dir='ltr'>pro</span> <span class='ocrx_word' id='word_1_133' title='bbox 1332 1495 1687 1544; x_wconf 87' lang='lat' dir='ltr'>absolventibus</span> <span class='ocrx_word' id='word_1_134' title='bbox 1708 1495 1864 1559; x_wconf 90' lang='lat' dir='ltr'>posita</span> <span class='ocrx_word' id='word_1_135' title='bbox 1879 1494 2063 1558; x_wconf 91' lang='lat' dir='ltr'>recipe-</span> 
     </span>
     <span class='ocr_line' id='line_1_16' title="bbox 291 1578 2063 1643; baseline 0 -18"><span class='ocrx_word' id='word_1_136' title='bbox 291 1594 416 1638; x_wconf 86' lang='lat' dir='ltr'>rem;</span> <span class='ocrx_word' id='word_1_137' title='bbox 448 1594 535 1643; x_wconf 89' lang='lat' dir='ltr'>pro</span> <span class='ocrx_word' id='word_1_138' title='bbox 566 1579 736 1642; x_wconf 91' lang='lat' dir='ltr'>quibus</span> <span class='ocrx_word' id='word_1_139' title='bbox 769 1579 897 1626; x_wconf 93' lang='lat' dir='ltr'>nolui</span> <span class='ocrx_word' id='word_1_140' title='bbox 928 1579 1239 1627; x_wconf 86' lang='lat' dir='ltr'>contendere.</span> <span class='ocrx_word' id='word_1_141' title='bbox 1273 1579 1588 1628; x_wconf 86' lang='lat' dir='ltr'>Parafrenarii</span> <span class='ocrx_word' id='word_1_142' title='bbox 1617 1578 1833 1627; x_wconf 88' lang='lat' dir='ltr'>defuncti</span> <span class='ocrx_word' id='word_1_143' title='bbox 1860 1593 2063 1642; x_wconf 89' lang='lat' dir='ltr'>accepe-</span> 
     </span>
     <span class='ocr_line' id='line_1_17' title="bbox 290 1661 2066 1719; baseline 0 -10"><span class='ocrx_word' id='word_1_144' title='bbox 290 1667 399 1711; x_wconf 91' lang='lat' dir='ltr'>runt</span> <span class='ocrx_word' id='word_1_145' title='bbox 419 1663 539 1711; x_wconf 90' lang='lat' dir='ltr'>duos</span> <span class='ocrx_word' id='word_1_146' title='bbox 567 1663 787 1710; x_wconf 91' lang='lat' dir='ltr'>cussinos</span> <span class='ocrx_word' id='word_1_147' title='bbox 810 1667 856 1710; x_wconf 88' lang='lat' dir='ltr'>et</span> <span class='ocrx_word' id='word_1_148' title='bbox 883 1662 1074 1710; x_wconf 87' lang='lat' dir='ltr'>flabella</span> <span class='ocrx_word' id='word_1_149' title='bbox 1099 1662 1211 1710; x_wconf 90' lang='lat' dir='ltr'>lecti</span> <span class='ocrx_word' id='word_1_150' title='bbox 1234 1663 1320 1710; x_wconf 90' lang='lat' dir='ltr'>sub</span> <span class='ocrx_word' id='word_1_151' title='bbox 1348 1662 1475 1710; x_wconf 89' lang='lat' dir='ltr'>dicto</span> <span class='ocrx_word' id='word_1_152' title='bbox 1497 1666 1655 1710; x_wconf 89' lang='lat' dir='ltr'>castro</span> <span class='ocrx_word' id='word_1_153' title='bbox 1680 1662 1750 1709; x_wconf 91' lang='lat' dir='ltr'>eis</span> <span class='ocrx_word' id='word_1_154' title='bbox 1772 1661 1956 1719; x_wconf 79' lang='lat' dir='ltr'>debita3</span> <span class='ocrx_word' id='word_1_155' title='bbox 1980 1661 2066 1708; x_wconf 88' lang='lat' dir='ltr'>lat-</span> 
     </span>
     <span class='ocr_line' id='line_1_18' title="bbox 291 1743 2064 1809; baseline -0.001 -16"><span class='ocrx_word' id='word_1_156' title='bbox 291 1749 451 1794; x_wconf 89' lang='lat' dir='ltr'>tonem</span> <span class='ocrx_word' id='word_1_157' title='bbox 481 1746 544 1807; x_wconf 90' lang='lat'>(1)</span> <span class='ocrx_word' id='word_1_158' title='bbox 573 1751 736 1794; x_wconf 89' lang='lat' dir='ltr'>autem</span> <span class='ocrx_word' id='word_1_159' title='bbox 760 1762 855 1793; x_wconf 88' lang='lat' dir='ltr'>non</span> <span class='ocrx_word' id='word_1_160' title='bbox 878 1750 1184 1809; x_wconf 87' lang='lat' dir='ltr'>receperunt,</span> <span class='ocrx_word' id='word_1_161' title='bbox 1209 1762 1320 1795; x_wconf 90' lang='lat' dir='ltr'>cum</span> <span class='ocrx_word' id='word_1_162' title='bbox 1342 1750 1471 1795; x_wconf 90' lang='lat' dir='ltr'>esset</span> <span class='ocrx_word' id='word_1_163' title='bbox 1494 1745 1635 1793; x_wconf 91' lang='lat' dir='ltr'>nimis</span> <span class='ocrx_word' id='word_1_164' title='bbox 1657 1744 1817 1809; x_wconf 84' lang='lat' dir='ltr'>magni</span> <span class='ocrx_word' id='word_1_165' title='bbox 1837 1743 2064 1808; x_wconf 89' lang='lat' dir='ltr'>ponderis</span> 
     </span>
     <span class='ocr_line' id='line_1_19' title="bbox 289 1827 1942 1892; baseline -0.001 -15"><span class='ocrx_word' id='word_1_166' title='bbox 289 1832 334 1877; x_wconf 90' lang='lat' dir='ltr'>et</span> <span class='ocrx_word' id='word_1_167' title='bbox 356 1829 533 1877; x_wconf 88' lang='lat' dir='ltr'>modici</span> <span class='ocrx_word' id='word_1_168' title='bbox 554 1829 744 1888; x_wconf 89' lang='lat' dir='ltr'>valoris,</span> <span class='ocrx_word' id='word_1_169' title='bbox 769 1828 883 1877; x_wconf 90' lang='lat' dir='ltr'>licet</span> <span class='ocrx_word' id='word_1_170' title='bbox 904 1828 972 1876; x_wconf 91' lang='lat' dir='ltr'>eis</span> <span class='ocrx_word' id='word_1_171' title='bbox 995 1828 1274 1889; x_wconf 83' lang='lat' dir='ltr'>deberetur3</span> <span class='ocrx_word' id='word_1_172' title='bbox 1301 1829 1393 1878; x_wconf 89' lang='lat' dir='ltr'>alia</span> <span class='ocrx_word' id='word_1_173' title='bbox 1413 1829 1592 1888; x_wconf 90' lang='lat' dir='ltr'>omnia,</span> <span class='ocrx_word' id='word_1_174' title='bbox 1618 1833 1669 1877; x_wconf 93' lang='lat' dir='ltr'>ut</span> <span class='ocrx_word' id='word_1_175' title='bbox 1688 1827 1942 1892; x_wconf 87' lang='lat' dir='ltr'>prefertur.</span> 
     </span>
     <span class='ocr_line' id='line_1_20' title="bbox 356 1910 2063 1977; baseline 0.001 -18"><span class='ocrx_word' id='word_1_176' title='bbox 356 1912 533 1960; x_wconf 89' lang='lat' dir='ltr'>Diebus</span> <span class='ocrx_word' id='word_1_177' title='bbox 554 1910 812 1976; x_wconf 88' lang='lat' dir='ltr'>preteritis,</span> <span class='ocrx_word' id='word_1_178' title='bbox 839 1915 866 1958; x_wconf 76' lang='lat'>4</span> <span class='ocrx_word' id='word_1_179' title='bbox 887 1912 1126 1975; x_wconf 87' lang='lat' dir='ltr'>presentis</span> <span class='ocrx_word' id='word_1_180' title='bbox 1154 1913 1333 1961; x_wconf 91' lang='lat' dir='ltr'>mensis</span> <span class='ocrx_word' id='word_1_181' title='bbox 1360 1913 1665 1977; x_wconf 80' lang='lat' dir='ltr'>septembris,</span> <span class='ocrx_word' id='word_1_182' title='bbox 1697 1912 1968 1960; x_wconf 83' lang='lat' dir='ltr'>nuntiatum</span> <span class='ocrx_word' id='word_1_183' title='bbox 1989 1918 2063 1960; x_wconf 82' lang='lat' dir='ltr'>est</span> 
     </span>
     <span class='ocr_line' id='line_1_21' title="bbox 291 1995 2063 2059; baseline -0.001 -16"><span class='ocrx_word' id='word_1_184' title='bbox 291 2011 455 2059; x_wconf 86' lang='lat' dir='ltr'>regem</span> <span class='ocrx_word' id='word_1_185' title='bbox 483 1995 683 2044; x_wconf 88' lang='lat' dir='ltr'>Francie</span> <span class='ocrx_word' id='word_1_186' title='bbox 703 1995 1061 2054; x_wconf 77' lang='lat' dir='ltr'>Alexandriam,</span> <span class='ocrx_word' id='word_1_187' title='bbox 1085 1998 1344 2045; x_wconf 87' lang='lat' dir='ltr'>Tortonam</span> <span class='ocrx_word' id='word_1_188' title='bbox 1368 2001 1415 2046; x_wconf 93' lang='lat' dir='ltr'>et</span> <span class='ocrx_word' id='word_1_189' title='bbox 1439 1996 1614 2045; x_wconf 88' lang='lat' dir='ltr'>multas</span> <span class='ocrx_word' id='word_1_190' title='bbox 1635 1996 1751 2044; x_wconf 90' lang='lat' dir='ltr'>alias</span> <span class='ocrx_word' id='word_1_191' title='bbox 1778 1995 1992 2044; x_wconf 88' lang='lat' dir='ltr'>civitates</span> <span class='ocrx_word' id='word_1_192' title='bbox 2015 1999 2063 2044; x_wconf 88' lang='lat' dir='ltr'>et</span> 
     </span>
     <span class='ocr_line' id='line_1_22' title="bbox 289 2077 2060 2144; baseline -0.001 -17"><span class='ocrx_word' id='word_1_193' title='bbox 289 2080 397 2127; x_wconf 91' lang='lat' dir='ltr'>loca</span> <span class='ocrx_word' id='word_1_194' title='bbox 432 2079 632 2126; x_wconf 87' lang='lat' dir='ltr'>ducatus</span> <span class='ocrx_word' id='word_1_195' title='bbox 663 2077 919 2127; x_wconf 90' lang='lat' dir='ltr'>Mediolani</span> <span class='ocrx_word' id='word_1_196' title='bbox 948 2079 1037 2127; x_wconf 90' lang='lat' dir='ltr'>sibi</span> <span class='ocrx_word' id='word_1_197' title='bbox 1068 2080 1380 2144; x_wconf 85' lang='lat' dir='ltr'>subjugasse;</span> <span class='ocrx_word' id='word_1_198' title='bbox 1419 2081 1654 2129; x_wconf 89' lang='lat' dir='ltr'>illustrem</span> <span class='ocrx_word' id='word_1_199' title='bbox 1686 2083 1742 2127; x_wconf 89' lang='lat' dir='ltr'>D.</span> <span class='ocrx_word' id='word_1_200' title='bbox 1770 2078 2060 2128; x_wconf 90' lang='lat' dir='ltr'>Ludovicum</span> 
     </span>
     <span class='ocr_line' id='line_1_23' title="bbox 289 2161 2061 2228; baseline -0.001 -18"><span class='ocrx_word' id='word_1_201' title='bbox 289 2162 461 2210; x_wconf 88' lang='lat' dir='ltr'>ducem</span> <span class='ocrx_word' id='word_1_202' title='bbox 493 2161 750 2209; x_wconf 90' lang='lat' dir='ltr'>Mediolani</span> <span class='ocrx_word' id='word_1_203' title='bbox 779 2163 909 2210; x_wconf 90' lang='lat' dir='ltr'>circa</span> <span class='ocrx_word' id='word_1_204' title='bbox 938 2163 1086 2211; x_wconf 87' lang='lat' dir='ltr'>tinem</span> <span class='ocrx_word' id='word_1_205' title='bbox 1113 2163 1303 2227; x_wconf 87' lang='lat' dir='ltr'>augusti</span> <span class='ocrx_word' id='word_1_206' title='bbox 1333 2164 1550 2227; x_wconf 87' lang='lat' dir='ltr'>proxime</span> <span class='ocrx_word' id='word_1_207' title='bbox 1577 2162 1795 2228; x_wconf 87' lang='lat' dir='ltr'>preteriti</span> <span class='ocrx_word' id='word_1_208' title='bbox 1825 2179 1854 2209; x_wconf 89' lang='lat' dir='ltr'>a</span> <span class='ocrx_word' id='word_1_209' title='bbox 1878 2161 2061 2210; x_wconf 90' lang='lat' dir='ltr'>Medio-</span> 
     </span>
     <span class='ocr_line' id='line_1_24' title="bbox 285 2243 2060 2307; baseline 0.002 -16"><span class='ocrx_word' id='word_1_210' title='bbox 285 2243 396 2291; x_wconf 88' lang='lat' dir='ltr'>lano</span> <span class='ocrx_word' id='word_1_211' title='bbox 418 2244 676 2292; x_wconf 87' lang='lat' dir='ltr'>recessisse</span> <span class='ocrx_word' id='word_1_212' title='bbox 699 2260 786 2307; x_wconf 88' lang='lat' dir='ltr'>per</span> <span class='ocrx_word' id='word_1_213' title='bbox 811 2245 969 2293; x_wconf 92' lang='lat' dir='ltr'>lacum</span> <span class='ocrx_word' id='word_1_214' title='bbox 991 2248 1258 2294; x_wconf 87' lang='lat' dir='ltr'>Comanum</span> <span class='ocrx_word' id='word_1_215' title='bbox 1279 2245 1339 2293; x_wconf 89' lang='lat' dir='ltr'>ad</span> <span class='ocrx_word' id='word_1_216' title='bbox 1359 2246 1626 2294; x_wconf 90' lang='lat' dir='ltr'>dominium</span> <span class='ocrx_word' id='word_1_217' title='bbox 1648 2246 1943 2296; x_wconf 89' lang='lat' dir='ltr'>serenissimi</span> <span class='ocrx_word' id='word_1_218' title='bbox 1965 2249 2060 2295; x_wconf 90' lang='lat' dir='ltr'>Ro-</span> 
     </span>
     <span class='ocr_line' id='line_1_25' title="bbox 287 2327 2061 2393; baseline 0.002 -19"><span class='ocrx_word' id='word_1_219' title='bbox 287 2343 541 2375; x_wconf 91' lang='lat' dir='ltr'>manorum</span> <span class='ocrx_word' id='word_1_220' title='bbox 570 2327 718 2392; x_wconf 82' lang='lat' dir='ltr'>regis3</span> <span class='ocrx_word' id='word_1_221' title='bbox 751 2328 875 2376; x_wconf 81' lang='lat' dir='ltr'>filios</span> <span class='ocrx_word' id='word_1_222' title='bbox 907 2345 1018 2376; x_wconf 89' lang='lat' dir='ltr'>suos</span> <span class='ocrx_word' id='word_1_223' title='bbox 1050 2345 1161 2376; x_wconf 91' lang='lat' dir='ltr'>cum</span> <span class='ocrx_word' id='word_1_224' title='bbox 1189 2332 1326 2377; x_wconf 88' lang='lat' dir='ltr'>Rmo.</span> <span class='ocrx_word' id='word_1_225' title='bbox 1359 2332 1416 2377; x_wconf 87' lang='lat' dir='ltr'>D.</span> <span class='ocrx_word' id='word_1_226' title='bbox 1446 2329 1653 2378; x_wconf 84' lang='lat' dir='ltr'>Ascanio</span> <span class='ocrx_word' id='word_1_227' title='bbox 1675 2329 1970 2393; x_wconf 87' lang='lat' dir='ltr'>premisisse,</span> <span class='ocrx_word' id='word_1_228' title='bbox 2005 2346 2061 2378; x_wconf 88' lang='lat' dir='ltr'>ac</span> 
     </span>
     <span class='ocr_line' id='line_1_26' title="bbox 288 2411 2060 2477; baseline 0.001 -18"><span class='ocrx_word' id='word_1_229' title='bbox 288 2415 472 2475; x_wconf 90' lang='lat' dir='ltr'>septem</span> <span class='ocrx_word' id='word_1_230' title='bbox 506 2411 745 2460; x_wconf 90' lang='lat' dir='ltr'>milliones</span> <span class='ocrx_word' id='word_1_231' title='bbox 780 2413 883 2460; x_wconf 90' lang='lat' dir='ltr'>auri</span> <span class='ocrx_word' id='word_1_232' title='bbox 915 2429 1081 2460; x_wconf 86' lang='lat' dir='ltr'>secum</span> <span class='ocrx_word' id='word_1_233' title='bbox 1116 2412 1419 2477; x_wconf 88' lang='lat' dir='ltr'>deportasse;</span> <span class='ocrx_word' id='word_1_234' title='bbox 1458 2413 1634 2462; x_wconf 86' lang='lat' dir='ltr'>dixisse</span> <span class='ocrx_word' id='word_1_235' title='bbox 1669 2417 1778 2462; x_wconf 88' lang='lat' dir='ltr'>ante</span> <span class='ocrx_word' id='word_1_236' title='bbox 1811 2428 2060 2462; x_wconf 85' lang='lat' dir='ltr'>recessum</span> 
     </span>
     <span class='ocr_line' id='line_1_27' title="bbox 287 2495 2069 2557; baseline 0.001 -15"><span class='ocrx_word' id='word_1_237' title='bbox 287 2510 423 2542; x_wconf 87' lang='lat' dir='ltr'>suum</span> <span class='ocrx_word' id='word_1_238' title='bbox 453 2510 513 2543; x_wconf 88' lang='lat' dir='ltr'>ex</span> <span class='ocrx_word' id='word_1_239' title='bbox 543 2495 813 2543; x_wconf 88' lang='lat' dir='ltr'>Mediolano</span> <span class='ocrx_word' id='word_1_240' title='bbox 847 2496 1024 2544; x_wconf 86' lang='lat' dir='ltr'>oratori</span> <span class='ocrx_word' id='word_1_241' title='bbox 1058 2496 1257 2544; x_wconf 91' lang='lat' dir='ltr'>dominii</span> <span class='ocrx_word' id='word_1_242' title='bbox 1288 2499 1587 2547; x_wconf 89' lang='lat' dir='ltr'>Venetorum</span> <span class='ocrx_word' id='word_1_243' title='bbox 1622 2513 1630 2544; x_wconf 93' lang='lat'>:</span> <span class='ocrx_word' id='word_1_244' title='bbox 1672 2518 1694 2541; x_wconf 87' lang='lat'>«</span> <span class='ocrx_word' id='word_1_245' title='bbox 1724 2500 1842 2557; x_wconf 82' lang='lat' dir='ltr'>Vos,</span> <span class='ocrx_word' id='word_1_246' title='bbox 1878 2496 2069 2545; x_wconf 74' lang='lat' dir='ltr'>dominiv</span> 
     </span>
     <span class='ocr_line' id='line_1_28' title="bbox 287 2567 2059 2644; baseline 0.001 -19"><span class='ocrx_word' id='word_1_247' title='bbox 287 2577 475 2637; x_wconf 90' lang='lat' dir='ltr'>Veneti,</span> <span class='ocrx_word' id='word_1_248' title='bbox 505 2577 690 2626; x_wconf 90' lang='lat' dir='ltr'>mittitis</span> <span class='ocrx_word' id='word_1_249' title='bbox 718 2577 834 2625; x_wconf 88' lang='lat' dir='ltr'>mihi</span> <span class='ocrx_word' id='word_1_250' title='bbox 858 2595 1023 2643; x_wconf 81' lang='lat' dir='ltr'>regem</span> <span class='ocrx_word' id='word_1_251' title='bbox 1044 2579 1244 2627; x_wconf 88' lang='lat' dir='ltr'>Francie</span> <span class='ocrx_word' id='word_1_252' title='bbox 1273 2579 1333 2627; x_wconf 93' lang='lat' dir='ltr'>ad</span> <span class='ocrx_word' id='word_1_253' title='bbox 1358 2567 1630 2644; x_wconf 86' lang='lat' dir='ltr'>prandium.</span> <span class='ocrx_word' id='word_1_254' title='bbox 1662 2579 1886 2628; x_wconf 81' lang='lat' dir='ltr'>Certisico</span> <span class='ocrx_word' id='word_1_255' title='bbox 1908 2578 2059 2627; x_wconf 86' lang='lat' dir='ltr'>firmi-</span> 
     </span>
     <span class='ocr_line' id='line_1_29' title="bbox 286 2661 2060 2727; baseline 0.001 -19"><span class='ocrx_word' id='word_1_256' title='bbox 286 2666 358 2708; x_wconf 87' lang='lat' dir='ltr'>ter</span> <span class='ocrx_word' id='word_1_257' title='bbox 377 2677 460 2710; x_wconf 90' lang='lat' dir='ltr'>vos</span> <span class='ocrx_word' id='word_1_258' title='bbox 482 2677 590 2709; x_wconf 90' lang='lat' dir='ltr'>eum</span> <span class='ocrx_word' id='word_1_259' title='bbox 612 2661 860 2710; x_wconf 88' lang='lat' dir='ltr'>habituros</span> <span class='ocrx_word' id='word_1_260' title='bbox 882 2662 942 2709; x_wconf 88' lang='lat' dir='ltr'>ad</span> <span class='ocrx_word' id='word_1_261' title='bbox 956 2678 1132 2711; x_wconf 85' lang='lat' dir='ltr'>cenam</span> <span class='ocrx_word' id='word_1_262' title='bbox 1156 2664 1240 2723; x_wconf 76' lang='lat'>(2).</span> <span class='ocrx_word' id='word_1_263' title='bbox 1272 2684 1292 2706; x_wconf 85' lang='lat'>»</span> <span class='ocrx_word' id='word_1_264' title='bbox 1319 2666 1430 2711; x_wconf 88' lang='lat' dir='ltr'>Post</span> <span class='ocrx_word' id='word_1_265' title='bbox 1452 2663 1555 2727; x_wconf 88' lang='lat' dir='ltr'>ejus</span> <span class='ocrx_word' id='word_1_266' title='bbox 1585 2679 1849 2723; x_wconf 88' lang='lat' dir='ltr'>recessum,</span> <span class='ocrx_word' id='word_1_267' title='bbox 1877 2661 2060 2712; x_wconf 85' lang='lat' dir='ltr'>Medio-</span> 
     </span>
    </p>
   </div>
   <div class='ocr_carea' id='block_1_3' title="bbox 278 2827 2062 3475">
    <p class='ocr_par' dir='ltr' id='par_1_3' title="bbox 338 2827 2009 2880">
     <span class='ocr_line' id='line_1_30' title="bbox 338 2827 2009 2880; baseline 0.001 -12"><span class='ocrx_word' id='word_1_268' title='bbox 338 2827 368 2868; x_wconf 74' lang='grc'>1.</span> <span class='ocrx_word' id='word_1_269' title='bbox 398 2828 494 2868; x_wconf 83' lang='lat' dir='ltr'>Telle</span> <span class='ocrx_word' id='word_1_270' title='bbox 515 2835 573 2868; x_wconf 84' lang='lat' dir='ltr'>est</span> <span class='ocrx_word' id='word_1_271' title='bbox 592 2830 625 2868; x_wconf 92' lang='lat' dir='ltr'>la</span> <span class='ocrx_word' id='word_1_272' title='bbox 645 2833 746 2877; x_wconf 60' lang='lat' dir='ltr'>leg-,on</span> <span class='ocrx_word' id='word_1_273' title='bbox 768 2832 817 2869; x_wconf 91' lang='lat' dir='ltr'>du</span> <span class='ocrx_word' id='word_1_274' title='bbox 837 2844 926 2870; x_wconf 88' lang='lat' dir='ltr'>mss.</span> <span class='ocrx_word' id='word_1_275' title='bbox 949 2831 1076 2878; x_wconf 78' lang='lat'>13735‚</span> <span class='ocrx_word' id='word_1_276' title='bbox 1098 2834 1121 2871; x_wconf 60' lang='lat' dir='ltr'>s,</span> <span class='ocrx_word' id='word_1_277' title='bbox 1146 2834 1227 2869; x_wconf 77' lang='lat'>400.</span> <span class='ocrx_word' id='word_1_278' title='bbox 1249 2834 1319 2870; x_wconf 85' lang='lat' dir='ltr'>Les</span> <span class='ocrx_word' id='word_1_279' title='bbox 1340 2839 1461 2871; x_wconf 77' lang='lat' dir='ltr'>autres</span> <span class='ocrx_word' id='word_1_280' title='bbox 1482 2847 1570 2871; x_wconf 85' lang='lat' dir='ltr'>mss.</span> <span class='ocrx_word' id='word_1_281' title='bbox 1593 2834 1754 2871; x_wconf 84' lang='lat' dir='ltr'>donnent</span> <span class='ocrx_word' id='word_1_282' title='bbox 1773 2836 1930 2871; x_wconf 68' lang='lat' dir='ltr'>lectorem</span> <span class='ocrx_word' id='word_1_283' title='bbox 1951 2831 2009 2880; x_wconf 60' lang='grc' dir='ltr'>(Ϋ).Υ</span> 
     </span>
    </p>

    <p class='ocr_par' dir='ltr' id='par_1_4' title="bbox 278 2890 2062 3475">
     <span class='ocr_line' id='line_1_31' title="bbox 331 2890 2055 2940; baseline 0.002 -14"><span class='ocrx_word' id='word_1_284' title='bbox 331 2893 366 2927; x_wconf 67' lang='grc'>2.</span> <span class='ocrx_word' id='word_1_285' title='bbox 398 2905 416 2923; x_wconf 87' lang='lat'>«</span> <span class='ocrx_word' id='word_1_286' title='bbox 436 2890 579 2935; x_wconf 86' lang='lat' dir='ltr'>Veneti,</span> <span class='ocrx_word' id='word_1_287' title='bbox 602 2890 750 2938; x_wconf 81' lang='lat' dir='ltr'>cognita</span> <span class='ocrx_word' id='word_1_288' title='bbox 774 2891 1003 2927; x_wconf 78' lang='lat' dir='ltr'>Alexandriae</span> <span class='ocrx_word' id='word_1_289' title='bbox 1024 2891 1221 2936; x_wconf 89' lang='lat' dir='ltr'>deditione,</span> <span class='ocrx_word' id='word_1_290' title='bbox 1240 2897 1364 2939; x_wconf 87' lang='lat' dir='ltr'>aperto</span> <span class='ocrx_word' id='word_1_291' title='bbox 1384 2893 1499 2928; x_wconf 85' lang='lat' dir='ltr'>Marte</span> <span class='ocrx_word' id='word_1_292' title='bbox 1519 2892 1692 2940; x_wconf 83' lang='lat' dir='ltr'>pleraque</span> <span class='ocrx_word' id='word_1_293' title='bbox 1711 2892 1845 2940; x_wconf 88' lang='lat' dir='ltr'>oppida</span> <span class='ocrx_word' id='word_1_294' title='bbox 1864 2898 2055 2939; x_wconf 54' lang='lat' dir='ltr'>occupant.¹</span> 
     </span>
     <span class='ocr_line' id='line_1_32' title="bbox 283 2943 2058 3000; baseline 0.001 -15"><span class='ocrx_word' id='word_1_295' title='bbox 283 2943 372 2986; x_wconf 89' lang='lat' dir='ltr'>Nam</span> <span class='ocrx_word' id='word_1_296' title='bbox 389 2949 451 2997; x_wconf 89' lang='lat' dir='ltr'>qui</span> <span class='ocrx_word' id='word_1_297' title='bbox 470 2948 699 2985; x_wconf 80' lang='lat' dir='ltr'>Alexandria·-</span> <span class='ocrx_word' id='word_1_298' title='bbox 719 2950 830 2986; x_wconf 86' lang='lat' dir='ltr'>duces</span> <span class='ocrx_word' id='word_1_299' title='bbox 851 2954 1042 2997; x_wconf 60' lang='lat' dir='ltr'>praeerant,</span> <span class='ocrx_word' id='word_1_300' title='bbox 1065 2949 1174 2986; x_wconf 80' lang='lat' dir='ltr'>diffisi</span> <span class='ocrx_word' id='word_1_301' title='bbox 1194 2962 1304 2998; x_wconf 89' lang='lat' dir='ltr'>posse</span> <span class='ocrx_word' id='word_1_302' title='bbox 1325 2950 1508 2996; x_wconf 85' lang='lat' dir='ltr'>resistere,</span> <span class='ocrx_word' id='word_1_303' title='bbox 1529 2950 1574 2986; x_wconf 87' lang='lat' dir='ltr'>ab</span> <span class='ocrx_word' id='word_1_304' title='bbox 1595 2951 1708 2987; x_wconf 89' lang='lat' dir='ltr'>altera</span> <span class='ocrx_word' id='word_1_305' title='bbox 1730 2951 1834 2987; x_wconf 91' lang='lat' dir='ltr'>Urbis</span> <span class='ocrx_word' id='word_1_306' title='bbox 1855 2955 1958 3000; x_wconf 84' lang='lat' dir='ltr'>porta</span> <span class='ocrx_word' id='word_1_307' title='bbox 1983 2951 2058 2987; x_wconf 92' lang='lat' dir='ltr'>dis-</span> 
     </span>
     <span class='ocr_line' id='line_1_33' title="bbox 281 3008 2057 3056; baseline 0.002 -12"><span class='ocrx_word' id='word_1_308' title='bbox 281 3009 426 3046; x_wconf 88' lang='lat' dir='ltr'>cedunt.</span> <span class='ocrx_word' id='word_1_309' title='bbox 449 3008 595 3045; x_wconf 86' lang='lat' dir='ltr'>Amissa</span> <span class='ocrx_word' id='word_1_310' title='bbox 621 3008 854 3052; x_wconf 82' lang='lat' dir='ltr'>Alexandria,</span> <span class='ocrx_word' id='word_1_311' title='bbox 877 3021 958 3045; x_wconf 87' lang='lat' dir='ltr'>cum</span> <span class='ocrx_word' id='word_1_312' title='bbox 979 3009 1184 3046; x_wconf 89' lang='lat' dir='ltr'>Ludovicus</span> <span class='ocrx_word' id='word_1_313' title='bbox 1205 3020 1279 3045; x_wconf 87' lang='lat' dir='ltr'>rem</span> <span class='ocrx_word' id='word_1_314' title='bbox 1304 3009 1512 3046; x_wconf 83' lang='lat' dir='ltr'>inclinatam</span> <span class='ocrx_word' id='word_1_315' title='bbox 1532 3010 1577 3047; x_wconf 87' lang='lat' dir='ltr'>ad</span> <span class='ocrx_word' id='word_1_316' title='bbox 1600 3009 1721 3047; x_wconf 86' lang='lat' dir='ltr'>Gallos</span> <span class='ocrx_word' id='word_1_317' title='bbox 1742 3010 1894 3056; x_wconf 78' lang='lat' dir='ltr'>videret,</span> <span class='ocrx_word' id='word_1_318' title='bbox 1917 3011 2057 3047; x_wconf 85' lang='lat' dir='ltr'>hostem</span> 
     </span>
     <span class='ocr_line' id='line_1_34' title="bbox 279 3067 2062 3118; baseline 0.001 -13"><span class='ocrx_word' id='word_1_319' title='bbox 279 3067 573 3116; x_wconf 88' lang='lat' dir='ltr'>potentissimum</span> <span class='ocrx_word' id='word_1_320' title='bbox 594 3079 688 3114; x_wconf 83' lang='lat' dir='ltr'>esse,</span> <span class='ocrx_word' id='word_1_321' title='bbox 711 3068 886 3113; x_wconf 86' lang='lat' dir='ltr'>Venetos,</span> <span class='ocrx_word' id='word_1_322' title='bbox 907 3067 969 3116; x_wconf 89' lang='lat' dir='ltr'>qui</span> <span class='ocrx_word' id='word_1_323' title='bbox 990 3078 1032 3104; x_wconf 83' lang='lat' dir='ltr'>eo</span> <span class='ocrx_word' id='word_1_324' title='bbox 1059 3077 1175 3116; x_wconf 84' lang='lat' dir='ltr'>usque</span> <span class='ocrx_word' id='word_1_325' title='bbox 1202 3068 1290 3104; x_wconf 90' lang='lat' dir='ltr'>nihil</span> <span class='ocrx_word' id='word_1_326' title='bbox 1320 3073 1444 3106; x_wconf 84' lang='lat' dir='ltr'>contra</span> <span class='ocrx_word' id='word_1_327' title='bbox 1469 3082 1550 3106; x_wconf 83' lang='lat' dir='ltr'>eum</span> <span class='ocrx_word' id='word_1_328' title='bbox 1571 3074 1693 3118; x_wconf 86' lang='lat' dir='ltr'>aperte</span> <span class='ocrx_word' id='word_1_329' title='bbox 1720 3070 1893 3115; x_wconf 83' lang='lat' dir='ltr'>sacerant,</span> <span class='ocrx_word' id='word_1_330' title='bbox 1915 3069 2062 3106; x_wconf 87' lang='lat' dir='ltr'>hostilia</span> 
     </span>
     <span class='ocr_line' id='line_1_35' title="bbox 280 3126 2058 3177; baseline 0.001 -13"><span class='ocrx_word' id='word_1_331' title='bbox 280 3140 436 3176; x_wconf 85' lang='lat' dir='ltr'>quaeque</span> <span class='ocrx_word' id='word_1_332' title='bbox 456 3139 529 3163; x_wconf 90' lang='lat' dir='ltr'>non</span> <span class='ocrx_word' id='word_1_333' title='bbox 550 3126 734 3173; x_wconf 84' lang='lat' dir='ltr'>omittere;</span> <span class='ocrx_word' id='word_1_334' title='bbox 755 3127 917 3164; x_wconf 86' lang='lat' dir='ltr'>imitatus</span> <span class='ocrx_word' id='word_1_335' title='bbox 937 3127 972 3163; x_wconf 89' lang='lat' dir='ltr'>id</span> <span class='ocrx_word' id='word_1_336' title='bbox 994 3129 1091 3176; x_wconf 89' lang='lat' dir='ltr'>quod</span> <span class='ocrx_word' id='word_1_337' title='bbox 1112 3127 1259 3165; x_wconf 72' lang='lat' dir='ltr'>fecisset</span> <span class='ocrx_word' id='word_1_338' title='bbox 1284 3128 1495 3177; x_wconf 88' lang='lat' dir='ltr'>Alphonsus</span> <span class='ocrx_word' id='word_1_339' title='bbox 1515 3130 1743 3177; x_wconf 84' lang='lat' dir='ltr'>Aragoneus,</span> <span class='ocrx_word' id='word_1_340' title='bbox 1766 3129 1934 3166; x_wconf 86' lang='lat' dir='ltr'>abductis</span> <span class='ocrx_word' id='word_1_341' title='bbox 1956 3133 2058 3177; x_wconf 85' lang='lat' dir='ltr'>quot-</span> 
     </span>
     <span class='ocr_line' id='line_1_36' title="bbox 278 3186 2060 3236; baseline 0 -12"><span class='ocrx_word' id='word_1_342' title='bbox 278 3191 367 3234; x_wconf 83' lang='lat' dir='ltr'>quot</span> <span class='ocrx_word' id='word_1_343' title='bbox 391 3186 572 3236; x_wconf 86' lang='lat' dir='ltr'>potuisset</span> <span class='ocrx_word' id='word_1_344' title='bbox 597 3187 762 3235; x_wconf 89' lang='lat' dir='ltr'>pecuniis</span> <span class='ocrx_word' id='word_1_345' title='bbox 790 3191 825 3224; x_wconf 84' lang='lat' dir='ltr'>et</span> <span class='ocrx_word' id='word_1_346' title='bbox 851 3186 960 3223; x_wconf 87' lang='lat' dir='ltr'>rebus</span> <span class='ocrx_word' id='word_1_347' title='bbox 984 3187 1274 3235; x_wconf 82' lang='lat' dir='ltr'>pretiosioribus,</span> <span class='ocrx_word' id='word_1_348' title='bbox 1296 3188 1494 3236; x_wconf 77' lang='lat' dir='ltr'>praernissis</span> <span class='ocrx_word' id='word_1_349' title='bbox 1522 3188 1703 3225; x_wconf 86' lang='lat' dir='ltr'>cardinale</span> <span class='ocrx_word' id='word_1_350' title='bbox 1727 3188 1885 3225; x_wconf 89' lang='lat' dir='ltr'>Ascanio</span> <span class='ocrx_word' id='word_1_351' title='bbox 1914 3192 1952 3225; x_wconf 86' lang='lat' dir='ltr'>et</span> <span class='ocrx_word' id='word_1_352' title='bbox 1971 3189 2060 3224; x_wconf 87' lang='lat' dir='ltr'>Sau-</span> 
     </span>
     <span class='ocr_line' id='line_1_37' title="bbox 281 3245 2058 3296; baseline 0 -14"><span class='ocrx_word' id='word_1_353' title='bbox 281 3246 484 3283; x_wconf 83' lang='lat' dir='ltr'>severinate</span> <span class='ocrx_word' id='word_1_354' title='bbox 506 3258 586 3283; x_wconf 89' lang='lat' dir='ltr'>cum</span> <span class='ocrx_word' id='word_1_355' title='bbox 608 3245 707 3292; x_wconf 85' lang='lat' dir='ltr'>filiis,</span> <span class='ocrx_word' id='word_1_356' title='bbox 731 3246 793 3294; x_wconf 91' lang='lat' dir='ltr'>qui</span> <span class='ocrx_word' id='word_1_357' title='bbox 821 3258 902 3282; x_wconf 88' lang='lat' dir='ltr'>eum</span> <span class='ocrx_word' id='word_1_358' title='bbox 929 3247 1025 3294; x_wconf 88' lang='lat' dir='ltr'>apud</span> <span class='ocrx_word' id='word_1_359' title='bbox 1051 3246 1366 3284; x_wconf 77' lang='lat' dir='ltr'>Novum-Comum</span> <span class='ocrx_word' id='word_1_360' title='bbox 1392 3252 1638 3295; x_wconf 81' lang='lat' dir='ltr'>expectarent,</span> <span class='ocrx_word' id='word_1_361' title='bbox 1660 3247 1739 3296; x_wconf 85' lang='lat' dir='ltr'>ipse</span> <span class='ocrx_word' id='word_1_362' title='bbox 1765 3259 1843 3283; x_wconf 87' lang='lat' dir='ltr'>cum</span> <span class='ocrx_word' id='word_1_363' title='bbox 1874 3246 2058 3295; x_wconf 80' lang='lat' dir='ltr'>equitibus</span> 
     </span>
     <span class='ocr_line' id='line_1_38' title="bbox 281 3305 2055 3356; baseline 0.001 -16"><span class='ocrx_word' id='word_1_364' title='bbox 281 3306 492 3354; x_wconf 85' lang='lat' dir='ltr'>quingentis</span> <span class='ocrx_word' id='word_1_365' title='bbox 519 3310 555 3344; x_wconf 86' lang='lat' dir='ltr'>et</span> <span class='ocrx_word' id='word_1_366' title='bbox 580 3305 765 3356; x_wconf 89' lang='lat' dir='ltr'>peditibus</span> <span class='ocrx_word' id='word_1_367' title='bbox 792 3310 946 3354; x_wconf 90' lang='lat' dir='ltr'>quatuor</span> <span class='ocrx_word' id='word_1_368' title='bbox 969 3305 1066 3342; x_wconf 88' lang='lat' dir='ltr'>mille</span> <span class='ocrx_word' id='word_1_369' title='bbox 1094 3306 1131 3342; x_wconf 88' lang='lat' dir='ltr'>in</span> <span class='ocrx_word' id='word_1_370' title='bbox 1158 3307 1386 3343; x_wconf 84' lang='lat' dir='ltr'>Germaniam</span> <span class='ocrx_word' id='word_1_371' title='bbox 1412 3307 1642 3356; x_wconf 85' lang='lat' dir='ltr'>trajecturus,</span> <span class='ocrx_word' id='word_1_372' title='bbox 1672 3307 1848 3356; x_wconf 86' lang='lat' dir='ltr'>sequitur.</span> <span class='ocrx_word' id='word_1_373' title='bbox 1879 3307 2055 3343; x_wconf 86' lang='lat' dir='ltr'>Ducatum</span> 
     </span>
     <span class='ocr_line' id='line_1_39' title="bbox 285 3365 2058 3414; baseline 0.001 -15"><span class='ocrx_word' id='word_1_374' title='bbox 285 3365 355 3401; x_wconf 77' lang='lat' dir='ltr'>tilio</span> <span class='ocrx_word' id='word_1_375' title='bbox 373 3365 527 3402; x_wconf 85' lang='lat' dir='ltr'>Joannis</span> <span class='ocrx_word' id='word_1_376' title='bbox 548 3365 713 3411; x_wconf 86' lang='lat' dir='ltr'>Galeatii,</span> <span class='ocrx_word' id='word_1_377' title='bbox 738 3365 859 3414; x_wconf 85' lang='lat' dir='ltr'>nepoti</span> <span class='ocrx_word' id='word_1_378' title='bbox 887 3377 965 3411; x_wconf 88' lang='lat' dir='ltr'>suo,</span> <span class='ocrx_word' id='word_1_379' title='bbox 990 3377 1102 3414; x_wconf 85' lang='lat' dir='ltr'>puero</span> <span class='ocrx_word' id='word_1_380' title='bbox 1125 3367 1257 3412; x_wconf 86' lang='lat' dir='ltr'>adhuc,</span> <span class='ocrx_word' id='word_1_381' title='bbox 1285 3366 1481 3404; x_wconf 87' lang='lat' dir='ltr'>renuntiat.</span> <span class='ocrx_word' id='word_1_382' title='bbox 1512 3367 1700 3404; x_wconf 87' lang='lat' dir='ltr'>Isabellam</span> <span class='ocrx_word' id='word_1_383' title='bbox 1725 3371 1876 3404; x_wconf 87' lang='lat' dir='ltr'>matrem</span> <span class='ocrx_word' id='word_1_384' title='bbox 1894 3367 2058 3403; x_wconf 82' lang='lat' dir='ltr'>hortatur</span> 
     </span>
     <span class='ocr_line' id='line_1_40' title="bbox 285 3425 2057 3475; baseline 0.001 -16"><span class='ocrx_word' id='word_1_385' title='bbox 285 3429 321 3460; x_wconf 89' lang='lat' dir='ltr'>ut</span> <span class='ocrx_word' id='word_1_386' title='bbox 344 3426 504 3461; x_wconf 69' lang='lat' dir='ltr'>Genuam</span> <span class='ocrx_word' id='word_1_387' title='bbox 526 3438 609 3462; x_wconf 79' lang='lat' dir='ltr'>mox</span> <span class='ocrx_word' id='word_1_388' title='bbox 638 3425 758 3462; x_wconf 78' lang='lat' dir='ltr'>veniat</span> <span class='ocrx_word' id='word_1_389' title='bbox 779 3430 814 3462; x_wconf 85' lang='lat' dir='ltr'>et</span> <span class='ocrx_word' id='word_1_390' title='bbox 835 3438 913 3461; x_wconf 84' lang='lat' dir='ltr'>cum</span> <span class='ocrx_word' id='word_1_391' title='bbox 943 3425 1016 3462; x_wconf 84' lang='lat' dir='ltr'>tilio</span> <span class='ocrx_word' id='word_1_392' title='bbox 1043 3425 1076 3461; x_wconf 87' lang='lat' dir='ltr'>in</span> <span class='ocrx_word' id='word_1_393' title='bbox 1104 3436 1257 3474; x_wconf 80' lang='lat' dir='ltr'>regnum</span> <span class='ocrx_word' id='word_1_394' title='bbox 1286 3426 1459 3475; x_wconf 76' lang='lat' dir='ltr'>trajiciat3</span> <span class='ocrx_word' id='word_1_395' title='bbox 1482 3439 1598 3464; x_wconf 81' lang='lat' dir='ltr'>arcein</span> <span class='ocrx_word' id='word_1_396' title='bbox 1625 3425 1847 3463; x_wconf 82' lang='lat' dir='ltr'>Bernardino</span> <span class='ocrx_word' id='word_1_397' title='bbox 1876 3426 1922 3462; x_wconf 86' lang='lat' dir='ltr'>de</span> <span class='ocrx_word' id='word_1_398' title='bbox 1948 3425 2057 3461; x_wconf 60' lang='lat' dir='ltr'>Curta*</span> 
     </span>
    </p>
   </div>
  </div>
 </body>
</html>
