2202 3926
303 314 347 351 62
910 315 1144 352 JOHANNIS
1177 314 1474 358 BURCHARDI,
1859 315 1971 356 [AVPU
1996 315 2092 354 1493]

312 419 469 479 tinus;
497 418 733 468 lectiones
768 419 896 468 dicte
928 423 1038 468 sunt
1070 419 1118 467 in
1148 419 1256 468 loco
1295 423 1547 468 cantorum
1579 423 1833 467 consueto.
1862 418 2093 481 Magister

310 501 493 564 capelle
521 502 635 552 fecit
659 519 747 567 per
772 519 852 552 me
877 503 1176 567 interrogare
1199 507 1377 568 Papam
1400 502 1439 550 si
1459 502 1599 551 vellet
1621 501 1751 564 quod
1778 500 1968 550 tertiam
1989 501 2092 550 lec-

313 584 495 633 tionem
523 589 741 634 cantaret
768 586 818 634 in
839 586 1139 650 presbyterio
1166 591 1309 650 prout
1341 576 1569 634 mercurii
1600 584 1820 647 proxima
1838 585 1915 633 die
1935 584 2092 633 suerat

310 672 500 717 cantata
521 669 632 732 quia
651 669 799 717 iidem
823 674 958 716 erant
978 668 1110 716 illam
1139 668 1338 727 dicturi3
1364 670 1493 731 Papa
1513 667 1630 715 dixit
1657 668 1786 730 quod
1812 684 1908 717 non
1931 673 1977 716 et
2000 667 2093 715 alia

308 753 559 801 observata
591 756 698 800 sunt
718 767 853 800 more
877 751 1035 800 solito.
1062 752 1385 800 Interfuerunt
1411 766 1496 798 sex
1521 750 1791 815 presbyteri
1813 755 1861 799 et
1887 755 2092 814 quatuor

307 835 496 884 diaconi
536 839 584 884 et
626 834 786 883 nullus
830 834 1104 899 episcopus.
1138 834 1416 883 Cardinales
1450 835 1773 884 interfuerunt
1800 834 1894 883 hoc
1927 850 2088 894 mane,

308 917 649 981 Neapolitanus
678 918 1033 978 Ulixbonensis‚
1065 918 1445 968 Rechanatensis
1467 918 1708 983 episcopi;
1734 935 1774 966 s.
1808 918 2087 978 Clementis,

308 1001 580 1061 JanuensiS,
603 1002 896 1061 Parmensis,
919 1004 1304 1062 Beneventanus,
1331 1019 1369 1051 s.
1391 1002 1659 1063 Anastasie,
1683 1004 1858 1050 Montis
1880 1001 2099 1066 Regalis„

305 1084 506 1133 Ursinus
544 1085 845 1150 presbyteri3
881 1085 1127 1145 Senensis,
1154 1086 1473 1150 camerarius,
1507 1086 1566 1136 de
1594 1086 1813 1145 Sabellis,
1835 1085 2086 1145 Columna,

301 1167 723 1217 vicecancellarius
741 1173 789 1218 et
814 1186 852 1217 s.
879 1169 1090 1218 Severini
1112 1170 1301 1218 diaconi
1321 1183 1524 1218 numero
1545 1186 1625 1218 xvl
1647 1169 1931 1217 cardinales.

371 1252 578 1301 Sabbato
615 1258 798 1307 sancto.
825 1257 853 1301 6
884 1253 1064 1318 aprilis,
1089 1256 1255 1302 Rmus.
1288 1256 1345 1301 D.
1371 1253 1626 1302 cardinalis
1657 1253 1931 1302 Parmensis
1964 1252 2089 1301 cele-

303 1336 542 1395 braturus,
567 1337 813 1386 benedixit
839 1352 1018 1386 novum
1038 1336 1201 1401 ignem
1223 1341 1269 1386 et
1290 1337 1501 1401 quinque
1526 1352 1677 1400 grana
1700 1335 1855 1384 thuris
1875 1335 1924 1383 in
1946 1351 2088 1384 cereo

303 1419 556 1482 ponenda;
585 1419 758 1468 deinde
781 1422 866 1468 SS.
891 1423 947 1467 D.
973 1424 1140 1469 noster
1159 1435 1294 1469 more
1323 1420 1464 1468 solito
1494 1419 1621 1468 venit
1648 1418 1709 1467 ad
1734 1418 1969 1482 capellam
1990 1434 2090 1466 ma—

299 1502 461 1565 jorem
489 1507 537 1550 et
570 1502 686 1550 dixit
717 1502 984 1551 orationem
1004 1502 1052 1550 in
1074 1502 1360 1551 faldistorio.
1383 1502 1624 1561 Nicolaus,
1649 1501 1853 1550 clericus
1884 1500 2084 1564 capelle,

307 1589 373 1634 tot
402 1586 549 1634 verba
575 1586 695 1633 mihi
727 1586 843 1634 dixit
864 1587 923 1635 de
954 1585 1219 1635 faldistorio
1250 1585 1518 1634 amovendo
1544 1585 1617 1633 vel
1650 1583 1938 1633 dimittendo
1960 1582 2090 1648 quod

306 1684 397 1732 ego
419 1669 681 1718 immemor
700 1670 855 1718 factus
875 1686 1008 1718 eram
1030 1685 1121 1733 que
1144 1669 1331 1734 agenda
1348 1673 1527 1718 essent.
1546 1667 1686 1719 Volui
1705 1667 1945 1717 adducere
1967 1667 2091 1716 cele-

304 1751 527 1800 brantem
549 1768 638 1817 pro
661 1753 965 1802 confessione
987 1753 1231 1812 facienda3
1257 1753 1386 1816 quod
1401 1755 1485 1801 SS.
1511 1755 1568 1800 D.
1590 1755 1758 1800 noster
1777 1751 2089 1800 considerans

304 1834 420 1883 dixit
454 1835 572 1883 mihi
607 1841 721 1886 tunc
757 1837 1116 1886 confessionem
1151 1851 1250 1884 non
1281 1836 1402 1896 fieri,
1433 1851 1532 1885 non
1566 1836 1669 1883 sine
1702 1851 1878 1899 magno
1913 1835 2088 1883 rubore

303 1933 414 1967 meo
445 1935 533 1982 pro
563 1936 657 1983 quo
684 1936 847 1969 errore
883 1924 981 1968 tota
1015 1920 1096 1967 illa
1129 1919 1206 1968 die
1239 1920 1456 1967 turbatus
1490 1918 1573 1967 fui.
1598 1918 1829 1967 Ascendit
1865 1917 2088 1967 dominus

307 2006 473 2050 noster
506 2002 696 2063 solium,
735 2004 863 2051 sacta
894 2007 967 2052 est
1006 2002 1095 2050 sibi
1128 2003 1396 2052 reverentia
1427 2019 1514 2067 per
1546 2002 1833 2062 cardinales,
1862 2001 2091 2066 imposuit

305 2085 560 2136 incensum
592 2103 678 2151 pro
719 2086 903 2135 lumine
940 2086 1238 2150 apportando
1273 2091 1319 2135 et
1352 2086 1445 2134 alia
1481 2086 1644 2135 omnia
1685 2089 1794 2135 sunt
1836 2086 2089 2134 observata

304 2186 439 2219 more
463 2171 620 2220 solito.

371 2257 428 2301 D.
456 2254 669 2301 Thomas
691 2253 923 2301 diaconus
946 2253 1129 2317 capelle
1158 2252 1275 2301 dixit
1303 2252 1491 2300 Lumen
1526 2253 1703 2301 Christi
1722 2257 1768 2302 et
1789 2253 1960 2302 Daniel
1980 2253 2090 2302 sub-

305 2337 537 2386 diaconus
559 2337 764 2400 portavit
783 2352 995 2385 crucem.
1023 2340 1127 2394 Quo
1148 2337 1295 2396 facto,
1318 2336 1545 2396 Thomas,
1573 2337 1774 2385 retentis
1794 2337 2090 2402 paramentis

305 2420 634 2484 paschalibus,
659 2420 846 2480 Daniel,
872 2420 1070 2468 dimissa
1086 2421 1280 2484 planeta
1299 2419 1491 2484 plicata,
1515 2420 1698 2484 recepit
1719 2425 1766 2469 et
1788 2421 1891 2485 ipse
1913 2420 2091 2470 dalma-

309 2505 451 2552 ticam
484 2509 531 2552 et
559 2503 723 2552 hahita
750 2504 1107 2564 benedictione,
1139 2504 1255 2552 dixit
1286 2520 1295 2552 :
1326 2505 1555 2552 Eoesultet
1577 2504 1689 2567 jam
1714 2505 1951 2569 Anyelica
1978 2513 2085 2566 eta,

305 2587 646 2637 intermiscens
692 2593 921 2636 accentus
964 2588 1195 2652 hispanos
1241 2604 1350 2636 cum
1396 2587 1612 2636 omnium
1656 2588 1975 2652 displicentia.
2022 2592 2080 2637 D.

306 2671 514 2720 Thomas
537 2671 768 2735 imposuit
786 2671 996 2735 quinque
1017 2687 1168 2736 grana
1187 2671 1337 2720 thuris
1358 2671 1407 2719 in
1428 2687 1623 2721 cereum
1642 2677 1690 2720 et
1708 2672 1825 2720 illud
1844 2672 2081 2721 accendit.

308 2755 479 2803 Omnia
499 2755 591 2803 alia
622 2754 873 2804 observata
900 2760 1010 2804 sunt
1036 2759 1180 2820 prout
1205 2755 1253 2803 in
1281 2754 1610 2814 ceremoniali,
1645 2755 1840 2820 dempto
1871 2756 2000 2820 quod
2026 2756 2087 2805 ad

312 2836 611 2899 evangelium
634 2839 817 2901 portari
839 2839 932 2888 feci
951 2839 1209 2888 luminaria
1232 2854 1321 2903 per
1340 2838 1740 2888 inadvertentiam
1767 2844 1900 2889 extra
1923 2841 2088 2889 turba-

309 2918 492 2968 tionem
528 2935 673 2982 quam
706 2926 735 2968 a
759 2922 993 2986 principio
1025 2922 1233 2986 suscepi.
1274 2921 1533 2970 Celebrans
1559 2921 1823 2971 incensavit
1849 2922 1997 2971 altare
2028 2922 2089 2970 ad

306 3003 614 3067 Maynz'stcat,
640 3007 686 3051 et
710 3003 799 3051 fuit
819 3004 922 3067 ipse
946 3010 1116 3068 postea
1136 3005 1428 3054 incensatuS.

377 3085 630 3134 Dominica
651 3086 854 3146 Pasche,
888 3091 912 3134 7
942 3088 1103 3150 aprilis
1132 3087 1515 3146 resurrectionis,
1549 3089 1606 3135 D.
1631 3090 1688 3136 N.
1710 3090 1758 3136 S.
1782 3089 1973 3151 Christi,
1999 3093 2084 3142 SS.

311 3171 367 3216 D.
399 3173 566 3217 noster
589 3174 783 3233 paratus
812 3185 947 3217 more
971 3170 1110 3218 solito
1130 3171 1258 3219 circa
1277 3171 1450 3219 horam
1476 3186 1563 3218 xm
1591 3171 1678 3220 sub
1709 3187 1861 3236 regno
1882 3174 2009 3223 venit
2029 3175 2089 3223 ad

312 3252 562 3300 basilicam
586 3253 738 3301 sancti
760 3252 888 3301 Petri
904 3253 984 3301 ubi
1000 3253 1123 3301 facta
1143 3257 1251 3301 ante
1273 3253 1419 3301 altare
1439 3253 1674 3314 oratione,
1703 3261 1897 3321 recepta
1922 3258 2082 3317 mitra,

312 3339 547 3384 venerunt
591 3336 652 3385 ad
695 3336 1012 3385 reverentiam
1051 3336 1317 3385 cardinales
1357 3340 1404 3384 et
1445 3352 1613 3386 omnes
1658 3339 1827 3403 prelati
1865 3357 1875 3389 ε
1911 3356 2085 3404 aquam

318 3418 555 3468 dederunt
590 3435 676 3483 pro
707 3420 928 3468 manibus
963 3422 1089 3484 Pape
1122 3420 1326 3485 primam
1361 3423 1418 3468 D.
1454 3422 1671 3471 Andreas
1705 3423 1896 3490 Capello
1926 3428 2089 3473 orator
