2222 3926
328 322 398 360 250
934 318 1168 355 JOHANNIS
1201 316 1497 364 BURCHARDI,
1882 319 2104 360 [Avri11495]

329 423 542 483 retraxit,
577 428 625 472 et
646 423 751 472 illos
774 422 1037 486 impedivit,
1061 437 1157 484 quo
1179 437 1329 484 usque
1353 420 1431 468 alii
1451 420 1644 483 quidam
1673 421 1858 469 romani
1881 438 2103 486 superve-

330 512 518 568 nerunt,
560 509 640 572 qui
679 508 837 572 ipsum
870 507 1152 571 barigellum
1191 506 1317 554 illico
1360 504 1726 564 interfecerunt,
1771 504 2105 568 Sabastigliam

330 608 439 641 vero
469 593 517 640 in
554 592 753 642 domum
789 607 925 639 suam
952 592 1263 653 portaverunt
1287 603 1485 652 :parum
1507 592 1631 651 post,
1668 587 1796 637 idem
1817 588 2101 652 barrigellus

326 676 427 724 sine
459 675 723 722 luminibus
749 674 823 721 vel
859 672 1104 721 intortitiis
1137 675 1354 736 portatus
1377 671 1464 720 fuit
1485 671 1546 719 ad
1566 671 1823 721 ecclesiam
1843 672 2095 737 hospitalis

333 759 668 822 Hispanorum,
694 760 740 805 et
759 756 939 805 ibidem
954 756 1176 820 sepultus
1197 756 1301 805 fuit.

392 840 572 889 Eadem
594 839 689 900 die,
714 840 994 888 nunciatum
1022 844 1095 889 est
1128 841 1174 888 in
1208 839 1333 888 Urbe
1362 839 1508 904 ligam
1541 839 1666 888 inter
1690 841 1772 888 SS.
1799 843 1855 889 D.
1877 845 2096 889 nostrum
2131 869 2138 873 -’

328 927 526 988 Papam,
551 922 913 972 serenissimum
943 923 1322 972 Maximilianum
1350 926 1677 972 Romanorum
1703 927 1750 971 et
1778 922 2098 988 Hispanorum

331 1022 472 1071 reges
491 1022 546 1054 ac
567 1010 885 1067 Venetorum,
911 1011 958 1056 et
977 1007 1235 1056 Mediolani
1257 1007 1403 1055 duces
1432 1022 1519 1071 pro
1544 1006 1787 1056 communi
1805 1006 2101 1055 Christiano-

328 1107 435 1139 rum
470 1090 708 1140 beneficio
737 1096 784 1140 et
818 1107 931 1139 cura
961 1107 1015 1140 ac
1046 1092 1192 1139 totius
1228 1091 1358 1140 ltalie
1390 1091 1549 1155 quiete
1579 1091 1796 1141 Venetiis
1819 1091 2096 1140 conclusam

326 1191 454 1235 esse,
480 1179 526 1223 et
544 1175 859 1239 approbatam
875 1174 1081 1223 existere
1094 1177 1132 1237 (1
1147 1178 1178 1236 ).

393 1259 647 1308 Dominica
672 1259 839 1323 quinta
868 1258 1236 1322 quadragesime
1265 1257 1323 1305 de
1365 1257 1592 1306 Passione
1620 1263 1913 1323 nuncupata,
1949 1262 2006 1307 R.
2049 1261 2097 1309 in

325 1343 512 1394 Christo
546 1347 598 1393 P.
639 1346 695 1394 D.
733 1342 1120 1401 BartholomeUS‚
1153 1342 1407 1406 episcopus
1433 1341 1815 1404 Segobricensis‚
1841 1344 1924 1392 SS.
1959 1346 2016 1392 D.
2038 1346 2094 1394 N.

327 1442 448 1491 pape
484 1427 722 1490 magister
760 1425 948 1486 domus,
985 1424 1243 1473 celebravit
1281 1425 1476 1473 missam
1522 1425 1790 1474 solemnem
1828 1426 1877 1474 in
1915 1428 2099 1492 capella

327 1509 517 1573 majori,
549 1511 678 1573 Papa
698 1514 942 1573 presente,
969 1508 1085 1556 dixit
1113 1510 1382 1558 orationem
1409 1524 1495 1573 pro
1520 1511 1665 1574 Papa,
1692 1514 1804 1559 ante
1827 1510 2095 1562 orationem

325 1598 493 1642 contra
509 1608 747 1658 paganos;
770 1592 915 1641 sedin
929 1596 1178 1658 posterum
1196 1592 1394 1641 servavit
1410 1592 1624 1641 debitum
1646 1593 1885 1642 ordinem.
1907 1595 2097 1643 Sermo-

325 1693 436 1726 nem
457 1677 571 1726 fecit
591 1682 876 1741 procurator
897 1676 1078 1725 ordinis
1102 1675 1239 1724 beate
1261 1676 1429 1735 Marie,
1457 1679 1513 1724 D.
1545 1677 1871 1725 Bernardinus
1893 1678 2094 1738 Gutteri,

326 1760 483 1809 socius
512 1776 666 1809 meus.
708 1761 861 1808 Hodie
892 1760 1104 1824 primum
1134 1759 1263 1808 venit
1292 1760 1341 1807 in
1369 1760 1707 1823 superpellicio
1741 1761 1790 1808 in
1820 1761 2021 1824 capella,
2052 1766 2100 1810 et

326 1844 481 1892 solum
520 1844 805 1892 ministravit
838 1847 965 1908 Pape
998 1844 1286 1892 turribulum
1318 1859 1406 1906 pro
1445 1843 1740 1908 imponendo
1776 1845 1976 1914 incenso
2010 1862 2098 1910 pro

327 1928 577 1991 evangelio
600 1931 646 1975 et
669 1927 934 1988 offertorio,
960 1928 1053 1976 alia
1073 1926 1235 1976 omnia
1255 1927 1369 1976 fecit
1391 1942 1526 1976 more
1553 1927 1712 1977 solito.

391 2012 531 2060 Feria
546 2013 692 2072 sexta,
716 2017 773 2061 10
797 2012 978 2076 apriliS,
1001 2012 1059 2060 de
1081 2012 1309 2061 mandato
1331 2013 1414 2061 SS.
1438 2014 1495 2060 D.
1512 2012 1660 2060 nostri
1677 2027 1801 2076 pape
1815 2027 1902 2075 per
1917 2012 2095 2061 Urbem

323 2097 674 2160 proclamatum
711 2097 797 2145 suit
841 2102 888 2146 et
920 2098 1098 2161 populo
1134 2097 1411 2146 nunciatum
1445 2096 1574 2160 quod
1606 2096 1848 2145 dominica
1878 2096 2098 2160 proxima

323 2180 648 2245 publicaretur
667 2179 763 2243 liga
783 2180 908 2228 inter
923 2182 1006 2229 SS.
1036 2183 1093 2229 D.
1118 2183 1173 2229 N.
1198 2196 1371 2244 papam
1403 2184 1449 2229 et
1472 2179 1810 2243 Hispaniarum
1831 2195 2016 2244 regem,
2040 2195 2096 2228 ac
2120 2202 2123 2205 >

322 2256 633 2313 Venetiarum
656 2267 702 2311 et
722 2263 977 2312 Mediolani
1000 2264 1166 2324 duces,
1197 2264 1314 2312 inita
1340 2279 1426 2327 pro
1447 2262 1691 2311 communi
1713 2263 2095 2312 Christianorum

323 2346 562 2395 beneficio
582 2350 629 2394 et
650 2346 811 2409 quiete
835 2347 986 2407 ltalie,
1019 2348 1068 2395 in
1096 2347 1290 2395 basilica
1321 2363 1359 2395 s.
1391 2347 1517 2395 Petri
1544 2346 1591 2394 in
1610 2362 1704 2410 quo
1726 2346 2097 2395 ostenderentur

322 2431 478 2479 vultus
518 2431 729 2490 Domini,
767 2435 814 2480 et
849 2434 979 2495 Papa
1010 2431 1208 2480 daturus
1253 2435 1381 2479 esset
1420 2430 1821 2479 interessentibus
1853 2429 2095 2494 plenarias

323 2513 660 2577 indulgentias.

389 2597 641 2645 Dominica
655 2596 940 2661 palmarum,
961 2602 1016 2646 12
1036 2597 1215 2662 apriliS,
1235 2600 1283 2647 S.
1301 2602 1357 2647 D.
1378 2603 1559 2658 noster,
1573 2602 1767 2662 paratus
1782 2613 1917 2648 more
1933 2599 2091 2659 solite,

322 2680 566 2730 benedixit
589 2685 636 2730 et
658 2681 1097 2745 distribuitpalmas
1115 2681 1164 2729 in
1185 2681 1368 2745 capella
1378 2682 1580 2746 majore.
1611 2682 1884 2730 Palmarum
1902 2682 2093 2731 fuerunt

322 2779 524 2812 numero
543 2768 766 2821 centum;
793 2769 839 2812 et
869 2770 1076 2828 quatuor
1096 2765 1205 2814 date
1235 2765 1429 2814 fuerunt
1451 2765 1673 2814 omnibus
1693 2766 1907 2829 prelatis,
1932 2770 2092 2815 orato-

367 2964 403 3002 1.
432 2964 484 3000 La
501 2963 600 3012 ligue
620 2965 717 3001 avait
737 2968 792 3002 ete
813 2966 962 3003 conclue
982 2969 1004 3003 a
1019 2967 1150 3004 Venise
1171 2967 1203 3004 le
1222 2967 1265 3005 31
1288 2978 1384 3004 mars
1399 2966 1670 3015 al’instigation
1686 2969 1731 3005 de
1752 2969 1911 3006 Ludovic
1931 2969 1962 3006 le
1977 2971 2089 3008 More.

323 3024 390 3059 Les
421 3023 637 3071 puissances
667 3024 711 3060 de
738 3024 921 3073 l’Europe,
944 3026 1121 3074 effrayees
1142 3026 1187 3062 de
1207 3025 1241 3062 la
1266 3025 1419 3073 rapidite
1445 3025 1510 3061 des
1537 3030 1664 3063 succes
1692 3028 1738 3064 de
1765 3028 1914 3066 Charles
1944 3030 2042 3077 VIII,
2068 3044 2094 3081 y

320 3083 534 3120 accederent
553 3095 641 3121 avec
661 3090 961 3132 empressement.
984 3085 1153 3134 Philippe
1173 3086 1218 3121 de
1239 3084 1459 3130 Commines,
1480 3086 1745 3124 ambassadeur
1758 3089 1807 3125 du
1826 3089 1879 3126 roi
1894 3090 1938 3126 de
1959 3090 2095 3128 France

322 3145 344 3178 a
361 3142 511 3189 Venise‚
536 3142 584 3179 vit
604 3143 737 3179 former
757 3147 850 3180 cette
877 3143 977 3192 ligne
1007 3149 1043 3181 et
1062 3156 1106 3180 en
1133 3145 1254 3181 donna
1279 3144 1355 3181 avis
1382 3147 1403 3181 a
1430 3155 1496 3181 son
1522 3149 1663 3185 manre.
1685 3147 1717 3184 V
1720 3160 1779 3197 oy.
1804 3160 1863 3186 ses
1890 3152 2093 3194 Memoires,

321 3201 382 3238 liv.
403 3201 483 3246 VII,
505 3202 562 3239 ch.
586 3215 647 3248 xv,
671 3206 707 3239 et
728 3202 985 3249 Guicciardini‚
1008 3205 1093 3240 dell’
1111 3205 1243 3240 Istoria
1264 3204 1422 3249 d’Italia‚
1445 3208 1530 3249 etc„
1546 3204 1609 3243 liv.
1632 3206 1677 3242 II.
1699 3206 1846 3244 Comme
1860 3207 1892 3245 le
1905 3221 2095 3258 remarque

321 3260 583 3308 Gregorovius,
607 3276 625 3295 «
648 3262 738 3299 c’est
758 3262 801 3298 de
823 3266 916 3299 cette
937 3262 1089 3299 alliance
1109 3274 1179 3311 que
1200 3274 1407 3300 eommence
1428 3263 1603 3301 l'histoire
1617 3266 1661 3302 sle
1682 3266 1848 3316 l’Europe
1867 3269 2053 3309 moderne.
2075 3284 2095 3304 »

319 3320 442 3356 storia
461 3321 558 3356 della
578 3322 673 3358 Cittct
694 3322 733 3357 di
752 3323 877 3367 Roma,
899 3326 927 3360 t.
949 3321 1029 3368 VII,
1049 3334 1086 3370 p.
1110 3323 1191 3360 442.
1208 3322 1307 3371 Voy.
1330 3322 1362 3359 le
1383 3327 1482 3360 texte
1513 3325 1562 3360 du
1581 3325 1687 3362 traite
1708 3326 1954 3376 dansLunig,
1976 3327 2096 3365 Codex

318 3378 403 3416 Ital.
426 3379 634 3426 diplomat„
655 3384 681 3417 t.
706 3381 734 3426 1,
756 3393 792 3429 p.
817 3382 851 3427 1,
874 3385 962 3420 sect.
986 3382 1020 3427 1,
1041 3381 1175 3428 XXIV,
1196 3394 1233 3430 p.
1262 3383 1344 3428 115,
1369 3386 1404 3419 et
1431 3383 1571 3421 Sanuto
1599 3386 1648 3432 (p.
1677 3386 1747 3422 ,257
1767 3390 1802 3422 et
1829 3387 1876 3433 S.)
1909 3386 1969 3434 qui
1995 3390 2096 3423 entre

320 3438 411 3474 dans
431 3437 484 3473 les
505 3437 588 3485 plus
610 3440 747 3486 grands
768 3439 897 3476 details
918 3453 963 3477 au
986 3441 1080 3488 sujet
1099 3441 1143 3476 de
1164 3445 1256 3478 cette
1276 3441 1386 3488 ligue.
1404 3484 1408 3488 ¹
2058 3461 2061 3464 ·
