2216 3886
276 325 345 361 568
881 316 1112 354 JOHANNIS
1146 314 1439 360 BURCHARDL
1765 318 1931 357 [octobre
1954 321 2049 361 1499]

276 426 335 474 tis
357 423 646 472 clamoribus
669 436 718 467 se
740 420 858 467 velle
878 423 1047 467 contra
1069 421 1255 464 montes
1278 420 1325 464 et
1346 416 1490 478 Alpes
1513 432 1727 480 pugnare
1746 424 1887 482 atque
1907 422 2050 471 etiam

276 512 442 569 contra
461 505 692 563 TurchOS‚
718 503 808 549 nisi
834 518 913 549 rex
938 516 1021 548 eos
1045 499 1295 562 Neapolim
1317 498 1490 546 mittat.

343 589 643 653 Sequebatur
681 586 774 633 hec
818 583 981 632 omnia
1019 582 1233 629 infinitus
1270 582 1435 645 populi
1474 598 1705 632 numerus
1746 588 1888 648 atque
1930 602 2054 649 pene

276 672 587 724 incredibilis
610 673 710 717 Rex
728 668 788 715 ad
810 682 972 714 arcem
990 665 1399 713 Mediolanensem
1421 665 1591 714 ductus
1611 672 1700 727 est,
1723 684 1865 731 quam
1881 669 2056 720 invenit

278 758 457 821 optime
486 758 534 802 et
561 752 796 800 ditissime
826 749 1090 806 munitam;
1124 764 1269 811 quam
1298 764 1408 796 cum
1431 749 1783 814 ingrederetur,
1808 753 2058 802 machina-

278 855 384 888 rum
412 835 749 886 emissionibus
772 834 838 881 ita
858 849 942 880 aer
962 832 1176 896 pulsatus
1199 836 1272 880 est
1299 837 1346 880 et
1371 833 1606 893 tubarum,
1631 834 1854 882 tibiarum
1876 841 1924 883 et
1946 852 2054 885 mu-

278 925 485 971 sicarum
507 917 927 967 innumerabilium
951 917 1129 975 sonitu,
1153 921 1203 965 ut
1226 932 1415 964 summa
1448 917 1624 965 infimis
1653 921 1701 966 et
1731 918 1898 967 infima
1922 936 2054 968 sum-

279 1007 369 1054 mis
397 1005 543 1052 mixta
573 1018 678 1051 esse
710 1003 1002 1050 dicerentur.
1029 1003 1081 1047 ln
1115 1016 1209 1063 quo
1243 1001 1436 1064 quidem
1471 1001 1692 1064 ingressu
1726 1018 1823 1050 non
1845 1004 2057 1052 creditur

282 1091 428 1138 fuisse
465 1086 722 1135 Mediolani
760 1100 972 1147 unquam
1007 1088 1149 1131 antea
1179 1084 1335 1132 visum
1368 1083 1602 1132 nobilium
1636 1089 1684 1132 et
1714 1101 2060 1149 generosorum

281 1173 492 1221 virorum
514 1175 697 1218 tantam
718 1167 1095 1227 multitudinem,
1118 1172 1391 1216 ceterorum
1414 1172 1706 1216 armatorum
1725 1175 1912 1233 gentes,
1936 1171 2064 1218 vide-

280 1258 392 1304 licet
426 1259 650 1303 sexcente
681 1254 869 1310 lancee,
894 1267 1005 1299 cum
1036 1252 1246 1299 maximo
1278 1251 1481 1299 aliorum
1517 1253 1734 1315 equitum
1767 1257 1814 1301 et
1846 1254 2062 1317 peditum

283 1355 501 1399 numer0‚
528 1342 664 1387 erant
686 1336 933 1385 distribute
954 1351 1042 1399 per
1063 1340 1219 1383 castra
1245 1339 1292 1384 et
1313 1336 1558 1396 fortalitia,
1585 1340 1632 1384 et
1650 1336 1886 1385 Allemani
1909 1338 2054 1401 etiam

284 1439 371 1487 pro
393 1422 660 1470 munitione
683 1420 1037 1479 fortalitiorum,
1064 1423 1111 1467 et
1131 1423 1327 1483 propter
1346 1419 1651 1467 inimicorum
1672 1420 1893 1467 incursus
1916 1419 1995 1485 (1).

351 1509 555 1554 Causam
573 1509 670 1553 tam
690 1503 1028 1567 repentissime
1051 1503 1324 1551 amissionis
1344 1503 1545 1551 ducatus
1565 1508 1612 1552 et
1632 1507 1782 1552 status
1803 1504 2062 1553 Mediolani

286 1605 429 1653 supra
454 1604 513 1636 ex
543 1587 780 1636 oblivione
807 1603 905 1635 non
932 1570 1176 1635 annotavi.⁸
1198 1586 1413 1635 Illustris.
1440 1586 1723 1646 LudovicuS‚
1749 1587 1845 1634 dux
1877 1589 2062 1636 Medio-

290 1673 404 1732 lani,
440 1672 606 1720 videns
646 1686 874 1734 magnum
912 1676 1193 1733 apparatum
1234 1676 1281 1718 et
1320 1670 1533 1733 gentium
1574 1670 1736 1733 copias
1773 1686 1861 1733 per
1900 1687 2064 1734 regem

290 1755 489 1804 Francie
522 1758 689 1802 contra
720 1769 770 1802 se
794 1753 970 1817 parari,
1002 1769 1301 1816 cognoscens
1331 1754 1629 1801 subditorum
1659 1769 1856 1801 suorum
1880 1754 2066 1802 animos

291 1855 406 1902 erga
426 1854 496 1897 se,
519 1843 716 1901 propter
736 1837 955 1899 graviora
985 1852 1133 1884 onera
1159 1837 1264 1900 ejus
1285 1836 1526 1900 imposita,
1552 1839 1599 1884 et
1626 1841 1884 1899 propterea
1909 1837 2067 1885 sciens

290 1939 386 1970 non
407 1937 550 1985 posse
571 1920 717 1968 Gallis
741 1920 983 1979 resistere,
1009 1935 1120 1967 cum
1137 1920 1317 1967 videret
1335 1919 1602 1983 periculum
1620 1919 1870 1968 amittendi
1893 1925 2068 1968 statum

292 2005 381 2053 sibi
411 2004 682 2062 imminere,
708 2004 746 2051 si
774 2020 858 2051 rex
886 2007 1211 2052 Romanorum
1241 2003 1327 2050 sibi
1358 2019 1455 2051 non
1481 2007 1799 2063 succurreret,
1825 2004 1988 2052 statuit
2009 2004 2067 2051 de

294 2090 565 2138 Mediolano
604 2088 829 2136 recedere
864 2091 910 2135 et
945 2087 1013 2135 ire
1046 2102 1210 2135 versus
1246 2091 1395 2135 terras
1430 2089 1757 2135 Romanorum
1790 2087 1934 2150 regiS.
1969 2090 2070 2135 Hoc

294 2189 433 2221 suum
453 2172 753 2236 propositum
783 2174 839 2219 D.
865 2173 1005 2218 Petro
1038 2171 1291 2218 Bonhomo
1315 2170 1615 2233 Tergestino,
1642 2170 1789 2233 regali
1812 2171 2070 2219 secretario
2094 2229 2099 2233 .

294 2262 341 2306 et
371 2255 549 2304 oratori
582 2271 747 2302 secum
783 2254 1006 2303 existenti
1049 2253 1321 2317 [exposuit].
1361 2256 1417 2301 D.
1455 2255 1624 2301 Petrus
1665 2252 1776 2300 duci
1819 2252 2070 2300 subvenire

295 2339 572 2386 existimans
605 2338 792 2401 scripsit
823 2341 1148 2385 Romanorum
1180 2336 1310 2399 regie
1332 2336 1574 2399 maJ'estati
1604 2340 1654 2383 ut
1679 2352 1823 2399 quam
1853 2335 1992 2383 citius
2013 2336 2072 2384 ad

296 2422 676 2470 subveniendum
707 2421 813 2468 duci
848 2420 1071 2468 celeriter
1101 2425 1413 2483 provocaret3
1439 2420 1653 2468 recitavit
1681 2419 1783 2482 regi
1814 2435 2071 2468 numerum
2126 2405 2130 2408 ’

297 2506 546 2569 copiarum
578 2505 712 2552 ducis
735 2508 782 2553 et
799 2504 1061 2562 Gallorum,
1085 2503 1381 2566 subjungens
1402 2502 1493 2549 nisi
1520 2503 1627 2550 duci
1649 2503 1874 2551 celeriter
1901 2518 2073 2567 oppor-

297 2595 465 2638 tunum
489 2587 751 2636 subsidium
773 2586 1006 2643 mittatur,
1025 2585 1158 2631 illum
1179 2600 1276 2631 non
1295 2600 1437 2647 posse
1467 2584 1710 2642 resistere,
1729 2590 1775 2633 et
1804 2589 2026 2648 oportere
2046 2600 2074 2632 a

298 2672 568 2720 Mediolano
591 2670 857 2729 discedere,
886 2662 934 2717 et
953 2668 1090 2732 plura
1110 2667 1406 2731 hujusmodi.

365 2756 585 2814 Nuntius,
608 2755 790 2802 litteras
808 2754 894 2801 has
913 2753 1136 2800 deferens
1162 2757 1208 2800 et
1233 2757 1384 2800 terras
1406 2755 1706 2802 Venetorum
1727 2753 2071 2816 pertransiens,

301 2842 468 2902 captus
497 2838 585 2886 fuit
612 2842 659 2884 et
690 2838 847 2884 littere
875 2836 999 2883 lecte
1033 2835 1180 2882 misse
1201 2835 1430 2884 Venetias
1454 2835 1513 2899 (2)
1537 2840 1583 2882 et
1609 2835 1719 2882 inde
1750 2837 1850 2898 regi
1872 2836 2072 2883 Francie

302 2922 382 2984 qui
416 2936 496 2968 eas
527 2920 656 2967 misit
676 2919 925 2982 capitaneo
947 2918 1184 2966 exercitus
1211 2917 1281 2963 sui
1314 2932 1424 2964 cum
1455 2917 1680 2966 mandato
1715 2918 1844 2980 quod
1865 2933 1915 2966 se
1938 2918 2074 2965 citius

304 3003 553 3068 expediret
584 3006 627 3050 et
662 3002 889 3049 ducatum
921 3000 1333 3048 Mediolanensem
1363 3000 1628 3060 invaderet,
1663 3001 1791 3064 quod
1821 3006 1867 3049 et
1897 3001 2075 3049 sactum

304 3092 393 3136 est.
417 3085 609 3145 Veneti,
632 3101 689 3133 ex
711 3084 874 3132 federe
896 3087 941 3131 et
963 3085 1103 3146 pacto
1125 3098 1235 3130 cum
1254 3098 1368 3143 rege
1391 3085 1685 3131 Francorum
1708 3084 1843 3144 inito,
1869 3083 2075 3132 assecuti

351 3260 383 3296 1.
413 3259 576 3294 L'entree
602 3258 651 3292 (lu
671 3255 722 3292 roi
750 3256 794 3291 de
814 3255 949 3291 Franco
976 3257 997 3290 a
1023 3254 1131 3291 Milan
1155 3259 1211 3291 est
1233 3253 1437 3301 &galement
1464 3256 1630 3290 racontee
1651 3265 1738 3291 avec
1764 3254 1815 3290 les
1836 3254 1919 3302 plus
1941 3255 2077 3302 grands

303 3318 433 3355 details
454 3318 544 3353 dans
571 3328 642 3352 une
670 3315 772 3351 lettre
793 3314 878 3350 d’un
906 3314 971 3350 des
994 3314 1273 3350 ambassadeurs
1300 3313 1478 3349 venitiens
1505 3316 1526 3350 a
1552 3313 1662 3350 Milan
1690 3313 1859 3350 adressee
1886 3317 1907 3350 a
1934 3313 1967 3350 la
1994 3313 2079 3350 Sei-

304 3377 453 3425 gneurie
474 3380 510 3412 et
531 3375 668 3411 inseree
689 3386 754 3422 par
775 3374 916 3410 Sanuto
938 3374 1028 3409 dans
1050 3384 1113 3409 son
1131 3372 1290 3420 journal,
1313 3378 1337 3410 t.
1363 3373 1425 3416 III,
1448 3372 1515 3408 col.
1539 3373 1666 3408 23-26.

349 3437 383 3473 ⁶2.
412 3436 504 3483 Voy.
530 3434 731 3481 Malipiero,
755 3445 838 3480 pag.
861 3434 944 3475 559,
962 3434 1046 3468 560.
