2216 3886
292 293 363 328 516
903 290 1138 328 JOHANNIS
1171 291 1468 337 BURCHARDI,
1847 295 1950 334 [Mars
1969 297 2062 338 1499]

296 393 465 444 habuit
491 393 539 441 in
569 394 725 442 banco
746 394 1059 457 prelatorum,
1085 395 1133 442 in
1159 395 1266 443 loco
1287 394 1565 442 immediate
1595 396 1813 457 sequenti
1840 402 1949 459 post
1966 398 2069 446 dic-

300 481 403 524 tum
424 477 796 540 gubernatorem
822 477 997 536 Urbis),
1021 482 1068 524 et
1087 477 1243 536 miles,
1265 493 1468 540 magnus
1496 478 1727 541 magister
1754 478 2000 527 Baitannie
2022 481 2071 527 in

298 575 494 608 scamno
514 559 748 607 laicorum
768 564 877 623 post
893 559 1162 621 predictum
1185 564 1427 608 oratorem
1447 561 1544 609 sive
1562 565 1925 625 procuratorem
1944 562 2071 626 regis

297 642 515 700 Francie,
535 645 581 690 et
601 641 650 688 in
671 641 751 689 illo
771 656 968 689 scamno
986 646 1096 704 post
1115 642 1313 691 missam
1333 644 1574 708 inceptam
1594 644 1749 692 nullus
1770 644 1890 692 alius
1912 649 2074 693 orator

296 726 400 774 fuit.

363 810 697 874 Superioribus
731 811 918 870 diebus,
947 827 1026 860 me
1054 813 1103 859 in
1136 811 1325 860 civitate
1351 811 1617 875 Argentina
1643 811 1878 860 existente
1907 828 1992 860 seu
2024 813 2071 860 in

296 894 422 942 illius
450 895 649 952 diecesi,
681 894 865 942 scilicet
899 899 954 943 17
989 895 1170 944 mensis
1198 894 1487 962 septembris
1516 894 1628 942 lune
1655 895 1873 958 proxime
1901 895 2068 959 elapsi,

297 978 370 1026 vel
398 978 526 1026 circa
554 970 685 1026 illam
717 978 864 1038 diem,
889 980 973 1027 SS.
1000 982 1057 1026 D.
1082 981 1138 1027 N.
1163 979 1435 1027 Alexander
1455 981 1516 1028 VI
1537 993 1678 1042 papa,
1697 978 1746 1025 in
1777 982 1964 1027 secreto
1986 995 2072 1028 suo

298 1061 606 1120 consistorio,
643 1062 702 1110 de
735 1065 1024 1111 RRmorum.
1061 1067 1162 1112 DD.
1193 1063 1508 1112 cardinalium
1541 1062 1933 1111 interessentium
1958 1079 2074 1111 con-

297 1145 402 1193 silio
425 1148 472 1193 et
493 1160 752 1205 consensu,
774 1146 1051 1210 assumpsit,
1074 1147 1248 1196 creavit
1269 1150 1316 1194 et
1336 1146 1594 1210 publicavit
1614 1145 1663 1193 in
1685 1150 1852 1193 sancta
1873 1161 2076 1193 romana

297 1229 504 1277 ecclesia
538 1230 873 1295 presbyterum
917 1230 1211 1279 cardinalem
1234 1233 1439 1278 -Rmum.
1475 1230 1525 1278 in
1561 1230 1750 1279 Christo
1793 1234 1979 1293 patrem
2013 1232 2071 1277 D.

298 1312 557 1376 Georgium
579 1313 999 1378 archiepiscopum
1020 1315 1478 1378 Rothomagensem,
1505 1314 1645 1377 eique
1673 1313 1863 1361 titulum
1894 1329 1933 1361 s.
1957 1311 2075 1361 Sixti

297 1395 555 1459 assignavit
581 1402 629 1444 et
650 1397 886 1460 capellum
908 1399 1130 1457 rubeum,
1156 1398 1328 1447 deinde
1354 1398 1443 1446 sibi
1473 1397 1602 1445 misit
1625 1399 1680 1444 D.
1707 1399 1931 1445 Cesarem
1956 1399 2075 1445 Bor-

297 1478 426 1541 giam
455 1479 514 1528 de
540 1481 797 1544 Aragonia,
823 1481 996 1530 ducem
1022 1482 1264 1540 Valentie‚
1289 1483 1403 1530 olim
1430 1480 1723 1530 cardinalem
1743 1480 2070 1538 Valentinum,

299 1561 448 1610 filium
474 1579 614 1612 suum
643 1565 982 1613 charissimum
1010 1581 1119 1613 cum
1152 1566 1315 1614 multis
1347 1564 1558 1614 rochetis
1592 1568 1639 1613 et
1667 1563 1949 1612 muneribus
1970 1563 2073 1611 aliis

298 1650 346 1693 et
366 1646 592 1696 facultate
617 1647 797 1711 pileum
823 1648 981 1712 ipsum
1002 1649 1285 1713 recipiendi,
1311 1650 1397 1696 sub
1425 1648 1570 1697 modo
1596 1652 1643 1696 et
1670 1645 1825 1693 forma
1851 1650 1963 1692 tunc
1985 1644 2074 1691 sibi

298 1728 604 1778 destinatum.
641 1731 784 1795 Cujus
819 1731 1056 1780 facultatis
1093 1733 1252 1797 vigore
1290 1736 1456 1781 Rmus.
1494 1730 1749 1781 cardinalis
1786 1747 1824 1778 s.
1859 1728 1984 1778 Petri
2015 1728 2076 1777 ad

299 1812 503 1872 vincula,
528 1812 604 1861 die
637 1816 690 1861 21
724 1815 905 1863 mensis
937 1815 1207 1864 decembris
1237 1816 1455 1879 proxime
1484 1813 1719 1879 preteriti,
1744 1827 1837 1876 que
1863 1811 1952 1859 fuit
1977 1811 2077 1859 fes-

297 1898 396 1942 tum
431 1911 469 1942 s.
505 1896 688 1945 Thome
721 1898 944 1962 apostoli,
976 1899 1025 1946 in
1060 1899 1267 1948 ecclesia
1300 1898 1552 1962 collegiata
1585 1914 1623 1944 s.
1660 1896 1880 1955 Maximi,
1915 1895 2076 1959 oppidi

299 1978 546 2039 ChinoniS‚
579 1982 873 2029 Turonensis
907 1981 1129 2041 diecesis,
1158 1987 1268 2046 post
1303 1981 1559 2029 missarum
1587 1979 1841 2037 solemnia,
1869 1977 2078 2026 serenis-

300 2062 421 2111 simo
450 2063 688 2112 Ludovico
716 2067 1011 2114 Francorum
1038 2081 1153 2129 rege
1180 2070 1424 2130 presente,
1449 2065 1629 2129 pileum
1655 2062 1926 2128 predictum
1948 2061 2075 2109 dicto

299 2148 439 2193 Rmo.
473 2149 529 2193 D.
555 2147 786 2195 cardinali
813 2149 1191 2213 Rothomagehsi
1221 2149 1447 2213 imposuit
1476 2153 1522 2196 et
1552 2146 1765 2204 tradidit,
1790 2143 2076 2194 ceremoniis

300 2228 449 2276 solitis
472 2229 733 2279 observatis
754 2248 763 2291 ;
788 2232 904 2295 ipsis
926 2236 1087 2282 autem
1109 2233 1167 2281 de
1189 2233 1365 2297 palatio
1388 2233 1492 2280 sive
1506 2236 1664 2280 castro
1686 2230 1818 2294 regio
1841 2228 1901 2277 ad
1921 2226 2078 2276 eccle-

301 2311 422 2359 siam
456 2314 722 2376 predictam
759 2316 1000 2375 euntibus,
1033 2317 1269 2381 precessit
1299 2315 1577 2364 immediate
1614 2329 1780 2377 regem
1815 2316 1925 2376 post
1958 2310 2076 2359 alios

300 2394 558 2459 principes,
577 2396 758 2445 Illmus.
784 2401 841 2446 D.
868 2401 1014 2447 Cesar
1034 2399 1130 2448 dux
1143 2399 1381 2459 Valentie,
1401 2399 1515 2448 olim
1534 2397 1789 2447 cardinalis
1809 2394 2074 2459 predictus,

302 2478 540 2541 capellum
574 2480 844 2544 predictum
877 2483 1068 2546 publice
1100 2484 1340 2544 deferens,
1367 2488 1414 2531 et
1443 2483 1587 2542 male,
1626 2486 1678 2530 ut
1706 2480 1903 2529 scutifer
1934 2493 2079 2542 quem

303 2564 498 2609 secutus
520 2565 594 2609 est
624 2578 724 2623 rex,
750 2580 778 2611 a
795 2564 1000 2613 sinistris
1027 2567 1212 2615 habens
1244 2566 1537 2614 cardinalem
1560 2582 1599 2613 s.
1626 2564 1753 2613 Petri
1776 2563 1837 2612 ad
1860 2561 2076 2621 Vincula,

304 2647 352 2691 et
383 2648 493 2707 post
528 2661 612 2693 eos
647 2647 900 2696 cardinalis
928 2650 1333 2715 Rothomagensis
1360 2648 1624 2713 predictuS,
1659 2652 1706 2697 et
1736 2646 1886 2695 ceteri
1914 2644 2081 2693 ordine

305 2742 409 2784 suo,
440 2727 533 2776 hoc
555 2734 629 2777 est
650 2730 752 2778 sine
775 2732 972 2793 ordine3
997 2733 1089 2782 hec
1111 2734 1328 2798 superius
1359 2733 1407 2781 in
1435 2733 1554 2782 locis
1578 2733 1675 2780 suis
1709 2748 1807 2781 non
1837 2728 2076 2786 annotavi,

304 2808 415 2870 quia
436 2813 550 2858 tunc
570 2811 786 2875 ignoravi
802 2815 884 2880 (1).
1324 2821 1329 2827 '

353 2990 387 3027 1.
433 2990 531 3027 Pour
551 3003 611 3028 ces
637 2991 781 3039 details,
808 3006 892 3043 voy.
922 2995 1073 3040 Sanum,
1099 3000 1125 3032 t.
1155 2997 1200 3041 ΙΙ,
1228 2995 1296 3032 col.
1324 2995 1394 3032 358
1420 2999 1457 3032 et
1481 2995 1640 3044 passim;
1669 2994 1928 3043 Gregorovius,
1957 2994 2078 3030 Storia

306 3049 403 3085 della
422 3051 523 3096 citta,
545 3055 629 3097 etc„
650 3055 677 3089 t.
700 3052 780 3098 VII,
802 3066 838 3102 p.
867 3055 936 3090 494
962 3058 998 3091 et
1024 3055 1138 3101 suiv.;
1162 3058 1196 3092 et
1222 3067 1284 3092 sur
1310 3054 1362 3091 les
1390 3059 1557 3103 rapports
1586 3055 1635 3091 du
1660 3055 1757 3103 Pape
1778 3066 1865 3092 avec
1893 3053 2013 3091 Julien
2033 3053 2078 3089 de

305 3106 339 3143 la
365 3108 506 3146 Rovere
531 3122 618 3147 avec
643 3111 762 3159 lequel
790 3112 815 3148 il
842 3113 962 3151 s'etait
988 3114 1192 3161 reconcilie‚
1215 3115 1250 3151 la
1274 3118 1358 3151 note
1381 3116 1395 3150 1
1421 3115 1465 3150 de
1491 3113 1525 3151 la
1550 3126 1644 3162 page
1665 3115 1734 3151 496
1753 3115 1803 3151 du
1829 3116 1944 3150 meme
1966 3116 2076 3149 tome.

306 3166 427 3211 Quant
446 3171 467 3205 a
486 3169 599 3207 Cesar
619 3171 766 3220 Borgia,
790 3187 808 3206 «
830 3185 967 3210 comme
987 3174 1011 3209 il
1040 3174 1135 3212 avait
1157 3178 1213 3211 ete
1241 3173 1400 3211 cardinal
1419 3174 1464 3210 de
1484 3173 1640 3211 Valence
1661 3186 1705 3210 en
1732 3175 1917 3222 Espagne,
1937 3183 2029 3221 pour
2048 3171 2080 3207 le

305 3238 389 3262 nom
409 3232 445 3265 et
464 3228 498 3265 la
517 3229 620 3277 rime,
640 3243 687 3267 on
708 3231 758 3268 lui
777 3233 899 3270 donna
925 3233 1082 3270 valence
1111 3246 1155 3270 en
1183 3233 1385 3282 Dauphine.
1408 3234 1457 3269 Le
1477 3233 1571 3270 voila
1596 3234 1665 3270 duc
1685 3234 1730 3271 de
1748 3232 1973 3271 Valentinois
1994 3242 2080 3268 avec

304 3290 421 3324 trente
440 3289 537 3326 mille
558 3291 686 3329 ducats
703 3292 779 3329 d’or
798 3296 912 3342 payes
934 3297 1130 3342 comptant,
1152 3299 1187 3331 et
1205 3294 1311 3342 vingt
1336 3293 1430 3329 mille
1450 3292 1558 3330 livres
1577 3294 1624 3330 de
1644 3298 1746 3331 rente
1767 3292 1844 3342 (qui
1865 3304 1909 3329 en
1928 3289 2078 3328 feraient

305 3346 402 3383 deux
422 3353 504 3386 cent
523 3349 633 3397 mille)
652 3364 660 3397 ;
683 3351 727 3389 de
747 3353 843 3400 plus,
865 3354 977 3390 chose
1006 3352 1286 3402 inappreciable,
1309 3364 1379 3389 une
1406 3353 1622 3401 compagnie
1653 3353 1698 3390 de
1723 3356 1807 3389 cent
1831 3350 1953 3388 lances
1979 3347 2077 3384 fran-

306 3404 439 3453 caises,
461 3406 691 3448 c'est-a-dire
711 3411 744 3448 le
765 3412 923 3461 drapeau
938 3413 983 3450 de
1002 3411 1037 3449 la
1056 3413 1206 3458 France,
1227 3412 1263 3450 la
1286 3416 1424 3449 terreur
1445 3412 1491 3449 de
1516 3423 1584 3449 nos
1607 3411 1666 3458 lis,
1688 3411 1839 3449 affiches
1865 3412 1886 3447 a
1911 3408 1989 3445 cote
2010 3405 2076 3443 des
