2222 3926
340 308 410 343 338
948 309 1181 346 JOHANNIS
1214 309 1510 355 BURCHARDI,
1838 313 2115 356 [Octobre1496J

344 413 493 457 strata
513 412 728 458 Romana
753 411 927 460 violata
957 417 1030 462 est
1058 413 1124 462 ita
1149 413 1279 476 quod
1300 429 1396 460 non
1420 412 1554 460 licuit
1579 412 1647 459 illi
1674 414 1878 476 amplius
1901 433 1989 480 per
2009 435 2115 467 eam

345 493 549 542 transire
567 492 651 558 (1).
2069 540 2071 543 ,

410 579 551 624 Extat
581 577 839 626 dicendum
870 579 986 641 quid
1013 579 1087 626 vel
1114 582 1346 640 quantum
1375 578 1687 640 parafrenarii
1718 579 1843 627 Rmi.
1875 583 1932 629 D.
1964 581 2120 631 cardi—

342 659 476 708 nales
512 676 551 707 S.
591 661 779 721 Crucis,
815 656 962 724 legati
996 661 1154 719 Italie,
1187 661 1245 708 de
1284 659 1582 708 baldachinis
1618 661 1915 723 habuerunt,
1946 665 2117 728 quibus

343 742 474 789 idem
493 741 683 805 legatus
704 743 754 790 in
781 743 998 792 ecclesiis
1026 743 1253 792 obtulerit
1279 743 1408 807 quod
1435 744 1653 807 superius
1682 744 1842 794 dicere
1864 746 2121 798 immemor

341 824 425 871 fui.

402 909 684 970 Interamni,
716 914 960 974 portatum
991 912 1080 960 suit
1114 911 1397 959 vilissimum
1430 910 1772 959 baldachinum
1799 912 1924 962 inter
1958 915 2120 963 omnia

344 993 546 1055 itineris,
578 996 708 1058 quod
741 995 1055 1044 nihilominus
1088 995 1216 1043 cives
1246 994 1483 1043 redimere
1518 994 1733 1042 volentes
1769 999 2027 1060 antequam
2049 999 2121 1046 *ad

346 1077 600 1126 ecclesiam
620 1080 943 1143 pervenirent,
969 1083 1297 1128 convenerunt
1324 1093 1434 1126 cum
1458 1077 1795 1141 parafrenariis
1824 1095 1874 1128 se
1902 1081 2016 1144 ipsis
2042 1098 2118 1130 sa-

345 1159 620 1211 tisfacturos
647 1180 656 1211 :
682 1164 918 1213 miserunt
944 1168 1114 1228 postea
1136 1163 1251 1227 ipsis
1273 1179 1482 1227 capones
1505 1178 1623 1226 quos
1643 1163 1957 1227 parafrenarii
1979 1180 2118 1213 recu-

346 1246 505 1292 santes
538 1246 828 1295 remiserunt
862 1251 907 1296 et
944 1246 1064 1294 nihil
1096 1246 1384 1294 habuerunt.
1425 1245 1770 1294 Baldachinum
1805 1246 2117 1295 nihilominus

344 1327 521 1375 mansit
554 1329 758 1378 ecclesie
789 1330 1066 1378 Faventine.
1101 1329 1380 1377 Familiares
1409 1328 1681 1377 habuerunt
1710 1345 1798 1393 pro
1828 1329 2116 1378 baldachino

345 1409 545 1459 ducatos
567 1417 665 1461 tres
688 1417 735 1461 et
755 1429 781 1461 a
796 1414 1053 1478 juvenibus
1072 1413 1295 1462 Faventie
1321 1412 1402 1476 qui
1430 1412 1610 1460 mulam
1635 1413 1780 1476 legati
1807 1428 2118 1477 recuperave-

344 1499 469 1554 rant,
496 1496 747 1561 redempta
775 1498 862 1545 fuit
889 1498 1020 1545 mula
1046 1498 1150 1561 ipsa
1178 1496 1412 1545 carolenis
1441 1497 1653 1560 triginta.
1693 1496 1895 1557 Pisauri,
1920 1512 2115 1561 grossos

345 1576 628 1628 florentinos
655 1581 970 1645 quadraginta
1002 1581 1276 1629 habuerunt
1305 1580 1468 1639 iidem,
1495 1581 1603 1628 loco
1633 1580 1921 1639 baldachini,
1947 1583 1994 1628 et
2013 1580 2118 1628 Ari-

343 1660 711 1721 miniysimiliter
743 1681 938 1728 grossos
968 1664 1190 1712 undecim
1219 1679 1337 1727 quos
1367 1663 1584 1727 recipere
1604 1648 1915 1722 recusantes,
1939 1663 2115 1711 amise-

344 1747 470 1791 runt.
497 1747 667 1809 Cveseni
687 1748 960 1796 habuerunt
981 1748 1140 1812 ipsum
1159 1747 1502 1795 baldachInum
1523 1746 1652 1809 quod
1678 1745 1926 1809 antiquum
1949 1750 2050 1794 erat
2070 1751 2117 1794 et

343 1824 521 1873 modici
547 1827 721 1876 valoris
749 1847 758 1876 :
790 1829 973 1878 Mutine
1002 1829 1097 1877 dati
1126 1833 1235 1877 sunt
1264 1829 1332 1877 eis
1359 1829 1467 1877 loco
1503 1829 1777 1878 baldachini
1807 1829 1967 1878 ducati
1998 1830 2110 1889 duo,

342 1909 513 1957 Parme
536 1909 695 1959 ducati
717 1928 824 1973 sex;
854 1913 1097 1961 Placentie
1121 1913 1446 1976 promiserunt
1468 1912 1536 1960 eis
1560 1913 1837 1961 satisfacere
1859 1914 2114 1978 episcopus

342 1994 390 2038 et
411 1991 554 2053 cives,
580 2010 608 2041 a
629 1996 802 2058 quibus
827 2000 988 2045 tamen
1010 2001 1181 2060 postea
1192 1996 1309 2043 nihil
1326 1996 1619 2044 habuerunt.
1643 1997 1802 2045 Laude
1822 2001 2114 2061 receperunt

337 2073 447 2123 loco
483 2077 755 2127 baldachini
792 2084 1008 2128 testones
1043 2079 1390 2143 quinquaginta
1422 2083 1647 2143 quatuor,
1679 2096 1885 2143 quorum
1915 2080 2116 2144 quilibet

339 2159 503 2222 viginti
531 2162 625 2211 duo
651 2164 830 2212 solidos
851 2164 1061 2228 ,valebam
1088 2167 1135 2211 et
1155 2163 1413 2211 Mediolani
1433 2163 1775 2211 baldachinum
1796 2164 1952 2228 ipsum
1979 2163 2115 2212 obtu-

338 2240 393 2289 lit
412 2245 578 2293 Rmus.
605 2248 660 2294 D.
682 2247 870 2311 legatus
890 2247 938 2293 in
961 2245 1178 2294 ecclesiis
1206 2246 1266 2293 ad
1291 2262 1408 2309 quas
1434 2246 1860 2309 processionaliter
1881 2246 1930 2292 in
1951 2261 2115 2309 recep-

339 2323 470 2373 tione
498 2343 586 2375 sua·
609 2329 697 2378 fuit
725 2331 1007 2379 associatus.
1034 2330 1212 2378 Obtulit
1242 2330 1302 2377 ad
1325 2330 1474 2377 altare
1501 2330 1657 2393 majus
1678 2333 1786 2392 post
1812 2328 2112 2378 benedictio-

340 2423 453 2456 nem
475 2412 743 2460 solemnem
765 2431 854 2477 per
871 2430 983 2462 eum
1003 2413 1164 2461 datam
1189 2417 1236 2461 et
1254 2413 1521 2476 publicatas
1542 2412 1881 2476 indulgentias,
1902 2412 2112 2460 valorem

341 2488 624 2542 ducatorum
665 2495 870 2543 duorum
908 2496 957 2543 in
993 2511 1110 2543 auro
1154 2499 1202 2542 et
1240 2494 1437 2542 diversis
1477 2484 1684 2542 monetis
1724 2494 1773 2540 in
1806 2492 2109 2556 quibusdam,

344 2594 491 2626 unum
525 2579 752 2627 ducatum
784 2580 833 2627 in
871 2580 993 2638 aliis,
1030 2579 1282 2627 carolenos
1315 2582 1521 2641 quatuor
1549 2583 1630 2625 aut
1655 2577 1866 2640 quinque
1905 2576 1977 2624 vel
2007 2592 2108 2634 sex,

341 2663 604 2710 secundum
635 2663 765 2726 quod
792 2663 992 2711 servitor
1021 2678 1135 2709 suus
1168 2661 1275 2709 illos
1309 2661 1398 2708 sibi
1430 2660 1750 2709 ministrabat.
1782 2659 2016 2719 Bononie,
2050 2659 2111 2707 ob

340 2761 437 2792 non
474 2750 715 2808 portatum
754 2746 1119 2804 baldachinum,
1153 2744 1428 2808 indignatus
1467 2744 1585 2791 nihil
1624 2743 1810 2791 obtulit.
1847 2745 1900 2790 In
1937 2743 2111 2792 ceteris

340 2827 608 2876 civitatibus
630 2834 677 2877 et
703 2829 822 2876 locis
842 2828 1066 2876 videlicet
1086 2826 1322 2889 Fulginei,
1343 2826 1537 2885 Assisis,
1559 2825 1781 2889 Eugubii‚
1807 2825 1941 2884 Calii,
1966 2828 2112 2873 Foro-

340 2913 623 2976 sempronii,
647 2912 889 2971 Faventie,
915 2911 1052 2974 Regii
1080 2915 1127 2958 et
1150 2912 1281 2959 Santi
1309 2911 1552 2970 Domnini,
1578 2908 1888 2972 parafrenarii
1909 2923 2007 2955 non
2026 2908 2111 2956 ha-

339 2995 546 3043 buerunt
571 2995 928 3052 baldachinum,
954 3008 1110 3055 neque
1132 3009 1218 3056 pro
1247 2993 1316 3040 eis
1343 2993 1599 3056 quicquam
1621 2990 1736 3054 ipsis
1760 2990 1988 3039 donatum
2016 2994 2106 3049 est,

337 3078 535 3126 diversis
555 3077 867 3142 respectibus.

405 3163 542 3210 Feria
572 3161 800 3220 secunda,
825 3164 879 3209 31
913 3159 1139 3218 octobris,
1162 3159 1322 3222 vigilia
1352 3158 1568 3207 omnium
1597 3161 1894 3216 sanctorum,
1918 3156 2109 3206 fue-runt

334 3260 533 3308 vespere
566 3245 760 3309 papales
795 3244 845 3291 in
878 3242 1061 3307 capella
1090 3243 1275 3306 maJ'ore
1306 3241 1484 3306 palatii,
1519 3244 1648 3305 Papa
1680 3243 1923 3305 presente.
1949 3241 2001 3286 In
2032 3238 2107 3286 die

381 3370 413 3406 1.
443 3369 528 3405 Voir
548 3381 611 3406 sur
630 3373 722 3406 cette
743 3380 872 3418 guerre
893 3369 1016 3404 contre
1029 3365 1082 3403 les
1104 3365 1240 3412 Orsini,
1262 3366 1384 3411 BALm,
1411 3367 1495 3403 Vita
1517 3367 1556 3402 (ἰὶ
1572 3365 1811 3409 Guz'dohaldo,
1834 3367 1859 3401 t.
1883 3363 1912 3409 Ι,
1933 3362 1994 3402 liv.
2014 3363 2051 3407 5,
2072 3365 2109 3398 et.

333 3430 498 3474 Rinaldc,
519 3433 545 3466 t.
569 3429 684 3474 XXX,
706 3441 741 3477 p.
763 3429 889 3466 252-4.
