2216 3886
308 353 378 387 548
926 353 1158 388 JoHANle
1194 352 1488 394 BURCHAHDL
1629 380 1632 385 .
1859 353 1966 392 [AOI'lt
1989 353 2081 391 14991

376 455 514 502 Feria
534 455 688 511 tertia,
717 457 775 501 23
799 454 910 500 dicti
930 454 1110 501 mensis
1129 454 1254 517 julii,
1281 458 1442 500 Rmus.
1469 456 1525 500 D.
1552 452 1807 499 cardinalis
1828 452 2080 510 Ascanius,

312 537 751 596 vicecancellarius,
790 536 837 583 in
871 539 1092 599 Neptuno
1128 538 1293 582 Castro
1328 534 1747 593 Columnensium,
1781 533 1970 581 intravit
2002 542 2084 596 ga-

310 624 433 671 leam
463 620 600 667 lllmi.
636 619 762 682 regis
792 619 1008 667 Federici
1041 618 1337 681 Neapolitani
1374 618 1434 665 ad
1463 618 1556 666 hoc
1587 618 1675 665 sibi
1708 617 2014 675 destinatam,
2041 620 2086 664 et

310 702 582 753 associatus
607 719 633 749 a
669 702 814 749 tribus
844 690 948 748 aliis
981 701 1197 764 ejusdem
1226 701 1352 764 regis
1387 701 1536 764 galeis
1565 701 1765 764 arripuit
1791 701 1884 749 iter
1916 715 2081 746 versus

313 786 616 835 Plumbinum
652 785 804 832 iturus
832 783 1185 843 Mediolanium
1212 783 1354 831 exivit
1380 784 1552 832 deinde
1576 784 1763 848 galeam
1794 783 1842 830 in
1872 781 2084 830 dominio

312 870 618 927 senensium,
638 872 685 915 et
703 867 886 916 exinde
903 867 1091 930 scripsit
1109 867 1329 915 Pontifici
1346 871 1392 915 et
1409 883 1545 916 sacro
1563 866 1768 930 collegio
1784 881 1870 930 pro
1888 865 2085 913 licentia

310 952 582 1002 recedendo
604 951 818 1015 allegans
841 967 1011 999 causas
1035 966 1255 999 recessus
1281 950 1370 998 sui.

375 1037 513 1085 Feria
533 1035 715 1098 quinta,
736 1039 794 1083 25
824 1035 935 1083 dicti
959 1034 1155 1093 mensis,
1177 1034 1607 1083 obiitVenerabilis
1626 1034 1695 1081 vir
1716 1033 1949 1081 Dominus
1971 1033 2084 1080 Phi-

311 1121 468 1184 lippus
497 1119 554 1166 de
585 1121 904 1177 Pontecurvo,
928 1117 1212 1166 secretarius
1246 1122 1292 1165 et
1322 1117 1526 1180 scriptor
1552 1117 1861 1180 apostolicus,
1894 1130 2088 1163 camere

314 1202 578 1266 apostolice
607 1201 838 1260 notarius,
864 1200 960 1263 qui,
985 1200 1173 1248 veneris
1203 1200 1447 1263 sequentis
1474 1200 1523 1246 in
1551 1215 1709 1259 mane,
1735 1198 1916 1246 familia
1937 1197 2093 1245 cardi-

315 1286 436 1334 nalis
471 1302 508 1333 s.
535 1285 727 1348 Georgii
751 1289 798 1333 et
818 1285 931 1350 'aliis
954 1284 1217 1332 associatus
1246 1289 1319 1332 est
1342 1284 1399 1332 ad
1435 1284 1690 1332 ecclesiam
1699 1320 1794 1330 .....
1807 1321 1817 1342 ,
1843 1286 1889 1330 et
1915 1281 2092 1329 ibidem

317 1369 588 1418 honorifice
611 1368 840 1432 sepultus.

383 1452 521 1500 Feria
553 1452 779 1510 secunda,
815 1455 874 1499 29
915 1452 1026 1500 dicti
1064 1452 1243 1500 mensis
1280 1451 1402 1514 julii,
1439 1452 1558 1498 hora
1599 1466 1928 1514 vesperarum,
1966 1451 2090 1519 bone

318 1535 552 1583 memorie
576 1537 631 1582 D.
658 1535 960 1592 Franciscus,
986 1536 1240 1599 episcopus
1270 1535 1547 1593 Perusinus,
1573 1536 1656 1582 SS.
1683 1536 1739 1581 D.
1766 1535 1821 1581 N.
1844 1548 1966 1597 pape
1987 1548 2094 1596 pre-

318 1619 443 1666 latus
472 1618 783 1678 domesticus,
815 1619 1009 1667 domine
1044 1617 1283 1676 Lucretie,
1308 1606 1421 1669 filie
1441 1620 1583 1680 Pape,
1615 1621 1792 1676 custOS,
1824 1616 1920 1678 qui,
1950 1620 2092 1664 nocte

320 1702 566 1765 preterita,
596 1701 645 1748 in
676 1702 820 1749 domo
854 1702 978 1750 inter
1011 1702 1257 1750 basilicam
1293 1719 1331 1749 s.
1367 1702 1491 1751 Petri
1525 1702 1583 1750 ad
1619 1701 1846 1765 palatium
1877 1700 2000 1748 Rmi.
2034 1703 2090 1747 D.

323 1784 576 1833 cardinalis
608 1801 646 1831 s.
672 1785 820 1833 Marie
846 1785 893 1832 in
920 1785 1130 1843 Porticu‚
1161 1785 1288 1833 diem
1316 1785 1551 1833 clauserat
1582 1788 1869 1843 extremum,
1901 1787 2094 1847 paratus

322 1868 462 1916 solito
484 1883 635 1926 more,
660 1872 876 1931 portatus
900 1868 985 1916 fuit
1012 1885 1098 1931 per
1119 1874 1306 1931 portam
1328 1868 1647 1931 posteriorem
1671 1868 1796 1916 dicte
1819 1853 1989 1915 domus
2011 1882 2098 1930 per

322 1951 459 2000 Viam
479 1952 719 2010 Sanctam,
742 1955 787 1998 et
812 1951 947 2014 juxta
967 1951 1197 2015 palatium
1218 1968 1255 1999 s.
1281 1952 1534 2000 Martinelli
1555 1968 1642 2015 per
1668 1951 1878 2015 plateam
1899 1967 1939 1997 S.
1969 1950 2094 1998 Petri

322 2034 382 2082 ad
405 2034 653 2082 basilicam
676 2034 911 2098 ejusdem,
937 2038 984 2082 et
1006 2035 1067 2081 ibi
1098 2035 1145 2081 in
1174 2035 1358 2098 capella
1378 2035 1424 2083 b.
1450 2034 1597 2082 Marie
1620 2035 1679 2082 de
1710 2034 1960 2093 Febrihus,
1985 2038 2095 2082 ante

322 2118 606 2166 memoriam
646 2117 812 2165 Calixti
853 2134 976 2182 pape
1015 2121 1075 2166 Ill
1113 2118 1344 2182 sepultus.
1387 2122 1709 2166 Recesserunt
1748 2133 1859 2166 eum
1903 2115 2095 2179 triginta

323 2200 577 2259 intorticia,
603 2205 649 2249 et
679 2201 831 2249 secuti
855 2207 965 2248 sunt
989 2201 1159 2249 funesti
1182 2217 1314 2260 xvnl,
1339 2201 1437 2248 bini
1461 2206 1506 2248 et
1527 2201 1643 2260 bini,
1666 2216 1871 2264 quorum
1893 2203 2096 2262 quatuor

321 2289 457 2331 erant
477 2284 822 2347 consanguinei
846 2284 1055 2332 defuncti
1072 2301 1081 2343 ;
1104 2284 1181 2348 qui
1197 2288 1359 2332 tamen
1378 2300 1474 2332 non
1493 2284 1687 2332 fuerunt
1705 2300 1732 2331 a
1748 2283 1942 2347 prelatis
1960 2297 2093 2330 more

323 2367 463 2415 solito
487 2367 728 2426 associati,
755 2368 863 2430 quia
889 2383 979 2430 ego
1003 2367 1135 2415 tarde
1156 2367 1280 2423 veni,
1299 2367 1401 2431 jam
1430 2383 1539 2414 cum
1559 2367 1789 2415 fecissent
1808 2381 1931 2430 pene
1953 2381 2096 2428 quar—

323 2456 419 2498 tam
461 2451 669 2510 itineris;
706 2451 860 2499 noluit
897 2451 1139 2499 immutari
1176 2450 1370 2513 aliquid,
1402 2451 1486 2498 sed
1524 2450 1718 2514 permisi
1762 2450 1829 2497 sic
1870 2448 2090 2497 transire.

323 2533 485 2581 Secuti
521 2538 629 2581 sunt
664 2550 747 2581 eos
780 2534 949 2598 prelati
982 2538 1039 2582 D.
1065 2537 1191 2597 Pape
1222 2538 1268 2582 et
1297 2533 1474 2582 familie
1509 2533 1822 2582 cardinalium
1849 2533 1898 2580 in
1922 2531 2097 2596 palatio

322 2616 587 2679 apostolico
610 2617 943 2677 residentium,
968 2622 1014 2666 et
1046 2617 1135 2665 feci
1164 2617 1268 2664 lieri
1297 2617 1509 2665 osticium
1538 2621 1585 2665 et
1612 2617 1705 2665 dici
1731 2616 1920 2674 Libera,
1943 2624 2027 2664 etc.
2050 2614 2097 2661 in

324 2699 482 2747 medio
513 2699 707 2748 basilice
730 2701 963 2763 predicte,
986 2705 1033 2749 et
1065 2701 1274 2764 prelatos
1302 2701 1494 2748 interim
1526 2700 1573 2747 in
1602 2700 1726 2748 illius
1754 2701 1902 2748 choro
1929 2699 2096 2747 sedere

324 2785 519 2843 propter
546 2781 837 2830 anxietatem
860 2783 1060 2846 capelle,
1086 2782 1329 2845 sepulture
1353 2798 1455 2840 sue,
1480 2782 1539 2829 ad
1564 2798 1724 2845 quam,
1750 2781 1911 2829 officio
1941 2779 2092 2837 finito,

283 2872 295 2875 “
323 2867 540 2925 portatus
562 2865 649 2911 fuit
667 2869 714 2912 et
734 2866 962 2928 sepultus,

391 2946 528 2994 Feria
549 2951 699 3006 sexta,
726 2951 752 2994 2
773 2948 980 3011 augusti,
1007 2951 1115 2995 ante
1137 2948 1282 3006 diem,
1307 2947 1510 2994 recessit
1530 2947 1653 2994 clam
1676 2951 1862 2995 secrete
1888 2961 1946 2995 ex
1968 2946 2093 2995 Urbe

328 3028 508 3078 lllmus.
542 3033 597 3078 D.
631 3030 903 3094 Alphonsus
938 3031 995 3079 de
1029 3030 1286 3094 Aragonia,
1315 3030 1409 3078 dux
1442 3029 1741 3088 Biseliarum,
1772 3028 1971 3077 maritus
2003 3031 2096 3077 Lu-

328 3113 475 3161 cretie
494 3114 686 3178 Borgie,
700 3114 793 3162 filie
815 3117 959 3178 Pape,
978 3115 1131 3162 iturus
1153 3114 1211 3162 ad
1232 3118 1383 3162 terras
1399 3113 1810 3162 Columniensium
1833 3117 1880 3161 et
1902 3112 2012 3161 inde
2034 3113 2097 3160 ad

326 3185 489 3259 regem
500 3198 884 3262 Neapolitanum,
898 3197 1079 3260 absque
1091 3198 1304 3258 licentia,
1319 3198 1439 3246 scitu
1454 3198 1749 3247 etvoluntate
1762 3197 2090 3262 Pontificis(1).

375 3346 405 3379 1.
437 3360 452 3375 «
541 3343 697 3381 ilducba
717 3344 752 3381 di
774 3344 903 3381 Bixeto
925 3343 1136 3393 (Bisceglie)
1158 3344 1286 3382 marito
1313 3345 1348 3380 di
1373 3344 1493 3381 donna
1518 3344 1699 3393 Lugrecia
1724 3355 1785 3382 era
1810 3343 1941 3392 partito
1961 3341 2097 3379 insalu-

322 3406 398 3439 tato
418 3403 574 3452 hospite,
597 3408 632 3440 et
657 3405 789 3441 andato
816 3417 837 3441 a
861 3403 1035 3441 Janizano
1062 3402 1140 3440 1000
1168 3403 1221 3440 dc'
1245 3402 1437 3441 Colonnesi
1459 3408 1493 3440 ct
1513 3416 1534 3440 a
1559 3404 1659 3441 lassa
1678 3403 1712 3440 la
1731 3402 1865 3452 moglie
1885 3403 2043 3451 gradem
2063 3400 2098 3438 di

320 3464 343 3498 6
363 3462 472 3507 mcxi,
495 3462 529 3499 la
548 3463 633 3511 qual
653 3463 688 3498 (11
711 3463 885 3500 continuo
907 3462 1033 3512 pianze
1040 3479 1136 3501 .....
1159 3464 1311 3509 Sanuto,
1336 3467 1360 3500 t.
1385 3463 1430 3507 11,
1454 3463 1520 3500 001.
1546 3464 1650 3501 1049.
