2216 3886
312 332 373 366 '166
913 331 1147 369 JOHANle
1175 333 1470 377 BURCHARDI,
1885 333 1963 374 [Mai
1986 335 2075 373 1498}

308 434 370 482 ita
394 434 522 497 quod
550 449 645 482 uon
673 434 824 498 possit
852 434 937 482 tibi
964 434 1145 497 imponi
1174 434 1302 496 quod
1330 449 1525 481 cessans
1553 448 1581 479 a
1607 432 1808 495 publicis
1841 434 2077 482 sermoni-

308 517 393 565 bus
419 520 464 566 te
485 517 777 565 convertaris
799 516 858 564 ad
880 516 1212 565 conventicula
1242 531 1251 562 :
1284 531 1427 578 quem
1455 515 1653 563 modum
1682 514 1880 563 omnino
1914 520 2077 565 teneas

307 600 460 649 donec
484 604 528 648 te
550 600 805 647 commode
828 604 874 646 et
896 615 1006 646 cum
1028 615 1085 646 ca
1104 599 1360 647 honestate
1382 614 1474 661 que
1497 599 1637 647 decet
1656 598 1956 662 religiosum,
1982 614 2080 647 non

307 685 523 748 stipatus,
555 688 606 730 ut
632 683 962 746 intelligimus,
993 680 1241 740 militibus,
1273 681 1429 750 possis
1457 680 1517 729 ad
1543 681 1838 745 presentiam
1866 683 2080 728 nostram

306 766 546 815 conferre.
578 765 860 815 Videbimus
895 764 1025 813 enim
1055 769 1102 812 te
1131 763 1270 811 hilari
1301 767 1348 811 et
1377 768 1578 827 paterno
1614 765 1794 823 animo,
1824 763 1899 812 vel
1929 762 2083 811 donec

305 849 540 897 maturius
562 848 884 897 deliberemus
906 863 1051 910 quem
1072 847 1270 895 modum
1292 846 1469 895 debeas
1490 847 1539 895 in
1560 847 1776 896 futurum
1803 852 1968 896 tenere
1989 846 2101 903 vel,.

309 933 346 980 si
374 932 514 981 nobis
537 931 788 992 videbitur,
826 931 1034 995 aliquem
1067 931 1297 980 idoneum
1330 935 1376 980 et
1405 932 1608 995 probum
1637 932 1792 981 virum
1823 932 2084 981 destinabi-

309 1035 434 1067 mus.
461 1019 597 1075 Quod
619 1018 657 1066 si
678 1015 867 1076 feceriS,
893 1018 945 1063 ut
966 1030 1231 1079 speramUS,
1261 1030 1319 1063 ex
1338 1031 1466 1062 nunc
1488 1015 1826 1078 suspendimus
1846 1015 2009 1064 brevia
2035 1018 2082 1063 et

308 1106 537 1150 contenta
562 1101 611 1148 in
640 1100 732 1148 illis
760 1114 853 1162 que
881 1097 1225 1160 adscripsimus
1252 1101 1298 1144 et
1327 1113 1656 1162 quascumque
1686 1099 1925 1147 clausulas
1946 1098 1995 1146 in
2016 1098 2083 1147 eis

309 1190 577 1245 contentas,
611 1189 662 1232 ut
694 1182 854 1246 quiete
884 1181 1040 1246 possis
1068 1180 1364 1230 conscientie
1387 1186 1464 1230 tue
1487 1198 1674 1231 vacare.
1708 1185 1884 1231 Datum
1914 1185 2082 1239 Rome,

308 1269 437 1333 apud
457 1272 675 1318 sanctum
697 1270 911 1325 Petrum,
942 1266 1019 1313 die
1042 1270 1177 1314 sexta
1198 1265 1388 1313 decima
1409 1266 1620 1314 octobris
1649 1270 1769 1315 1497
1800 1266 1883 1325 (1).

377 1351 642 1417 Responsio
667 1351 822 1398 fratris
848 1349 1124 1413 Hieronymi
1156 1350 1446 1398 Savonarole
1471 1350 1532 1398 ad
1556 1350 1885 1398 Alexandrum
1913 1365 2087 1414 papam

312 1442 515 1487 sextum.
690 1437 698 1441 ’

378 1518 659 1568 Beatissime
680 1523 834 1581 pater,
858 1522 968 1580 post
987 1507 1237 1565 beatorum
1263 1516 1441 1580 pedum
1464 1518 1643 1578 oscula,
1669 1517 1876 1568 exhibite
1897 1518 2089 1566 fuerunt

313 1603 462 1668 pridie
494 1603 633 1652 litere
669 1601 944 1649 Sanctitatis
976 1604 1132 1650 vestre
1163 1601 1415 1649 conventui
1449 1606 1615 1650 nostro
1646 1603 1695 1650 in
1725 1603 1880 1650 forma
1911 1601 2085 1659 brevis,

312 1687 485 1751 quibus
507 1688 795 1735 conventum
822 1684 952 1733 hunc
974 1689 1021 1733 et
1048 1687 1338 1733 conventum
1366 1686 1518 1733 sancti
1547 1685 1787 1735 Dominici
1813 1685 1874 1733 ad
1893 1685 2089 1734 Fesulas

309 1767 675 1834 congregationi
708 1767 995 1816 Lombardie
1025 1766 1243 1817 reunisse
1273 1769 1542 1830 intimabat,
1575 1773 1631 1817 et-
1647 1770 1843 1818 fratrem
1875 1767 2092 1816 Domini-

313 1869 422 1901 cum
456 1853 515 1902 de
549 1850 704 1902 Piscia
733 1854 782 1900 et
811 1851 1007 1899 fratrem
1040 1850 1277 1899 Thomam
1311 1852 1571 1900 Bussinum
1604 1857 1652 1900 et
1678 1853 1875 1902 fratrem
1903 1853 2092 1918 Sylves-

311 1941 434 1984 trem
465 1936 523 1984 de
554 1934 798 1984 Florentia
828 1935 1096 1984 Bononiam
1125 1935 1366 2000 proficisci
1398 1937 1635 1985 Sanctitas
1664 1941 1823 1986 vestra
1854 1936 2092 2002 precipie-

314 2019 417 2078 bat3
441 2019 585 2083 idque
606 2018 715 2068 ideo
738 2018 917 2067 sactum
941 2019 1044 2068 fore
1066 2020 1194 2082 quod
1214 2035 1304 2084 ego
1326 2020 1429 2084 ipse
1449 2020 1770 2085 Hieronymus
1792 2021 1944 2069 multa
1962 2021 2094 2070 fatua

315 2107 457 2167 atque
478 2103 527 2151 in
550 2101 829 2151 scandalum
848 2102 897 2150 in
918 2102 1134 2151 Ecclesia
1154 2102 1241 2151 Dei
1262 2103 1401 2152 facile
1419 2104 1633 2168 paritura
1653 2109 1822 2153 contra
1836 2104 2093 2153 canonicas

317 2186 590 2236 sanctiones
630 2185 834 2233 dixerim
871 2190 919 2234 et
952 2186 1144 2250 publice
1176 2188 1356 2251 populo
1392 2187 1763 2252 predicaverim,
1800 2203 2092 2251 causamque

316 2284 476 2317 meam
496 2268 735 2333 punitioni
757 2272 804 2316 et
825 2269 1089 2332 cognitioni
1111 2271 1348 2333 generalis
1371 2270 1535 2319 vicarii
1557 2271 1680 2319 dicte
1702 2269 2092 2335 congregationis

317 2368 403 2416 per
422 2352 539 2400 alias
561 2368 670 2401 suas
695 2343 859 2400 literas
885 2351 1210 2401 submittebat.
1243 2356 1370 2410 Quas
1396 2354 1558 2402 literas
1586 2354 1714 2404 bono
1743 2354 1903 2403 animo
1931 2359 1978 2403 et
1999 2370 2091 2418 qua

318 2435 479 2484 decuit
507 2435 774 2484 reverentia
804 2436 1121 2500 suscepimus,
1156 2436 1271 2485 dum
1303 2437 1616 2486 Sanctitatem
1643 2443 1854 2488 vestram
1881 2437 1941 2487 de
1969 2442 2093 2486 statu

320 2519 535 2568 Ecclesie
566 2524 613 2568 et
643 2519 702 2567 de
734 2519 887 2569 salute
922 2521 1191 2570 animarum
1223 2527 1495 2570 nostrarum
1527 2510 1779 2571 sollicitam
1806 2521 2091 2579 ostendunt3

322 2603 408 2652 sed
437 2602 676 2651 doluimus
705 2603 1021 2654 vehementer
1048 2621 1104 2653 ac
1131 2606 1351 2654 dolemus
1381 2606 1512 2670 quod
1541 2621 1598 2655 eo
1627 2613 1777 2670 usque
1804 2605 2097 2670 processerit

320 2687 572 2736 hominum
602 2687 783 2735 malitia
814 2692 865 2735 ut
898 2689 990 2736 sint
1016 2690 1097 2753 qui
1124 2690 1490 2738 etiam0summo
1523 2689 1739 2754 pontifici
1767 2705 1823 2738 ac
1850 2689 2022 2738 Christi
2047 2688 2097 2737 in

322 2775 450 2818 terra
462 2771 638 2818 vicario
657 2786 734 2819 res
750 2775 848 2820 tam
862 2772 1006 2821 falsas
1026 2777 1221 2836 tamque
1239 2788 1464 2837 perverse
1482 2773 1820 2837 interpretatas
1836 2788 2095 2837 suggerere

322 2868 419 2901 non
441 2853 818 2903 formidaverint.
849 2858 906 2903 Et
927 2856 1037 2919 quia
1061 2872 1118 2904 ex
1139 2857 1462 2920 predictarum
1486 2856 1734 2904 literarum
1757 2857 1881 2905 serie
1909 2858 2098 2904 constat

323 2935 469 2984 totius
488 2935 634 3000 hujus
657 2937 726 2985 rei
744 2938 971 2986 effectum
989 2954 1017 2986 a
1034 2954 1112 2987 me
1131 2943 1312 2988 asserte
1331 2940 1470 3003 culpe
1490 2955 1633 2987 causa
1649 2938 1910 3003 proficisci,
1931 2942 2097 3003 parcet

324 3019 442 3066 mihi
474 3019 686 3084 benigna
718 3020 955 3070 Sanctitas
985 3027 1157 3083 vestra,
1192 3022 1231 3070 si
1263 3038 1372 3087 ego,
1408 3026 1637 3086 tanquam
1668 3023 1707 3070 is
1738 3039 1766 3071 a
1794 3038 1889 3087 quo
1922 3022 2098 3071 dicitur

325 3103 438 3152 oriri
458 3103 550 3153 hec
571 3108 852 3168 tempestaS,
875 3120 1096 3154 meorum
1126 3110 1372 3170 gestorum
1398 3106 1649 3155 veritatem
1674 3111 1816 3171 atque
1846 3106 2096 3156 sincerita-

329 3193 443 3246 tem,
461 3188 587 3236 unde
605 3187 719 3236 boni
740 3189 891 3237 secuti
913 3193 960 3238 et
981 3189 1062 3253 qui
1081 3190 1215 3254 sequi
1239 3181 1494 3255 sperantur
1515 3189 1734 3250 effectus,
1752 3206 1780 3238 a
1800 3189 1931 3239 falsis
1953 3189 2097 3239 inter-

326 3271 693 3333 pretationibus,
718 3273 1064 3322 assertionibus
1097 3277 1144 3322 et
1177 3273 1565 3338 suggestionibus
1603 3274 1859 3323 defendam
1891 3290 1902 3322 ε
1937 3289 2094 3337 neque

379 3394 410 3432 1.
439 3392 594 3432 L'annee
615 3397 707 3433 1497
727 3394 867 3434 donnee
892 3409 957 3445 par
981 3397 1034 3434 les
1060 3408 1151 3436 mss.
1175 3402 1210 3435 et
1235 3396 1287 3435 les
1318 3396 1500 3446 imprimes
1529 3397 1604 3434 doit
1629 3400 1703 3435 etro
1731 3396 1891 3446 corrigee
1918 3409 1961 3434 en
1989 3396 2092 3440 1496,

330 3465 466 3490 comme
484 3453 515 3490 le
535 3455 722 3491 demontre
738 3454 874 3502 Villari,
898 3460 923 3493 t.
946 3456 975 3502 Ι,
996 3455 1020 3492 l.
1045 3455 1106 3500 111,
1129 3457 1185 3493 ch.
1210 3467 1244 3494 v,
1268 3453 1405 3504 1⁷».‘436‚
1427 3469 1463 3494 n.
1488 3459 1521 3495 1.
