2222 3926
297 322 366 358 218
908 317 1141 355 JOHANNIS
1175 316 1469 362 BURCHARD1‚
1797 318 1953 358 [Janvaer
1973 320 2067 360 1495]

299 422 515 487 exceptis
537 421 852 486 Neapolitano
874 424 920 469 et
943 419 1114 468 Ursino
1136 420 1217 483 qui
1239 420 1287 466 in
1307 418 1483 482 palatio
1505 417 1770 480 apostolico
1791 418 1839 466 in
1862 422 2065 471 cameris

298 523 384 571 per
417 505 771 554 sanctissimum
809 507 865 552 D.
902 507 1119 551 nostrum
1152 502 1268 564 ipsis
1302 499 1546 548 concessis
1582 499 1903 549 residentibus
1936 505 2068 567 pala-

298 591 414 639 tium
453 605 550 638 non
586 589 850 645 exiverunt,
893 602 983 633 nec
1020 599 1185 647 regem
1220 583 1379 647 ipsum
1415 582 1731 630 invisitarunt.
1773 583 2066 635 lnformave-

298 689 396 721 ram
425 677 584 719 autem
618 671 777 733 ipsum
810 683 976 731 regem
1008 666 1058 713 in
1084 666 1290 714 adventu
1318 682 1404 714 suo
1443 666 1503 714 ad
1532 666 1710 714 Urbem
1743 682 1853 715 cum
1883 685 1972 733 per
1999 674 2068 718 tot

296 754 530 817 milgiaria
551 752 692 800 simul
710 752 1039 814 loqueremur,
1063 749 1270 813 qualiter
1289 749 1557 798 cardinales
1585 750 1742 814 ipsum
1770 757 1931 802 essent
1956 753 2069 802 visi-

294 838 454 897 taturi,
486 837 588 900 ipse
617 850 701 884 eos
727 838 1028 897 recepturus,
1060 833 1481 898 associaturusque
1511 850 1660 897 usque
1690 836 1751 884 ad
1779 837 1953 895 scalas,
1983 837 2068 885 da-

296 929 432 971 turus
461 920 529 969 eis
558 919 806 967 dexteram
837 921 884 966 et
910 916 1002 965 alia
1030 916 1335 980 hujusmodi;
1370 917 1456 966 sed
1482 918 1623 967 aliter
1650 934 1701 967 se
1731 919 1917 980 habuit,
1950 920 2067 968 nulli

297 1005 485 1054 obviam
518 1003 663 1062 venit,
700 1001 884 1049 nullum
918 1000 1186 1060 associavit,
1225 1001 1322 1049 imo
1356 1017 1447 1050 nec
1480 1001 1555 1054 sui.
1582 1002 1802 1066 cuiquam
1829 1002 2068 1052 honorem

298 1089 449 1137 ullum
480 1087 696 1136 debitum
726 1084 1086 1150 impendebant.
1122 1084 1242 1132 Aula
1269 1085 1431 1148 palatii
1464 1101 1502 1133 3.
1537 1086 1703 1146 Marci,
1736 1102 1929 1135 camera
1956 1103 2070 1151 pro-

297 1172 521 1238 pinquior
547 1186 658 1219 cum
686 1185 773 1218 sua
799 1184 992 1218 camera
1014 1183 1100 1232 pro
1122 1167 1342 1217 custodia
1365 1168 1603 1217 dictorum
1625 1172 1672 1217 et
1692 1169 1893 1218 aliorum
1922 1172 2071 1218 Fran-

300 1270 468 1304 corum
490 1254 715 1318 deputate
736 1252 886 1317 paleis
913 1251 1054 1315 plene
1077 1255 1231 1311 erant,
1257 1256 1304 1299 et
1324 1251 1498 1314 paleati
1513 1252 1641 1300 sacci
1655 1268 1916 1316 numquam
1937 1269 2072 1301 mun-

300 1339 555 1387 dabantur.
589 1339 641 1384 ln
670 1336 821 1400 portis
852 1350 1154 1383 camerarum
1189 1339 1236 1382 et
1268 1334 1469 1382 caminis
1505 1334 1843 1398 affligebantur
1871 1337 2070 1385 candele

303 1440 362 1472 ex
382 1423 495 1471 feno
520 1422 757 1481 similiter,
786 1424 833 1469 et
851 1419 916 1467 illi
934 1417 1264 1483 pulcherrimi,
1287 1423 1333 1466 et
1357 1418 1519 1466 omnia
1531 1417 1833 1468 habebantur
1845 1420 1906 1468 ad
1922 1420 2072 1468 instar

302 1507 477 1555 stabuli
498 1521 760 1571 porcorumv
780 1509 866 1570 (1).

364 1590 503 1638 Feria
535 1593 685 1648 sexta,
723 1592 750 1636 2
778 1587 1004 1651 januarii,
1047 1587 1392 1635 Columnenses
1431 1590 1721 1649 receperunt
1759 1586 1879 1634 duos
1920 1602 2068 1650 equos

300 1678 411 1721 ante
442 1664 638 1720 domum
668 1671 793 1719 Rmi.
828 1674 886 1719 D.
912 1670 1167 1719 cardinalis
1196 1687 1234 1718 3.
1261 1669 1472 1718 Severini
1492 1674 1540 1717 et
1564 1669 1685 1716 duos
1707 1685 1852 1733 supra
1871 1675 2069 1733 pontem

303 1774 342 1805 3.
371 1756 542 1820 Angeli
569 1755 649 1819 qui
678 1758 815 1804 erant
841 1755 1084 1803 Hieremie
1106 1755 1165 1802 de
1190 1753 1421 1804 Vulteriis
1442 1759 1490 1803 et
1510 1769 1661 1802 unum
1682 1754 1808 1802 Rmi.
1834 1757 1891 1803 D.
1917 1754 2073 1802 cardi·

300 1840 421 1888 nalis
447 1856 486 1887 3.
512 1839 726 1903 Georgii3
751 1838 863 1886 inde
876 1837 1186 1902 projicientes
1207 1852 1373 1885 eorum
1389 1853 1660 1885 assessores
1677 1836 1726 1884 in
1743 1837 1827 1885 viis
1843 1837 2066 1901 publicis,

298 1923 445 1970 alium
475 1923 620 1970 etiam
652 1925 944 1986 receperunt
977 1937 1005 1969 a
1033 1923 1090 1969 D.
1127 1920 1278 1968 Mario
1317 1920 1518 1980 Millino,
1563 1921 1613 1969 in
1643 1921 1829 1970 stabulo
1875 1937 1979 1982 suo,
2020 1921 2068 1971 in

300 2022 395 2069 quo
418 2005 724 2070 quamplures
746 2005 867 2053 Galli
889 2008 1026 2053 erant
1045 2004 1290 2068 hospitati.

364 2089 593 2148 Sabbato,
643 2092 668 2136 3
725 2088 952 2152 januarii,
987 2087 1188 2151 spoliate
1235 2091 1282 2136 et
1329 2088 1589 2152 depredate
1623 2089 1818 2137 fuerunt
1856 2105 1944 2152 per
1980 2092 2071 2138 Co-

297 2174 579 2221 lumnenses
611 2176 658 2221 et
691 2171 853 2219 Gallos
880 2171 1054 2220 domus
1083 2170 1225 2219 electi
1254 2171 1601 2234 consanguinei
1636 2171 1826 2234 nepotis
1855 2172 1980 2219 Rmi.
2011 2175 2067 2221 D.

299 2255 553 2304 cardinalis
581 2254 901 2318 Neapolitani,
932 2253 1018 2302 filii
1037 2253 1201 2302 Jacobi
1224 2253 1282 2302 de
1305 2254 1569 2302 Comitibus
1591 2259 1638 2301 et
1659 2256 1717 2301 D.
1743 2254 2071 2304 Bartholomei

300 2339 346 2387 di
376 2342 523 2398 Luca,
549 2340 633 2387 SS.
664 2341 721 2386 D.
754 2340 810 2386 N.
841 2353 963 2402 pape
992 2337 1288 2385 cubicularii.
1323 2337 1460 2395 Galli,
1491 2341 1542 2385 ut
1573 2337 1833 2385 suo-modo
1856 2337 2073 2402 hospita—

303 2428 485 2481 rentur,
522 2422 692 2471 domos
725 2421 841 2469 hinc
874 2426 922 2469 et
954 2421 1065 2469 inde
1088 2420 1368 2484 aperiebant
1400 2420 1747 2480 etintroibant,
1773 2424 1906 2469 extra
1924 2423 2074 2486 proji-

300 2507 482 2555 cientes
499 2510 747 2571 patronos,
770 2519 920 2568 equos
939 2509 985 2552 et
1002 2503 1112 2563 alia,
1134 2504 1475 2553 comburentes
1491 2504 1668 2567 lignea,
1690 2505 2071 2565 commedenteS‚

299 2590 522 2638 bibentes
549 2604 640 2653 que
667 2588 717 2636 in
745 2587 862 2652 ipsis
893 2590 1029 2635 erant
1060 2587 1241 2650 absque
1279 2586 1481 2651 alicujus
1503 2588 1572 2635 rei
1604 2588 1861 2649 solutione,
1896 2606 1954 2638 ex
1980 2604 2075 2653 quo

302 2674 508 2722 surrexit
529 2688 733 2736 magnus
755 2687 921 2720 rumor
950 2671 997 2719 in
1025 2671 1227 2735 populo;
1252 2671 1380 2720 unde
1401 2672 1674 2721 ordinatum
1697 2677 1770 2722 est
1790 2678 1837 2723 et
1859 2673 1918 2722 de
1939 2688 2077 2721 man-

303 2756 414 2804 dato
445 2756 572 2819 regis
604 2755 804 2804 Francie
834 2771 922 2819 per
948 2754 1117 2802 urbem
1144 2754 1335 2818 publice
1363 2755 1713 2819 proclamatum
1740 2771 1802 2805 ne
1832 2755 1908 2804 cui
1935 2755 2076 2807 liceat

302 2839 499 2887 domum
519 2839 561 2886 vi
583 2839 760 2887 intrare
783 2838 870 2887 sub
891 2854 1015 2902 pena
1035 2838 1167 2886 furce
1190 2837 1277 2896 (2).

352 3020 383 3057 1.
413 3019 508 3056 Telle
529 3023 587 3056 est
605 3018 640 3055 la
658 3018 760 3064 lecon
781 3019 829 3054 du
847 3030 938 3056 mSS.
963 3019 1090 3064 13735,
1112 3019 1138 3057 f.
1159 3020 1219 3065 80,
1240 3018 1302 3066 qui
1323 3018 1459 3055 semble
1479 3021 1554 3056 etre
1573 3018 1608 3055 la
1619 3017 1703 3066 plus
1722 3021 1893 3057 correcte.
1914 3018 1965 3055 Le
1984 3030 2075 3058 mss.

305 3079 428 3126 Chigi,
449 3078 472 3116 1.
498 3079 525 3124 Ι,
548 3078 607 3125 11,
628 3077 653 3116 f.
675 3078 745 3114 443
773 3082 809 3115 et
833 3078 866 3114 le
885 3090 976 3114 mss.
1002 3079 1149 3123 55222,
1177 3078 1203 3116 f.
1230 3080 1265 3124 2,
1287 3079 1350 3126 qui
1377 3090 1422 3114 en
1443 3082 1499 3114 est
1524 3077 1558 3114 la
1577 3077 1680 3126 copie
1705 3082 1831 3114 exacte
1857 3078 1977 3114 donne
2000 3090 2008 3115 :
2035 3081 2078 3115 In

300 3140 421 3185 portis
441 3149 665 3174 camerarum
683 3141 717 3174 et
743 3139 896 3175 caminis
922 3139 1164 3184 affiqebantur
1188 3138 1331 3174 candele
1418 3138 1600 3179 similiter,
1628 3142 1663 3173 et
1688 3138 1746 3174 illi
1769 3138 2024 3184 pulcherrimi,
2044 3142 2077 3174 ct

303 3208 424 3234 omnes
441 3197 665 3234 habebantur
683 3198 732 3234 ad
750 3198 869 3234 instar
884 3197 1021 3233 stubuli
1035 3208 1242 3243 porcorum.
1263 3197 1312 3232 Le
1332 3208 1422 3234 mSS.
1439 3197 1483 3232 de
1498 3196 1667 3233 Florence
1689 3197 1769 3242 149,
1785 3197 1811 3236 f.
1829 3199 1913 3244 200,
1931 3198 2050 3235 donne
2067 3215 2075 3240 :

302 3270 321 3289 «
437 3255 595 3292 Candele
628 3267 674 3292 em
704 3257 789 3301 feno
821 3256 1005 3301 similiter,
1037 3259 1072 3292 ct
1099 3256 1162 3291 ille
1177 3255 1444 3301 pulcherrimus
1465 3256 1771 3302 Mappamundus,
1800 3261 1835 3293 et
1863 3258 2027 3295 omnia...
2056 3270 2075 3290 »

302 3316 352 3351 Le
371 3325 462 3351 mss.
490 3315 598 3361 5160,
627 3315 651 3351 f.
679 3316 764 3361 213,
794 3319 851 3352 est
875 3314 1024 3360 confus;
1049 3314 1081 3351 le
1106 3318 1204 3351 texte
1231 3315 1418 3361 d'Eccard,
1440 3315 1508 3355 eol.
1530 3316 1639 3364 2060,
1659 3327 1698 3352 se
1718 3315 1917 3364 rapproche
1937 3327 2028 3364 pour
2046 3315 2078 3351 le

301 3385 401 3418 sens,
423 3373 472 3409 du
492 3377 590 3410 texte
611 3373 704 3410 suivi
724 3373 782 3411 ici.

349 3433 387 3470 2.
421 3431 517 3468 Telle
538 3436 595 3468 est
614 3432 648 3469 la
668 3433 769 3478 lecon
789 3434 838 3470 du
858 3445 926 3471 ms.
951 3435 1032 3480 149,
1052 3434 1077 3471 f.
1099 3436 1183 3481 200,
1205 3443 1265 3481 v⁰;
1286 3434 1318 3472 le
1340 3434 1462 3483 Chigi,
1483 3435 1508 3473 f.
1531 3436 1613 3481 443,
1635 3439 1671 3472 et
1690 3434 1721 3472 le
1739 3436 1874 3472 5522.2
1891 3435 2078 3472 donnent:
