2202 3900
164 287 362 331 [Mai149‘ll
609 285 776 323 RERUM
812 284 1116 321 URBANARUM
1149 283 1497 322 COMMENTARH.
1875 288 1945 324 369

231 394 302 440 De
323 389 551 438 mandato
574 390 658 437 SS.
682 390 738 435 D.
758 389 815 435 N.
834 392 974 450 pape,
994 386 1250 434 mandatur
1271 387 1471 451 singulis
1494 386 1805 449 infrascriptis
1829 404 1942 450 qua-

167 480 307 523 tenus
342 474 417 522 die
437 473 578 538 jovis,
610 474 667 519 25
694 469 930 534 presentis
962 469 1144 518 mensis
1172 469 1306 528 maii,
1334 470 1602 518 festivitatis
1631 470 1942 518 sacratissimi

166 557 382 622 corporis
410 556 604 612 Christi,
637 555 725 603 sub
749 570 875 618 pena
902 553 1113 617 quinque
1142 553 1428 602 ducatorum
1458 554 1559 601 auri
1592 570 1785 602 camere
1807 570 1945 617 apos-

168 642 308 690 tolice
335 639 742 689 irremissabiliter
768 637 1180 702 applicandorum,
1215 637 1440 697 debeant,
1465 638 1587 685 hora
1612 654 1757 697 nona,
1785 638 1830 684 in
1858 653 1944 702 pa-

163 726 277 774 latio
299 724 563 789 apostolico
584 722 712 786 apud
727 726 946 769 sanctum
966 723 1178 777 Petrum,
1196 720 1320 767 intra
1334 720 1538 783 primam
1554 725 1741 784 portam
1763 720 1944 768 ibidem

164 809 211 856 in
246 809 396 867 curia,
428 823 539 856 cum
570 805 770 869 singulis
808 804 905 851 suis
937 802 1191 850 intorticiis
1224 803 1443 851 honestis
1475 808 1726 867 presentes
1760 820 1866 853 esse
1901 809 1947 853 et

167 893 338 941 exinde
366 889 791 956 processionaliter
820 902 878 935 eo
910 886 1077 934 ordine
1105 886 1387 948 procedere,
1413 891 1556 949 prout
1587 891 1751 935 Rmus.
1778 890 1835 935 D.
1866 903 1946 935 ca-

166 976 400 1025 merarius
422 972 680 1031 ordinabit,
705 986 761 1018 ac
781 968 1102 1033 personaliter
1129 984 1216 1016 sua
1240 968 1482 1017 intorticia
1504 969 1694 1018 deferre
1723 974 1771 1018 et
1793 985 1943 1033 usque

167 1058 227 1106 ad
245 1057 609 1122 processionem
631 1055 679 1102 in
701 1070 759 1102 ea
777 1066 1082 1117 permanere,
1109 1051 1198 1098 sub
1217 1051 1387 1100 eadem
1408 1067 1549 1116 pena.

232 1139 654 1190 Abbreviatoribus
677 1138 736 1185 de
757 1151 901 1200 parco
925 1135 1113 1199 majori,

233 1224 556 1288 Scriptoribus
578 1220 874 1286 apostolicis,

231 1307 655 1356 Abbreviatoribus
677 1305 736 1352 de
759 1318 905 1368 parco
927 1301 1103 1349 minori
1125 1307 1171 1349 et
1195 1317 1339 1365 parva
1358 1303 1560 1362 visione,

235 1390 634 1440 Sollicitatoribus
654 1389 906 1437 literarum
926 1387 1319 1452 apostolicarum,

232 1473 472 1538 Magistris
495 1472 696 1537 plumbi,

233 1556 574 1615 Bullatoribus,

240 1641 588 1690 Collectoribus
609 1639 809 1704 plumbi,

235 1725 478 1790 Magistris
502 1725 752 1787 utriusque
774 1722 987 1786 registri,

235 1810 558 1874 Scriptoribus
579 1808 931 1874 penitentiarie,

238 1894 444 1944 Notariis
468 1898 589 1951 rote,

239 1977 445 2026 Notariis
466 1975 699 2024 auditoris
723 1991 934 2023 camere.

241 2063 309 2107 De
346 2059 574 2107 mandato
612 2061 695 2107 SS.
741 2061 796 2106 D.
841 2062 897 2107 N.
943 2076 1084 2123 pape,
1128 2060 1378 2108 intimatur
1419 2060 1768 2107 locumtenenti
1814 2064 1868 2107 R.
1906 2060 1952 2106 in

173 2143 360 2192 Christo
388 2146 441 2191 P.
473 2142 655 2190 domini
685 2142 963 2190 Sanctitatis
993 2159 1078 2190 sue
1110 2143 1158 2189 in
1196 2143 1323 2190 alma
1354 2143 1479 2191 Urbe
1512 2148 1557 2190 et
1596 2143 1701 2206 ejus
1733 2142 1954 2190 districtu

174 2225 332 2275 vicarii
353 2225 611 2289 generaliS,
636 2225 765 2288 quod
792 2226 867 2274 die
892 2226 1016 2289 jovis
1048 2230 1106 2274 25
1136 2227 1376 2290 presentis
1404 2227 1585 2274 mensis
1617 2226 1747 2286 maii,
1775 2226 1954 2274 festivi—

176 2309 281 2357 tatis
310 2309 620 2356 sacratissimi
649 2309 865 2373 corporis
896 2309 1089 2368 Christi,
1119 2310 1239 2358 hora
1272 2326 1416 2365 nona,
1442 2310 1809 2374 processionem
1840 2310 1955 2357 cleri

176 2393 315 2441 Urbis
335 2392 383 2439 in
414 2392 572 2456 platea
603 2392 833 2455 principis
864 2393 1194 2456 apostolorum
1228 2409 1315 2456 per
1343 2393 1466 2440 viam
1494 2394 1764 2441 ordinatam
1797 2399 1842 2441 et
1870 2410 1956 2456 pa-

177 2481 329 2523 ratam
362 2475 423 2523 ad
458 2475 705 2522 basilicam
739 2476 1004 2539 predictam
1039 2491 1124 2524 suo
1159 2476 1326 2524 ordine
1361 2477 1625 2540 procedere
1663 2477 1820 2536 faciat,
1860 2493 1953 2524 non

177 2559 475 2626 expectando
497 2559 861 2621 processionem
884 2561 966 2607 SS.
990 2562 1046 2606 D.
1073 2562 1128 2607 N.
1151 2576 1291 2623 pape,
1316 2560 1389 2608 vel
1420 2561 1486 2607 illi
1519 2577 1568 2608 se
1598 2560 1917 2608 immiscendo
1944 2577 1951 2605 :

179 2643 434 2691 mandatur
455 2643 602 2691 etiam
627 2643 893 2691 camerario
925 2643 1041 2691 cleri
1062 2642 1285 2706 predicti,
1309 2644 1396 2691 sub
1418 2659 1544 2707 pena
1565 2643 1736 2692 decem
1759 2643 1956 2691 ducato-

178 2742 286 2774 rum
316 2741 508 2774 camere
539 2727 802 2789 apostolice
837 2726 1233 2775 irremissibiliter
1269 2728 1686 2791 applicandorum,
1723 2732 1957 2790 quatenus

174 2809 538 2873 processionem
565 2810 679 2858 cleri
710 2811 977 2875 prescripta
1006 2812 1124 2861 hora
1150 2816 1195 2861 et
1220 2811 1390 2860 ordine
1420 2811 1690 2875 prescripto
1713 2811 1953 2867 sollicitet,

179 2899 225 2941 et
245 2894 388 2942 faciat
408 2893 644 2958 premissa
665 2894 928 2943 observari.

245 2978 313 3025 De
331 2977 557 3025 mandato
580 2979 662 3025 SS.
688 2980 745 3025 D.
771 2980 827 3026 N.
852 2995 992 3043 pape,
1024 2979 1279 3028 mandatur
1300 2980 1500 3044 singulis
1521 2979 1837 3043 infrascriptis
1856 2994 1959 3026 cur-

181 3060 368 3107 soribus
390 3060 665 3109 Sanctitatis
688 3077 771 3110 sue
802 3062 930 3125 quod
953 3063 1040 3110 sub
1062 3079 1188 3127 pena
1209 3064 1419 3127 quinque
1443 3064 1728 3111 ducatorum
1751 3062 1852 3109 auri
1875 3077 1960 3125 per

181 3142 446 3207 quemlibet
472 3144 898 3193 contrafacientem
929 3146 1219 3195 incurrenda
1246 3151 1292 3195 et
1325 3163 1518 3195 camere
1546 3146 1812 3209 apostolice
1840 3145 1960 3192 irre-

183 3226 480 3274 missibiliter
518 3227 930 3290 applicandorum,
970 3229 1179 3278 debeant
1212 3229 1512 3293 processioni
1556 3228 1650 3276 diei
1693 3227 1958 3276 festivitatis

185 3309 495 3357 sacratissimi
524 3310 739 3373 corporis
770 3311 943 3359 Christi
982 3311 1198 3374 proxime
1230 3312 1390 3359 future
1427 3310 1749 3374 personaliter
1779 3326 1806 3356 a
1830 3309 1961 3373 priu-

183 3393 307 3457 cipio
339 3408 490 3456 usque
517 3391 577 3440 ad
605 3391 752 3442 finem
784 3394 1037 3452 interesse,
1072 3399 1119 3442 et
1153 3394 1356 3457 quilibet
1395 3408 1564 3442 eorum
1601 3393 1821 3459 officialis
1855 3391 1960 3438 illos

373 3507 406 3531 T.
435 3506 471 3530 Il·
1525 3488 1529 3491 ⁴
1728 3493 1775 3526 2'1
