2228 3938
170 337 439 379 [lanvier1493]
618 334 787 370 RERUM
821 332 1129 370 URBANARUM
1163 331 1515 369 COMMENTARII.
1916 335 1962 370 33

175 443 438 499 Romanus,
458 437 705 501 utriusque
723 436 846 501 juris
869 435 1055 506 doctor,
1082 439 1130 483 et
1150 449 1238 498 pro
1260 449 1319 483 ea
1337 433 1414 482 die
1430 433 1554 481 sedit
1568 433 1617 480 in
1633 448 1785 497 cappa
1799 450 1884 482 sua
1904 436 1964 483 ad

175 523 420 572 sinistram
442 526 505 570 R.
543 524 601 569 D.
634 519 914 585 Hieronymi
945 518 1004 567 de
1034 517 1291 577 porcariis,
1324 517 1604 566 vicedecani
1628 521 1731 565 rote
1753 535 1763 575 3
1789 517 1963 567 deinde

176 607 422 666 mercurii,
448 610 475 655 9
498 606 735 671 ejusdem,
764 604 888 653 sedit
921 604 971 651 in
989 603 1099 652 loco
1132 619 1218 650 suo
1247 607 1296 651 et
1331 601 1648 666 reassumpsit
1681 617 1852 650 causas
1880 618 1967 667 per

176 691 361 739 obitum
381 692 509 739 bone
538 690 773 740 memorie
797 687 1032 737 ‚Iohannis
1062 687 1279 751 episcopi
1308 686 1538 735 Nucerini
1568 686 1615 734 in
1645 687 1782 751 cujus
1802 686 1966 735 locum

174 775 408 824 successit
433 774 524 822 sibi
543 774 848 823 commissas.

242 859 382 907 Feria
417 859 577 919 tertia,
622 862 649 906 8
680 858 910 922 januarii,
953 857 1075 905 hora
1110 855 1363 920 vigesima,
1400 855 1488 904 suit
1518 857 1832 920 congregatio
1871 857 1966 905 sive

181 944 465 993 convocatio
502 942 720 991 omnium
753 940 1069 990 cardinalium
1102 940 1162 988 ab
1200 955 1258 988 ea
1286 955 1438 1003 usque
1476 940 1536 987 ad
1568 939 1761 987 tertiam
1797 939 1968 988 horam

181 1029 355 1086 noctiS,
380 1027 429 1074 in
451 1026 613 1090 quain
634 1025 878 1090 pontificis
898 1023 1145 1088 presentia
1163 1023 1250 1072 fuit
1266 1023 1588 1088 disceptatum
1610 1039 1754 1087 super
1778 1022 1970 1086 dispen-

184 1111 395 1159 sationes
423 1125 541 1174 quas
572 1108 914 1158 serenissimus
943 1107 1238 1158 Wladislaus
1270 1108 1479 1172 Ungarie
1509 1111 1556 1157 et
1591 1107 1828 1156 Bohemie
1861 1123 1965 1165 rex,

184 1195 265 1258 qui
287 1195 403 1243 alias
424 1194 485 1242 ad
502 1209 707 1258 regnum
729 1192 983 1253 Bohemie,
1003 1192 1132 1256 quod
1149 1197 1263 1240 tunc
1281 1193 1498 1241 nondum
1519 1192 1676 1240 fuerat
1697 1195 1964 1251 assecutuS,

181 1280 416 1343 aspirans,
441 1284 491 1327 ut
512 1278 632 1327 illud
648 1278 836 1326 facilius
867 1281 1230 1340 assequeretur,
1260 1292 1371 1326 cum
1397 1276 1529 1324 lllus.
1558 1278 1612 1323 D.
1639 1275 1851 1324 Barbara
1873 1275 1970 1323 filia

180 1364 426 1426 quondam
464 1362 649 1411 Alberti
686 1361 983 1410 marchionis
1024 1360 1476 1425 Brandeburgensis
1515 1360 1686 1409 relicta
1726 1360 1970 1424 quondam

178 1447 315 1496 ducis
338 1447 586 1497 Schelesie
608 1462 695 1511 per
722 1446 887 1510 legum
914 1449 1283 1510 procuratorem
1315 1445 1555 1493 contraxit
1584 1444 1966 1505 matrimonium,

178 1548 266 1596 per
284 1533 431 1581 verba
450 1531 668 1596 legitime
695 1531 754 1580 de
781 1530 997 1595 presenti
1019 1530 1068 1578 in
1089 1529 1213 1579 facie
1236 1529 1454 1579 Ecclesie
1488 1529 1772 1579 solemniter
1789 1534 1967 1587 ratum,

176 1632 233 1664 ac
270 1616 445 1665 deinde
470 1615 598 1664 dicto
627 1630 778 1679 regno
807 1614 1041 1663 Bohemie
1064 1618 1341 1678 assequuto,
1365 1619 1566 1662 vacante
1589 1629 1739 1678 regno
1763 1613 1970 1677 Ungaric

177 1716 268 1764 per
287 1700 470 1749 obitum
499 1700 579 1765 pie'
607 1699 845 1748 memorie
872 1698 1054 1747 Mathie
1080 1698 1208 1762 regis
1240 1698 1469 1762 Ungarie,
1505 1703 1559 1747 ut
1586 1701 1632 1747 et
1661 1697 1722 1746 ad
1747 1697 1866 1745 illud
1886 1713 1973 1761 per

177 1784 421 1848 principes
457 1784 594 1849 regni
625 1784 906 1848 eligeretur,
940 1782 1304 1832 matrimonium
1338 1799 1450 1832 cum
1485 1783 1619 1832 Illus.
1661 1781 1859 1831 domina
1894 1798 1971 1830 se-

185 1868 428 1916 renissimi
449 1868 741 1916 Ferdinandi
762 1867 1067 1931 Neapolitani
1086 1883 1142 1916 ac
1165 1867 1327 1916 Sicilie
1357 1868 1488 1932 regis
1506 1868 1625 1927 filia,
1651 1867 1820 1916 relicta
1858 1867 1971 1916 dicti

182 1951 364 1998 Mathie
396 1950 524 2014 regis
554 1950 781 2014 Ungarie,
812 1965 899 2013 per
926 1965 977 1997 se
1016 1950 1194 2012 ipsum,
1227 1966 1315 2014 per
1346 1951 1495 1999 verba
1522 1951 1582 2000 de
1614 1951 1829 2015 presenti
1852 1967 1970 1999 con-

183 2034 327 2082 traxit
347 2049 402 2082 ac
424 2033 539 2081 illud
561 2033 742 2082 carnali
764 2032 937 2097 copula
955 2032 1255 2097 subsequuta
1276 2034 1647 2094 consummavit,
1673 2050 1840 2083 secum
1864 2033 1969 2082 fieri

183 2116 475 2180 postulabat,
518 2120 570 2165 ut
604 2116 855 2180 premissis
888 2132 988 2163 non
1028 2116 1350 2177 obstantibus,
1382 2134 1493 2166 cum
1521 2118 1623 2182 jam
1658 2123 1788 2167 esset
1823 2118 1970 2167 etiam

182 2200 363 2249 dictum
388 2216 591 2266 regnum
623 2200 832 2265 Ungarie
860 2200 1063 2264 pacifice
1098 2206 1367 2263 assecutuS,
1405 2207 1571 2267 posset
1606 2202 1970 2251 matrimonium

184 2300 295 2332 cum
318 2284 378 2350 (1)
388 2322 506 2333 ......

251 2369 392 2419 Feria
424 2369 609 2434 quinta,
658 2371 715 2418 10
743 2367 970 2434 januarii,
1014 2369 1145 2418 lllus.
1189 2369 1417 2436 princeps
1454 2373 1562 2420 Don
1595 2369 1870 2419 Fridericus
1911 2370 1969 2418 de

182 2454 409 2517 Aragona
445 2452 675 2517 princeps
710 2452 975 2512 Altamure,
1012 2451 1110 2499 dux
1144 2452 1448 2512 Andriensis,
1482 2455 1621 2518 regni
1655 2454 1967 2514 admiraldus,

184 2536 485 2586 serenissimi
504 2535 796 2585 Ferdinandi
818 2535 1122 2600 Neapolitani
1145 2539 1193 2584 et
1211 2536 1374 2586 Sicilie
1397 2538 1527 2603 regis
1541 2538 1967 2603 secundogenitus,

184 2637 242 2670 ex
263 2620 438 2685 palatio
460 2621 587 2668 Rmi.
610 2623 667 2668 D.
693 2619 952 2668 cardinalis
978 2620 1132 2668 sancti
1161 2620 1288 2670 Petri
1313 2621 1374 2669 ad
1402 2622 1610 2672 Vincula
1630 2624 1757 2687 apud
1777 2627 1970 2671 sanctos

183 2705 459 2770 Apostolos,
498 2704 548 2752 in
588 2720 683 2769 quo
731 2703 1002 2768 hospitatus
1047 2703 1223 2764 fuerat,
1255 2705 1478 2769 equitans
1518 2711 1629 2755 ante
1675 2707 1873 2756 domum
1910 2707 1970 2755 de

183 2788 405 2837 Maximis
434 2804 522 2853 per
549 2804 775 2854 campum
797 2788 956 2848 Flore,
984 2788 1196 2853 plateam
1225 2793 1247 2838 J
1255 2790 1490 2839 udeorum
1522 2796 1570 2840 et
1597 2795 1788 2856 portam
1816 2790 1969 2839 sancti

186 2873 319 2922 Pauli
351 2873 494 2922 exivit
527 2872 724 2932 Urbem,
748 2871 936 2935 galeam
970 2870 1019 2918 in
1049 2871 1176 2920 volta
1199 2871 1259 2937 (2)
1284 2875 1333 2921 S.
1360 2873 1491 2921 Pauli
1510 2889 1621 2922 cum
1643 2861 1830 2923 duabus
1864 2873 1969 2921 aliis

186 2957 335 3022 galeis
363 2957 545 3006 ibidem
575 2971 663 3021 pro
701 2955 883 3003 familia
915 2971 1000 3003 sua
1032 2955 1210 3019 paratis
1241 2956 1399 3021 ipsum
1423 2963 1763 3022 expectantem
1798 2962 1846 3007 et
1879 2956 1970 3005 sibi

185 3044 400 3104 paratam
419 3040 701 3100 intraturus,
721 3043 769 3088 et
789 3055 878 3104 per
891 3054 1027 3088 mare
1043 3040 1297 3103 Neapolim
1315 3041 1572 3091 rediturus.
1595 3045 1778 3091 Etcum
1798 3042 1965 3091 RRmi.

187 3125 286 3171 DD.
329 3125 598 3175 cardinales
638 3125 985 3189 Neapolitanus
1017 3128 1065 3173 et
1105 3126 1353 3187 SenensiS,
1397 3127 1524 3192 regis
1565 3127 1771 3191 predicti
1811 3131 1858 3176 et
1899 3126 1970 3174 sui

189 3204 453 3269 singulares
474 3209 634 3270 amici,
659 3209 741 3274 qui
759 3208 892 3273 prius
914 3208 1070 3257 mulas
1089 3224 1201 3257 cum
1226 3210 1324 3257 suis
1351 3210 1546 3259 familiis
1577 3210 1898 3259 ascenderant
1924 3213 1971 3258 et

235 3354 269 3393 1.
298 3355 442 3391 Lacune
463 3354 555 3391 dans
574 3358 656 3393 tous
676 3355 728 3395 les
747 3357 981 3396 manuscrits.
1000 3328 1097 3408 -Voy.
1122 3358 1281 3405 Rinaldi,
1304 3363 1330 3397 t.
1353 3359 1469 3406 XXX,
1493 3366 1535 3396 n⁰
1554 3360 1613 3406 32,
1634 3372 1671 3410 p.
1696 3361 1776 3398 191.

230 3416 267 3452 2.
294 3417 336 3452 In
357 3414 451 3451 viola
477 3410 569 3450 (lans
586 3416 668 3453 tous
687 3414 740 3454 les
760 3417 992 3464 manuscrits,
1016 3418 1100 3455 sauf
1116 3415 1209 3456 celui
1230 3417 1274 3456 de
1294 3418 1468 3458 Florence
1490 3421 1557 3458 149
1580 3420 1656 3468 (fol.
1679 3421 1754 3467 24),
1771 3419 1833 3468 qui
1851 3419 1969 3456 donne

190 3476 228 3512 ἰη
248 3476 357 3512 volta.

375 3565 409 3591 τ.
438 3565 475 3589 11.
796 3586 798 3588 .
1758 3559 1780 3594 3
