2202 3926
116 332 223 373 [Mars
246 330 337 370 1493]
560 325 728 363 RERUM
762 324 1066 382 URBANARUM
1100 325 1458 362 COMMENTARII.
1868 333 1914 369 45

116 433 299 483 Deinde
318 446 521 481 ascenso
543 446 686 494 equo,
709 429 791 478 ubi
812 428 1134 478 descenderat
1153 444 1241 492 per
1262 445 1300 476 s.
1327 429 1578 490 Basilium,
1605 448 1644 478 s.
1670 435 1906 492 Marcum,

115 515 452 575 Pelliciariam,
478 515 677 562 domum
699 512 758 562 de
780 512 1020 571 Maximis,
1053 512 1286 576 palatium
1317 512 1576 561 cardinalis
1602 515 1903 578 Neapolitani

112 606 159 650 et
184 600 458 659 Parionem,
483 614 703 647 reversus
726 602 800 646 est
821 598 883 646 ad
904 597 1155 662 palatium.

182 684 303 734 Huic
329 686 494 732 nostre
517 682 797 747 equitationi
818 698 996 746 magna
1017 682 1158 746 copia
1178 681 1398 746 gentium
1421 698 1667 732 armorum
1688 684 1904 733 interfuit

118 773 280 834 preter
315 768 526 827 solitum,
563 766 695 831 quod
727 766 786 815 ab
820 765 1045 814 omnibus
1079 766 1168 814 fuit
1200 765 1361 814 minus
1385 766 1634 815 laudatum
1667 768 1750 831 (1).
1790 771 1909 818 Nam

117 853 340 902 ordinem
384 855 623 910 nostrum,
674 850 896 899 videlicet
941 850 1128 899 valisias
1171 849 1515 912 cardinalium,
1567 857 1912 916 precesserunt

118 937 279 1002 plures
306 935 550 984 balestarii
581 939 628 983 et
657 939 850 998 squatre
882 933 1099 997 gentium
1127 949 1376 983 armorum
1405 939 1452 982 et
1475 937 1787 1001 quamplures
1818 938 1909 986 alic

117 1027 227 1071 sunt
259 1021 470 1086 prelatos
506 1023 616 1083 post
651 1018 936 1083 pontificem
979 1017 1252 1081 equitantes
1291 1023 1458 1068 secute
1496 1035 1606 1074 cum
1641 1020 1824 1070 lanceis
1862 1026 1910 1070 et

116 1106 272 1170 plenis
293 1104 458 1153 armis.
484 1103 788 1152 Gubernator
808 1102 953 1151 etiam
976 1101 1117 1150 Urbis
1133 1118 1246 1151 cum
1262 1105 1688 1154 conservatoribus
1710 1110 1758 1154 et
1776 1108 1910 1171 capi-

115 1189 242 1237 tibus
263 1187 501 1251 aliquibus
522 1187 797 1252 regionum,
823 1186 1054 1252 barigello
1077 1192 1125 1236 et
1143 1187 1307 1236 multis
1330 1188 1577 1252 gentibuS,
1597 1190 1839 1254 equitibus
1863 1195 1910 1240 et

116 1271 357 1337 peditibus
375 1272 424 1319 in
447 1271 646 1320 diversis
672 1272 995 1336 positionibus
1023 1276 1071 1321 et
1092 1272 1213 1321 locis
1235 1288 1290 1322 ac
1313 1273 1486 1336 plateis
1507 1274 1726 1338 pontifici
1746 1280 1909 1340 prete—

115 1356 273 1406 reunti
311 1372 362 1405 se
397 1361 755 1421 presentarunt.
800 1357 1045 1405 Ordinavit
1085 1361 1344 1422 propterea
1379 1358 1619 1407 Sanctitas
1659 1375 1747 1408 sua
1778 1361 1909 1425 quod

116 1441 358 1506 capitanei
379 1441 595 1490 Ecclesie
625 1446 673 1490 et
698 1446 838 1506 porte
858 1441 1042 1507 palatii,
1067 1441 1195 1491 inter
1216 1442 1488 1491 cardinales
1520 1447 1567 1491 et
1591 1443 1907 1492 Sanctitatem

117 1542 254 1574 suam
276 1525 575 1586 incederent,
601 1531 648 1574 et
675 1529 777 1574 DD.
814 1528 1100 1584 Sermonete
1132 1531 1181 1576 et
1209 1526 1414 1591 Corrigii
1443 1531 1491 1576 et
1521 1526 1658 1575 multi
1679 1527 1759 1575 alii
1789 1543 1907 1591 gen·

112 1612 230 1660 tium
263 1627 508 1660 armorum
542 1611 887 1671 conductores,
917 1617 1029 1675 post
1058 1611 1274 1661 medicos
1303 1615 1351 1660 et
1378 1616 1490 1660 ante
1522 1612 1734 1675 prelatos
1760 1612 1907 1660 assis-

111 1700 267 1745 tentes
303 1695 620 1744 Sanctitatem
669 1712 806 1744 suam
850 1700 1186 1760 sequerentur,
1220 1699 1363 1761 prout
1398 1700 1446 1745 et
1480 1696 1662 1744 factum
1697 1696 1787 1743 fuit
1821 1712 1909 1760 per

116 1784 268 1829 totam
287 1781 498 1845 plateam
525 1797 564 1828 s.
590 1780 734 1841 Petri,
760 1785 807 1829 et
836 1796 988 1844 usque
1017 1780 1147 1830 circa
1169 1781 1369 1828 domum
1400 1783 1458 1828 D.
1487 1780 1713 1845 Episcopi
1740 1780 1907 1830 Vulte-

116 1865 336 1913 ranensis
362 1883 370 1912 :
395 1865 523 1928 quod
549 1880 641 1928 ego
665 1879 944 1928 perversum
971 1865 1191 1914 ordinem
1216 1881 1442 1919 cernens,
1467 1863 1565 1912 dixi
1588 1866 1671 1912 SS.
1694 1866 1753 1912 D.
1775 1866 1832 1913 N.
1859 1864 1906 1912 id

116 1964 421 2012 nequaquam
447 1947 724 2007 convenire,
754 1948 893 1996 bonis
917 1949 1312 2012 persuasionibus
1335 1948 1586 1997 Sanctitati
1614 1964 1700 1997 sue
1723 1948 1905 2013 suppli-

115 2048 230 2080 cans
263 2032 393 2096 quod
423 2031 493 2080 eis
520 2032 683 2080 locum
711 2047 878 2080 eorum
914 2032 1017 2080 dari
1049 2037 1316 2097 pateretur,
1352 2047 1446 2096 que
1476 2032 1595 2080 mihi
1628 2031 1745 2080 dixit
1775 2031 1907 2095 quod

118 2132 202 2166 eos
223 2122 334 2166 ante
353 2116 631 2181 capitaneos
651 2115 896 2180 predictos
919 2121 966 2164 et
986 2121 1095 2181 post
1111 2132 1281 2165 omnes
1300 2116 1569 2165 cardinales
1591 2115 1901 2165 collocarem.

115 2201 363 2250 Intellecto
386 2205 547 2251 tamen
574 2217 603 2249 a
623 2217 702 2250 me
724 2201 855 2266 quod
881 2201 930 2248 id
959 2204 1168 2250 RRmos.
1203 2204 1304 2250 DD.
1341 2201 1610 2250 cardinales
1645 2201 1905 2266 plurimum

117 2285 319 2348 lederet,
357 2285 599 2334 commisit
641 2285 761 2334 mihi
803 2290 855 2335 ut
901 2285 970 2334 eis
1005 2286 1174 2336 locum«
1202 2286 1370 2336 darem
1406 2290 1518 2336 ante
1559 2301 1756 2335 crucem
1797 2288 1939 2350 post·

118 2433 163 2458 en
185 2420 290 2468 1764,
312 2426 348 2460 et
367 2434 438 2460 une
459 2426 562 2460 autre
582 2420 817 2461 dissertation
838 2423 886 2460 du
907 2426 1023 2460 meme
1043 2427 1173 2461 auteur
1192 2436 1256 2461 sur
1273 2422 1306 2461 16
1326 2424 1442 2461 meme
1464 2421 1559 2474 sujet
1576 2422 1692 2461 :Dell’
1704 2436 1825 2461 errore
1846 2420 1907 2461 che

114 2484 274 2529 persiste
301 2482 388 2520 nell’
411 2484 623 2521 attribuirsi
655 2485 687 2521 le
713 2486 858 2531 pitture
884 2485 921 2521 al
945 2484 1059 2521 Sanco
1078 2483 1329 2532 Evanqelista,
1365 2484 1401 2521 in
1430 2484 1592 2532 Firenze,
1624 2483 1728 2530 1766,
1757 2480 1836 2521 in-8
1862 2485 1906 2522 de

118 2542 164 2578 24
185 2554 313 2591 pagos,

163 2603 195 2639 1.
224 2603 529 2642 L'ambassadeur
547 2604 670 2642 Valori
690 2604 840 2643 ecrivait
858 2607 880 2642 a
896 2605 932 2642 la
951 2605 1156 2654 seigneurie
1177 2605 1221 2643 de
1242 2605 1416 2643 Florencc
1441 2618 1449 2643 :

164 2677 181 2695 «
270 2663 356 2701 Hier
381 2664 532 2702 mattina
550 2665 682 2702 Nostro
713 2665 871 2714 Signore
897 2665 1096 2703 chavalcho
1123 2677 1144 2703 a
1170 2666 1209 2703 S.
1233 2664 1350 2703 Maria
1375 2666 1564 2715 maggiore
1586 2663 1678 2703 dove
1704 2663 1743 2703 fu
1766 2664 1801 2704 la
1829 2669 1904 2704 sta-

117 2718 213 2759 tione
234 2722 270 2759 in
290 2724 568 2762 Pontificalibus
593 2737 695 2762 come
715 2729 734 2762 e
754 2730 943 2772 consueto,
970 2738 1030 2763 ma
1055 2738 1123 2763 oon
1151 2726 1399 2775 grandissima
1424 2738 1570 2775 pompa.
1600 2725 1644 2764 Et
1670 2730 1802 2775 questa
1828 2739 1848 2764 e
1874 2725 1910 2764 la

118 2782 233 2830 prima
251 2783 361 2830 volta,
381 2784 442 2833 poi
461 2785 500 2822 fu
521 2790 707 2831 coronato,
729 2786 797 2823 che
816 2786 901 2823 abbi
921 2785 1158 2824 chavalchato
1178 2798 1243 2835 per
1262 2785 1392 2823 Roma.
1422 2786 1520 2823 Oltre
1542 2786 1576 2823 al
1601 2790 1778 2824 consueto
1808 2786 1908 2835 degli

118 2841 198 2879 altri
218 2840 410 2890 pontefici,
431 2844 466 2881 la
485 2845 526 2883 S.
549 2846 714 2883 Sanctita
732 2846 871 2883 haveva
884 2845 1028 2883 dinanzi
1046 2845 1092 2883 ad
1107 2858 1146 2883 se
1165 2850 1219 2883 tre
1241 2846 1398 2893 squadre
1420 2846 1456 2883 di
1475 2845 1603 2883 cavalli
1624 2845 1751 2895 legieri
1771 2852 1907 2885 armate

119 2899 154 2938 di
181 2899 262 2939 tutti
288 2913 399 2950 arme,
429 2916 448 2942 e
473 2902 706 2954 privigionati
737 2906 833 2943 della
860 2906 1014 2955 guardia
1039 2906 1076 2942 in
1105 2905 1273 2943 corazina
1299 2916 1367 2943 con
1399 2905 1604 2956 corgierini,
1638 2902 1842 2955 partigiane
1872 2912 1908 2944 et

122 2961 385 3001 inbracciature
422 2964 460 3001 in
490 2966 598 3002 modo
630 2966 696 3002 che
734 2965 769 3004 la
801 2959 919 3003 crocie
949 2970 1054 3015 porta
1084 2966 1206 3003 avanti
1237 2978 1259 3004 a
1288 2978 1384 3015 pena
1416 2965 1446 3003 si
1477 2966 1628 3003 vedeva.
1665 2966 1807 3003 Drietro
1837 2966 1907 3003 alla

124 3021 163 3059 S.
186 3022 330 3061 Santita
354 3025 540 3062 andarono
566 3025 636 3062 due
663 3026 820 3074 squadre
841 3026 877 3063 di
897 3030 1006 3075 gente
1032 3026 1167 3063 d'arme
1187 3038 1256 3063 con
1281 3026 1397 3063 lancie
1422 3025 1562 3074 lunghe
1582 3028 1718 3063 armate
1745 3037 1846 3063 come
1867 3037 1906 3062 se

122 3080 319 3120 andassino
342 3095 364 3121 a
382 3082 604 3122 combattere
626 3094 635 3122 t
656 3085 723 3122 che
748 3089 879 3135 questo
905 3084 1012 3123 etiam
1035 3090 1197 3135 ternpore
1224 3086 1308 3123 belli
1328 3084 1353 3122 li
1373 3084 1453 3122 altri
1479 3085 1657 3122 Pontefici
1683 3084 1755 3122 mai
1784 3086 1906 3123 hanno

120 3145 293 3179 consueto
322 3143 411 3182 fare.
445 3145 515 3181 Per
544 3149 638 3183 tutto
671 3146 789 3184 Roma
813 3149 833 3183 e
860 3150 942 3184 suto
968 3146 1107 3195 parlato
1139 3146 1238 3183 assai
1270 3145 1307 3182 di
1337 3149 1468 3194 questo
1500 3145 1609 3182 modo
1643 3149 1679 3183 et
1709 3145 1906 3183 biasimato

122 3200 402 3249 generalmente,
423 3216 497 3242 non
516 3206 670 3243 mancho
691 3218 755 3255 per
774 3218 896 3244 essere
916 3206 1132 3244 inconsueto
1152 3211 1187 3243 et
1207 3218 1270 3256 per
1288 3218 1363 3243 non
1383 3204 1590 3242 convenirsi
1607 3205 1653 3240 ad
1676 3217 1747 3242 uno
1769 3206 1904 3242 Ponte-

123 3256 189 3294 fice
210 3259 378 3297 andando
397 3263 552 3302 maxime
572 3266 618 3302 ad
642 3277 714 3302 una
734 3265 972 3304 devotione...
1024 3300 1026 3302 ,

170 3338 188 3357 «
216 3323 343 3370 Rome,
367 3326 423 3364 die
443 3327 568 3367 ultimo
589 3331 771 3378 februarii,
795 3332 888 3369 1492
909 3332 1053 3380 (1493),
1076 3331 1168 3369 hora
1188 3341 1262 3369 xvi.

902 3404 1077 3443 «Servus
1104 3405 1300 3441 Pmmrrus
1325 3402 1508 3442 VALomcs
1535 3408 1627 3441 orat.
1660 3418 1678 3437 n

175 3476 364 3523 (ΑνεΙιίι-ἱο
384 3477 542 3518 Floreat.
564 3479 702 3520 Letcere
723 3481 800 3528 (ιῃίὶ
820 3482 844 3518 8
863 3483 904 3519 dt
923 3484 1083 3525 Pralica,
1110 3481 1201 3528 clas.
1224 3481 1271 3528 X,
1293 3481 1379 3521 dist.
1401 3484 1438 3528 6,
1460 3495 1496 3520 n.
1518 3484 1554 3528 9,
1576 3495 1609 3519 a.
1633 3494 1665 3519 c.
1687 3481 1787 3526 247.)
