2202 3900
274 301 343 335 :368
872 300 1106 337 JOHANNIS
1139 300 1433 344 BURCHARDI,
1852 302 1931 342 [Mai
1955 303 2045 342 1497]

340 402 608 462 Dominica,
626 402 746 449 festo
763 401 1061 449 sanctissime
1075 402 1332 459 Trinitatis,
1354 404 1519 447 RmuS.
1537 402 1594 446 D.
1612 400 1867 447 cardinalis
1883 418 1919 450 s.
1934 402 2044 450 Dio-

275 485 395 548 nysii
410 485 669 534 celebravit
689 484 885 532 missam
911 484 1178 531 solemnem
1198 484 1246 529 in
1268 483 1394 529 dicta
1415 481 1615 544 capella,
1636 482 1766 543 Papa
1784 487 2011 542 presente
2030 500 2039 530 :

275 584 549 616 sermonem
586 568 698 615 fecit
739 567 888 615 frater
918 568 1094 628 Lippus
1130 567 1299 621 CecuS,
1336 564 1585 627 professus
1615 562 1795 611 ordinis
1834 563 2045 613 heremi-

274 654 427 698 tarum
447 667 483 699 s.
507 649 777 712 Augustini.
802 649 905 695 Alia
928 662 1062 694 more
1096 647 1234 694 solito
1258 650 1367 694 sunt
1389 647 1656 695 observata.

335 732 472 779 Feria
493 730 722 787 secunda,
743 729 830 776 fuit
851 728 1192 776 consistorium
1224 731 1465 776 secretum
1485 728 1534 775 in
1555 744 1650 791 quo
1673 732 1838 777 RmuS.
1865 733 1921 778 D.
1947 745 2047 778 car-

270 813 441 860 dinalis
462 813 520 859 de
543 812 824 875 Borgiafuit
853 811 1198 875 pronunciatus
1221 816 1268 859 et
1297 816 1486 859 creatus
1506 811 1692 875 legatus
1718 813 1778 860 ad
1805 813 2044 861 civitatem

268 901 314 944 et
353 896 635 943 comitatum
675 895 887 955 Perusie,
925 901 972 943 et
1013 898 1284 958 propterea,
1325 894 1608 943 consistorio
1656 896 1810 955 finito,
1850 897 1909 944 ab
1940 912 2044 944 om-

269 974 405 1027 nibus
443 978 759 1026 cardinalibus
788 982 860 1026 est
897 978 1213 1041 collegialiter
1251 992 1401 1040 usque
1443 977 1503 1025 ad
1536 994 1777 1027 cameram
1812 995 1896 1028 sue
1925 979 2045 1027 resi-

269 1063 427 1110 dentie
450 1078 592 1125 quam
612 1062 660 1108 in
681 1061 856 1125 palatio
875 1061 1140 1124 apostolico
1159 1060 1386 1118 habebat,
1405 1061 1690 1121 associatus,
1713 1062 1794 1109 ubi
1818 1061 2043 1110 omnibus

269 1161 355 1208 pro
376 1161 512 1193 more
535 1145 710 1209 gratias
731 1145 849 1208 egit.

334 1231 386 1276 In
416 1228 588 1278 eodem
616 1227 922 1287 consistorio,
954 1227 1041 1274 fuit
1079 1227 1351 1275 ordinatum
1384 1226 1514 1290 quod
1547 1227 1713 1275 RRmi.
1748 1230 1848 1276 DD.
1887 1229 2044 1278 cardi-

270 1311 402 1358 nales
425 1301 651 1359 ornarent
680 1311 803 1358 viam
831 1309 1171 1372 processionis,
1196 1326 1282 1374 pro
1310 1310 1386 1357 die
1418 1310 1634 1372 corporis
1656 1311 1850 1371 Christi,
1875 1312 2045 1375 pannis

271 1393 330 1440 de
358 1409 520 1441 arazzo
544 1398 590 1442 et
617 1394 766 1441 auleis
782 1394 920 1457 juxta
940 1392 1325 1441 distributionem
1354 1409 1442 1456 per
1470 1394 1700 1441 forrerios
1722 1394 1839 1458 ipsis
1864 1396 2045 1444 facien-

273 1476 400 1536 dam,
417 1481 557 1540 prout
579 1482 626 1524 et
645 1478 826 1525 factum
848 1481 937 1536 est,
959 1481 1006 1525 et
1027 1477 1155 1539 quod
1175 1477 1420 1540 processio
1436 1477 1618 1525 veniret
1641 1494 1791 1541 usque
1813 1479 1873 1527 ad
1892 1480 2045 1528 aciem

275 1559 445 1607 domus
479 1561 603 1609 bone
641 1561 874 1609 memorie
915 1561 1169 1609 cardinalis
1208 1562 1359 1609 sancti
1397 1562 1675 1622 Clementis,
1713 1567 1758 1610 et
1796 1579 1883 1626 per
1922 1564 2046 1612 viam

277 1645 502 1706 Sanctam
525 1644 585 1692 ad
605 1645 852 1692 basilicam
872 1644 1024 1692 sancti
1046 1643 1191 1702 Petri,
1219 1644 1346 1706 quod
1368 1644 1456 1692 fuit
1478 1645 1802 1692 observatum.

342 1727 478 1775 Feria
514 1728 670 1786 tertia,
702 1731 760 1775 23
787 1727 967 1775 mensis
998 1727 1128 1785 maii,
1164 1727 1222 1774 de
1255 1742 1496 1798 consensu
1521 1727 1644 1774 Rmi.
1680 1730 1737 1774 D.
1772 1729 2042 1788 camerarii,

275 1810 367 1858 feci
400 1810 592 1858 cedulas
620 1810 975 1858 intimationum
1012 1809 1280 1857 fiendarum
1308 1809 1591 1857 officialibus
1622 1826 1707 1873 pro
1735 1811 2045 1874 processione

275 1893 384 1941 festi
413 1893 701 1941 sanctissimi
729 1893 943 1956 corporis
972 1893 1147 1941 Christi
1175 1909 1291 1956 quas
1323 1893 1488 1940 RRmi.
1525 1896 1624 1941 DD.
1665 1893 1753 1941 sub
1785 1909 1869 1941 suo
1898 1909 2044 1956 parvo

274 1976 429 2040 sigillo
460 1976 702 2024 faciebant
732 1976 959 2040 sigillare,
991 1981 1036 2024 et
1073 1991 1162 2039 ego
1189 1992 1276 2040 per
1305 1991 1528 2024 cursores
1559 1979 1685 2039 Pape
1708 1976 1906 2040 singulis
1933 1976 2047 2024 inti-

272 2059 391 2107 mari
417 2059 526 2119 feci,
548 2076 751 2123 quarum
773 2065 966 2108 tenores
988 2059 1111 2107 infra
1132 2064 1415 2122 sequuntur.
1447 2062 1515 2106 De
1543 2059 1770 2107 mandato
1794 2060 1877 2107 SS.
1905 2062 1962 2106 D.
1986 2061 2041 2106 N.

272 2158 394 2206 pape
428 2143 629 2206 singulis
667 2142 981 2206 infrascriptis
1021 2142 1267 2190 intimatur
1305 2149 1540 2205 quatenus
1578 2142 1666 2190 sub
1706 2159 1833 2206 pena
1876 2141 2047 2190 decem

274 2225 556 2274 ducatorum
584 2226 686 2273 auri
718 2226 776 2273 de
808 2241 1015 2285 camera,
1038 2241 1229 2273 camere
1259 2225 1521 2288 apostolice
1549 2224 1948 2272 irremissibiliter
1967 2240 2047 2288 ap-

271 2308 621 2370 plicandorum,
655 2309 861 2357 debeant
896 2324 983 2372 per
1018 2312 1171 2356 totum
1211 2312 1490 2371 presentem
1523 2308 1669 2366 diem,
1705 2310 1764 2355 23
1805 2306 2044 2370 presentis

271 2391 451 2439 mensis
473 2392 605 2451 maii,
629 2392 819 2440 dedisse
840 2393 889 2439 in
908 2391 1095 2455 scriptis
1118 2394 1256 2438 Rmo.
1283 2391 1548 2439 camerario
1571 2390 1769 2438 nomina
1789 2393 1836 2436 et
1863 2404 2045 2452 cogno-

272 2474 403 2521 mina
430 2475 647 2522 omnium
676 2481 722 2524 et
750 2476 1047 2539 singulorum
1074 2474 1354 2521 officialium
1379 2479 1424 2522 et
1452 2474 1724 2522 officiorum
1753 2473 1926 2536 quibus
1953 2472 2044 2535 ipsi

271 2561 489 2619 presunt,
518 2559 592 2606 vel
625 2574 831 2621 quorum
860 2558 950 2622 ipsi
987 2557 1217 2604 officiales
1253 2557 1325 2605 vel
1357 2557 1622 2621 cappellani
1649 2556 1876 2616 existunt,
1907 2572 1964 2603 ac
1995 2556 2045 2603 in

269 2641 490 2704 margine
527 2647 800 2702 annotasse,
838 2642 876 2689 si
904 2641 1008 2705 quis
1055 2656 1223 2688 eorum
1257 2640 1536 2689 officialium
1576 2640 1670 2688 sint
1703 2639 1762 2687 ab
1799 2639 1926 2688 Urbe
1958 2639 2044 2686 ab-

276 2728 437 2772 sentes
458 2725 531 2773 vel
552 2725 728 2772 infirmi
757 2741 766 2772 :

338 2809 754 2868 Rescribendario,

338 2891 598 2954 Capellano
620 2892 907 2955 scriptorum
928 2890 1282 2955 penitentiarie‚

337 2974 592 3037 Capellano
614 2974 945 3035 abbreviatori,

335 3057 591 3120 Capellano
613 3047 993 3115 soll'icitatorum,

337 3140 591 3204 Capellano
614 3145 939 3189 correctorum
959 3139 1160 3203 plumbi,

335 3223 652 3272 Thesaurario
673 3224 968 3272 notariorum
993 3228 1112 3282 rote,

335 3307 541 3370 Syndico
563 3312 927 3370 procuratorum
949 3305 1374 3364 contradictarum,

267 3390 278 3407 ·'
334 3389 657 3453 Computatori
679 3393 1044 3453 procuratorum
1061 3390 1416 3453 penitentiarie.
