2216 3886
278 359 346 395 492
882 355 1114 393 ‚IOHANNIS
1148 353 1443 399 BURCHARDI,
1830 355 1936 395 [Aont
1958 357 2054 398 1498]

277 461 368 510 illis
387 459 626 524 exposuit..
653 459 854 519 Deinde,
879 460 1101 508 omnibus
1123 459 1215 506 illis
1235 456 1519 521 genuflexis,
1543 455 1762 519 injuncta
1779 473 1907 521 pena
1926 461 2056 523 quod

278 544 326 592 in
346 542 511 591 habitu
537 541 618 604 qui
640 541 708 590 eis
728 541 981 604 impositus
1006 540 1111 597 fuit,
1136 539 1197 587 ad
1215 539 1310 585 hoc
1337 538 1603 598 ordinatus,
1625 539 1723 586 bini
1745 546 1793 588 et
1813 540 1912 590 bini
1930 542 2055 591 irent

278 629 339 677 ad
381 627 629 676 basilicam
666 642 704 672 s.
741 624 867 672 Petri
902 623 1169 671 orationem
1211 621 1391 671 ibidem
1424 621 1595 670 facturi
1630 627 1678 672 et
1711 623 1848 684 inde,
1882 625 2055 676 eodem

277 711 449 760 ordine
473 710 533 757 ad
564 707 819 756 ecclesiam
848 710 1110 754 conventus
1140 705 1282 755 beate
1306 706 1455 755 Marie
1486 722 1633 770 super
1657 707 1922 757 Minervam
1952 710 2051 770 ubi,

277 794 475 841 dimisso
509 791 703 850 habitu,
733 796 899 853 posset
932 790 1130 852 quisque
1168 789 1236 855 in}
1251 806 1389 838 suum
1423 790 1588 839 locum
1628 792 1809 854 redire,
1845 795 2054 859 acceptis

275 876 557 939 hujusmodi
573 874 742 923 habitu
765 878 812 922 et
832 888 973 937 pena.
1001 873 1207 922 Predicti
1229 876 1331 922 DD.
1357 875 1574 938 magistri
1601 875 1773 924 Paulus
1801 880 1849 924 et
1874 877 2056 925 Johan-

278 977 365 1008 nes
394 959 699 1008 absolverunt
724 974 911 1018 omnes,
933 957 1014 1020 qui
1036 949 1260 1017 absoluti,
1279 957 1467 1006 iverunt
1488 958 1548 1006 ad
1568 959 1816 1008 basilicam
1838 963 1883 1008 et
1905 960 2057 1009 eccle·
2118 951 2121 953 i

278 1045 398 1092 siam
431 1043 692 1107 predictas,
716 1045 845 1105 Papa
875 1042 925 1089 in
958 1041 1161 1089 cameris
1192 1041 1326 1089 novis
1357 1042 1520 1090 omnia
1545 1043 1763 1106 predicta
1789 1042 1981 1093 vidente
2009 1050 2055 1093 et

282 1128 351 1176 eis
379 1126 716 1175 benedicente.
749 1125 947 1174 Habitus
976 1129 1138 1173 autem
1168 1124 1308 1173 dictis
1337 1126 1573 1174 marranis
1603 1126 1855 1191 impositus
1883 1128 2057 1192 hujus-

277 1211 407 1259 modi
430 1215 531 1259 erat
553 1210 708 1258 forma
735 1226 744 1257 ε
771 1225 916 1273 super
934 1209 1099 1257 habitu
1121 1209 1401 1272 quotidiano
1429 1210 1639 1273 quedam
1666 1210 1762 1260 tela
1789 1211 1938 1260 rubea
1958 1213 2055 1262 sive

276 1295 531 1360 pavonatia
558 1309 702 1358 super
726 1293 957 1341 humeros
984 1296 1094 1340 ante
1121 1297 1291 1356 pectus
1322 1297 1369 1341 et
1399 1297 1552 1357 terga,
1577 1294 1794 1358 pendens
1825 1312 1975 1359 usque
1997 1297 2056 1344 ad

277 1396 439 1437 coan,
457 1379 643 1428 habens
665 1393 860 1426 crucem
879 1392 1103 1425 croceam
1124 1376 1271 1424 latam
1292 1381 1499 1440 quatuor
1517 1377 1775 1442 digitorum
1792 1383 1839 1427 et
1858 1379 2054 1442 longam

278 1462 338 1510 ad
356 1462 709 1526 longitudinem
730 1460 878 1525 ipsius
903 1460 997 1508 tele
1021 1459 1454 1523 superhumeralis3
1483 1466 1530 1509 et
1558 1462 1886 1525 unusquisque
1908 1463 2056 1526 appli-

279 1547 376 1594 cuit
407 1546 467 1594 ad
499 1544 894 1609 altarepredicte
920 1543 1125 1592 ecclesie
1153 1543 1292 1591 beate
1325 1542 1472 1590 Marie
1495 1542 1552 1590 de
1580 1543 1811 1604 Minerva,
1838 1544 2057 1607 deposita

278 1630 374 1679 tela
395 1646 482 1678 sua
498 1629 730 1693 predicta.
753 1627 848 1675 Illis
869 1627 1094 1690 receptis,
1121 1626 1291 1674 fratres
1310 1626 1644 1689 appenderunt
1660 1626 1709 1674 in
1727 1628 1877 1675 altum
1898 1629 2055 1677 eccle-

280 1714 455 1777 siepro
477 1712 715 1760 memoria
734 1711 860 1759 illius
882 1715 1017 1759 actus
1038 1710 1121 1770 (1).
1543 1702 1546 1705 ’

346 1797 574 1855 Sabbato,
613 1799 663 1842 11
703 1794 883 1842 mensis
917 1795 1123 1858 augusti,
1150 1796 1252 1845 dies
1286 1796 1598 1846 anniversarii
1633 1797 1717 1844 SS.
1753 1799 1809 1844 D.
1843 1798 1900 1844 N.
1933 1810 2055 1859 pape

278 1880 535 1928 Alexandri
559 1881 623 1928 Vl
652 1878 712 1926 ad
732 1877 919 1941 apicem
951 1879 1125 1926 summi
1148 1880 1460 1943 apostolatuS,
1485 1881 1534 1928 in
1561 1896 1656 1944 qua
1676 1883 1842 1928 Rmus.
1869 1882 1925 1928 D.
1951 1896 2056 1928 car-

282 1963 451 2012 dinalis
486 1962 744 2011 Perusinus
775 1961 1033 2010 celebravit
1066 1961 1264 2010 missam
1296 1963 1564 2011 solemnem
1595 1963 1653 2011 de
1685 1962 1860 2025 Spiritu
1890 1967 2056 2010 sancto

280 2048 330 2094 in
351 2047 535 2110 capella
560 2050 810 2106 consueta,
836 2049 962 2109 Papa
978 2050 1230 2110 presente:
1257 2051 1304 2095 et
1330 2047 1525 2095 fuerunt
1546 2046 1595 2093 in
1614 2046 1892 2110 hujusmodi
1912 2046 2060 2094 missa

282 2131 444 2179 omnia
465 2130 716 2179 observata
733 2145 867 2178 more
889 2129 1046 2178 solito.

344 2213 483 2261 Feria
510 2217 661 2273 sexta,
691 2216 746 2259 17
771 2212 885 2260 dicti
906 2212 1086 2261 mensis
1107 2212 1313 2275 augusti,
1338 2212 1425 2260 fuit
1457 2215 1696 2260 secretum
1719 2212 2060 2260 consistorium

278 2298 327 2346 in
355 2297 449 2361 quo
481 2301 645 2344 Rmus.
672 2298 728 2343 D.
755 2295 1010 2344 cardinalis
1034 2294 1318 2345 Valentinus
1349 2295 1600 2359 proposuit
1628 2295 1687 2342 ab
1714 2295 1912 2343 ineunte
1935 2285 2060 2344 etate

280 2398 337 2430 ex
359 2381 520 2429 animo
554 2395 604 2427 se
632 2379 912 2427 inclinatum
935 2378 1084 2427 fuisse
1107 2379 1251 2427 statui
1283 2378 1518 2438 seculari3
1555 2379 1638 2426 SS.
1670 2381 1831 2426 autem
1865 2382 1922 2426 D.
1949 2394 2062 2426 nos—

279 2457 405 2512 trum
429 2464 627 2512 omnino
649 2462 855 2511 voluisse
876 2466 928 2509 ut
949 2478 1001 2510 se
1023 2462 1157 2510 daret
1187 2467 1234 2510 et
1260 2462 1514 2510 inclinaret
1542 2461 1683 2509 statui
1712 2462 2058 2522 ecclesiastico,

278 2552 539 2612 propterea
576 2546 732 2610 ipsum
770 2550 848 2594 tot'
882 2546 1333 2610 supervenientibus
1369 2545 1681 2609 dignitatibus
1722 2545 2061 2594 ecclesiasticis

280 2637 327 2680 et
359 2630 610 2679 beneficiis
647 2630 974 2689 condonasse,
1010 2634 1058 2678 et
1095 2629 1155 2677 ad
1192 2629 1410 2678 ordinem
1449 2629 1751 2677 diaconalem
1791 2629 2062 2694 promoveri

280 2714 505 2773 voluisse,
539 2714 674 2778 cujus
704 2712 936 2762 voluntati
965 2729 1016 2762 se
1044 2728 1290 2777 opponere
1311 2712 1400 2761 sibi
1428 2712 1584 2761 visum
1605 2727 1704 2760 non
1726 2716 1814 2761 est.
1838 2715 1955 2762 Cum
1977 2728 2063 2761 au-

283 2800 380 2843 tem
409 2796 565 2844 omnis
599 2797 704 2859 ejus
734 2796 922 2844 animus
946 2800 993 2844 et
1015 2792 1308 2844 desiderium
1335 2802 1382 2843 et
1411 2794 1656 2843 inclinatio
1684 2795 1745 2843 sit
1766 2794 1922 2843 adhuc
1944 2810 2060 2843 con-

281 2878 416 2926 tinuo
449 2883 593 2940 prout
627 2894 820 2941 semper
855 2878 943 2925 fuit
975 2878 1036 2925 ad
1072 2882 1248 2925 statum
1289 2878 1524 2936 seculare,
1562 2878 1844 2941 supplicavit
1877 2878 1960 2926 SS.
1998 2880 2055 2926 D.

283 2965 500 3009 nostrum
535 2965 586 3008 ut
618 2961 840 3024 dignetur
874 2976 985 3007 cum
1019 2960 1248 3023 singulari
1283 2959 1538 3009 clementia
1566 2960 1792 3024 prosequi
1825 2965 1872 3008 et
1905 2966 2059 3009 semet

284 3043 562 3108 dispensare
590 3048 659 3102 ut,
696 3043 884 3100 omissis
918 3043 1085 3091 habitu
1115 3047 1162 3091 et
1198 3043 1428 3107 dignitate
1459 3043 1802 3102 ecclesiastica,
1837 3043 1980 3092 liceat
2013 3045 2056 3093 ei

331 3241 363 3276 1.
394 3255 412 3273 «
433 3241 466 3276 A
492 3241 531 3276 da·
549 3241 585 3282 7,
617 3241 664 3276 da
691 3242 814 3282 Roma,
839 3240 870 3276 si
895 3240 986 3276 have
1013 3239 1137 3276 lettere
1162 3251 1262 3276 come
1289 3239 1321 3276 el
1348 3238 1525 3276 Pontifice
1552 3239 1660 3276 havia
1678 3239 1767 3276 fatto
1788 3250 1917 3287 passar
1940 3249 2005 3286 per
2026 3237 2059 3275 la

282 3299 445 3335 Minerva
470 3300 598 3336 zercha
617 3300 686 3335 300
711 3299 849 3337 marani
878 3298 1045 3346 spagnoli
1065 3298 1188 3335 vestiti
1209 3298 1245 3333 di
1265 3298 1355 3343 zalo,
1377 3309 1445 3334 con
1467 3310 1537 3334 una
1558 3298 1710 3334 candela
1729 3297 1766 3333 in
1786 3308 1907 3351 mano,
1929 3296 1940 3331 i
1962 3294 2059 3343 quali

282 3369 391 3393 erano
413 3359 527 3394 reduti
554 3371 575 3394 a
600 3359 814 3406 penitentia,
841 3362 877 3394 et
903 3358 968 3393 che
994 3359 1125 3405 questa
1151 3368 1211 3393 era
1234 3356 1268 3392 la
1293 3356 1458 3404 punition
1484 3357 1641 3404 publica.
1670 3357 1721 3393 La
1748 3361 1887 3393 secreta
1913 3355 2008 3391 saria
2032 3350 2057 3389 li

282 3417 421 3462 danari,
444 3418 571 3453 chome
593 3418 699 3455 havia
720 3418 793 3455 sato
819 3418 855 3454 di
881 3417 915 3454 lo
941 3416 1112 3465 episcopo
1138 3417 1174 3453 di
1200 3415 1403 3453 Chalahora
1431 3417 1634 3454 conclamato
1654 3421 1839 3463 utsupra.
1863 3431 1882 3449 »
1905 3415 2054 3459 Sanum,

282 3480 308 3512 t.
334 3475 360 3520 1,
385 3475 453 3513 σοι.
478 3477 580 3513 1029.
