2222 3926
142 318 296 358 [Janvier
316 320 408 359 1495]
581 319 763 356 RERUM*
783 317 1091 355 URBANARUM
1125 318 1475 355 COMMENTARII.
1854 321 1926 357 225

214 421 485 480 Dominica,
515 425 571 470 18
594 421 706 470 dicti
729 421 909 471 mensis
926 412 1152 485 januarii,
1179 420 1283 468 veni
1305 420 1366 468 ad
1387 420 1693 479 Pontificem,
1721 436 1750 468 a
1775 423 1924 469 Sanc-

148 506 284 555 titate
320 522 406 554 sua
435 510 630 555 vocatus
665 521 753 570 per
788 505 1172 570 parafrenarium
1209 520 1219 552 :
1258 503 1376 552 dixit
1413 503 1532 551 mihi
1571 503 1806 552 Sanctitas
1842 520 1928 551 sua

150 591 361 638 crastina
378 589 454 638 die
473 590 687 638 futurum
704 589 949 654 publicum
973 587 1313 637 consistorium
1337 602 1424 651 pro
1448 587 1742 651 receptando
1761 602 1926 650 regem

147 674 366 732 Francie,
403 673 516 737 quid
553 678 682 722 esset
720 688 809 736 per
841 672 1153 720 Sanctitatem
1195 687 1333 720 suam
1377 671 1617 735 agendum
1654 687 1663 718 :
1697 670 1927 734 respondi

147 757 397 805 Sanctitati
420 773 504 805 sue
529 756 810 821 hujusmodi
831 760 992 804 actum
1015 755 1310 819 singularem
1332 770 1439 802 esse
1468 759 1603 803 extra
1623 754 1928 803 ceremonias

145 840 194 887 in
231 856 290 889 eo
330 841 671 901 observandas,
708 841 838 904 quod
876 840 1113 889 Sanctitas
1154 856 1241 888 sua
1278 840 1519 894 statuerit,
1562 840 1653 888 nisi
1693 840 1927 888 vellemus

146 924 265 972 illud
286 939 519 988 peragere
542 940 600 972 eo
622 924 767 972 modo
797 940 853 972 ac
881 924 919 972 si
947 940 1030 972 rex
1059 924 1267 987 primum
1294 925 1479 973 veniret
1506 924 1555 971 in
1578 925 1776 983 Urbem,
1801 924 1929 987 quod

150 1007 399 1056 Sanctitati
423 1023 506 1055 sue
529 1008 578 1054 in
606 1007 736 1054 omni
757 1012 893 1070 parte
920 1006 1100 1070 placuit
1125 1023 1134 1054 ε
1159 1008 1255 1055 hoc
1282 1008 1462 1067 addito,
1487 1009 1617 1071 quod
1646 1023 1732 1072 per
1763 1023 1929 1071 regem

149 1090 318 1155 pedes,
354 1107 526 1139 manus
568 1095 616 1139 et
658 1106 712 1139 os
759 1091 1005 1139 Pontificis
1045 1092 1346 1150 osculentur3
1379 1091 1614 1155 jussimus
1650 1092 1781 1155 quod
1817 1107 1932 1154 pre-

151 1175 316 1224 sidens
357 1175 644 1239 parlamenti
696 1170 983 1224 Parisiensis
1033 1175 1229 1223 nomine
1267 1174 1393 1238 regis
1430 1174 1623 1223 brevem
1661 1175 1930 1222 orationem

152 1257 305 1307 saciat⁴
326 1275 415 1322 per
450 1274 596 1322 quam
632 1274 717 1307 rex
753 1259 911 1322 ipsum
947 1257 1233 1306 Pontificem
1266 1274 1432 1306 verum
1467 1262 1646 1323 Papam
1680 1260 1927 1319 vicarium,

152 1343 281 1391 Petri
310 1358 644 1392 successorem
678 1345 1012 1406 recognoscat,
1048 1342 1237 1406 ipsique
1274 1342 1604 1391 obedientiam
1637 1347 1818 1406 prestet
1848 1342 1929 1408 (1),

150 1430 198 1474 et
219 1426 349 1489 quod
378 1430 492 1475 tunc
522 1425 792 1474 cardinales
820 1441 990 1474 omnes
1020 1426 1082 1474 ad
1103 1426 1386 1475 Pontificem
1408 1427 1565 1475 solum
1586 1427 1797 1486 veniant,
1824 1442 1934 1475 cum

150 1525 236 1558 rex
255 1525 354 1557 non
380 1510 440 1558 sit
460 1509 586 1558 inter
607 1525 690 1558 eos
713 1525 961 1569 sessurus;
988 1509 1074 1558 sed
1095 1510 1380 1559 Pontificem
1399 1515 1592 1559 extunc
1611 1510 1672 1558 ad
1690 1526 1933 1558 cameram

152 1609 288 1641 suam
321 1593 590 1643 rediturum
623 1609 794 1642 causas
827 1593 1033 1658 proponi
1057 1593 1234 1642 debere
1269 1610 1439 1642 omnes
1468 1598 1579 1642 ante
1606 1593 1735 1657 regis
1763 1593 1936 1642 adven-

153 1681 272 1725 tum.
299 1677 557 1741 Subjunxit
581 1681 803 1741 preterea
825 1677 1046 1725 Pontifex
1073 1677 1150 1726 die
1172 1678 1340 1725 martis
1364 1668 1646 1726 immediate
1667 1676 1932 1739 sequentis,

153 1761 234 1824 qui
266 1761 357 1810 erit
386 1761 566 1810 festum
600 1777 639 1808 s.
679 1759 966 1820 Sebastiam,
1001 1776 1053 1808 se
1084 1760 1439 1809 celebraturum
1469 1761 1667 1809 missam
1693 1760 1935 1824 publicam

153 1843 494 1906 pontificaliter
519 1845 567 1892 in
594 1843 792 1891 basilica
819 1860 856 1890 s.
889 1844 1018 1892 Petri
1047 1860 1133 1907 pro
1162 1844 1493 1893 consolatione
1522 1843 1586 1903 (2)
1610 1845 1757 1909 regis.
1783 1848 1935 1892 Inter-

155 1941 331 1989 rogans
366 1926 472 1989 quis
507 1927 557 1974 in
593 1941 652 1973 ea
686 1925 778 1973 erit
809 1926 936 1988 regis
967 1925 1104 1974 locus
1139 1931 1185 1975 et
1218 1926 1277 1975 de
1312 1944 1405 1990 quo
1442 1928 1592 1976 missa
1623 1928 1930 1988 celebranda,

156 2007 454 2073 (intendebat
475 2009 608 2057 enim
639 2008 840 2056 missam
863 2008 921 2056 de
951 2009 1129 2072 Spiritu
1159 2015 1345 2069 sancto,
1371 2015 1604 2074 tanquam
1632 2011 1757 2058 illius
1786 2011 1937 2075 majo-

157 2108 261 2141 rem
282 2096 436 2141 artem
456 2092 643 2141 habens
669 2091 955 2157 celebrare),
979 2092 1206 2156 respondi
1228 2094 1478 2142 Sanctitati
1502 2110 1587 2142 sue
1607 2095 1806 2142 missam
1828 2110 1936 2142 esse

156 2176 215 2226 de
237 2193 276 2224 s.
300 2177 586 2225 Sebastiano
609 2176 951 2225 celebrandam
972 2180 1171 2240 propter
1190 2176 1315 2224 illius
1338 2177 1432 2225 diei
1454 2177 1782 2237 festivitatem,
1807 2177 1938 2241 quod

157 2263 205 2308 et
233 2260 427 2307 RRmis.
464 2262 564 2308 DD.
597 2276 638 2307 s.
669 2259 924 2308 Anastasie
956 2265 1003 2308 et
1034 2260 1360 2309 Alexandrino
1394 2262 1719 2310 cardinalibus
1753 2261 1934 2310 ibidem

154 2344 461 2408 presentibus
484 2343 683 2408 placuit.
710 2343 828 2407 Regi
851 2347 1014 2392 autem
1034 2343 1196 2391 locum
1223 2360 1331 2393 esse
1361 2345 1411 2392 in
1436 2345 1550 2394 sede
1577 2346 1773 2410 propria
1794 2362 1939 2410 super

156 2427 401 2476 banchum
436 2428 771 2487 cardinalium,
804 2427 932 2476 inter
964 2443 1077 2475 eum
1107 2427 1352 2476 banchum
1391 2433 1438 2477 et
1475 2430 1642 2478 sedem
1681 2430 1936 2478 cardinalis

156 2511 458 2575 Neapolitani
495 2512 782 2571 assistentis,
823 2512 960 2575 cujus
989 2511 1103 2560 licet
1135 2527 1233 2560 non
1267 2517 1397 2561 esset
1428 2513 1644 2561 officium
1682 2514 1936 2562 assistendi

158 2594 239 2643 tali
281 2594 375 2655 die,
419 2595 767 2644 inconveniens
803 2600 968 2644 tamen
1007 2610 1106 2642 non
1140 2595 1401 2656 videretur,
1444 2602 1628 2646 attenta
1666 2613 1813 2645 causa
1850 2612 1939 2660 per

159 2694 304 2741 quam
329 2678 475 2727 fiebat
507 2679 664 2743 ipsum
692 2695 750 2727 ea
769 2679 846 2727 die
874 2672 1120 2727 assistere.
1150 2682 1204 2727 In
1231 2696 1326 2744 quo
1348 2681 1547 2729 omnino
1576 2681 1767 2729 errabat
1788 2683 1934 2744 Papa,

159 2761 326 2810 dicens
365 2777 473 2811 esse
509 2762 725 2811 officium
758 2762 1057 2827 Neapolitani
1091 2763 1236 2812 etiam
1264 2764 1342 2811 illa
1383 2764 1460 2812 die
1501 2764 1728 2813 assistere
1772 2780 1782 2812 ε
1828 2769 1940 2811 sunt

159 2843 289 2892 enim
321 2843 424 2893 dies
453 2845 726 2894 assistentie
751 2846 926 2910 prioris
956 2847 1238 2912 episcopum
1263 2854 1310 2897 et
1332 2848 1410 2896 alii
1430 2848 1938 2913 priorispresbytero-

161 2942 267 2976 rum
300 2928 617 2978 cardinalium
651 2930 710 2978 de
747 2946 952 2993 quorum
986 2949 1108 2981 unus
1135 2933 1216 2981 hic
1244 2937 1334 2993 est,
1364 2938 1506 2997 prout
1543 2933 1591 2982 in
1626 2934 1938 2983 ceremoniali

161 3012 288 3060 clare
326 3013 548 3063 habetur.
589 3015 804 3075 Interim,
845 3032 956 3064 cum
995 3016 1086 3064 hec
1123 3033 1152 3064 a
1188 3017 1327 3065 nobis
1362 3017 1654 3078 dicerentur,
1690 3018 1819 3067 venit
1857 3033 1939 3066 rex

163 3097 362 3145 Francie
392 3114 555 3148 versus
584 3099 742 3147 aulam
773 3100 1074 3164 pontificum,
1105 3100 1165 3149 de
1188 3117 1282 3164 quo
1322 3101 1564 3150 advisatus
1603 3102 1826 3150 Pontifex
1856 3116 1939 3149 oc-

279 3354 297 3373 «
322 3339 467 3388 Ipsique
486 3341 729 3380 obedientiam
749 3350 886 3393 prestet.
906 3361 924 3379 υ
946 3358 1104 3394 marique
1124 3347 1216 3383 dans
1239 3346 1344 3393 Chigi
1369 3349 1404 3381 et
1424 3345 1455 3381 le
1475 3347 1581 3383 5522.

213 3407 221 3415 ·
279 3400 378 3436 Dans
403 3399 557 3437 l’ancien
583 3401 754 3449 francais,
774 3407 996 3442 consolation
1022 3406 1200 3454 signifiait
1235 3405 1440 3453 egaleinent
1470 3405 1609 3452 plaisir,
1641 3406 1728 3454 joie.
1758 3406 1854 3454 Voy.
1890 3406 1939 3440 La

171 3459 291 3496 Curne
316 3459 361 3496 de
382 3459 677 3509 Sainte-Palaye‚
699 3464 791 3501 Dice.
813 3465 898 3501 hist.
922 3466 966 3501 de
986 3466 1091 3504 l’ane.
1112 3465 1367 3511 lcqufranC„
1391 3468 1415 3501 t.
1441 3464 1503 3506 ΙΙΙ,
1526 3476 1562 3512 p.
1585 3466 1667 3502 202.

359 3556 391 3580 T.
421 3556 457 3579 11.
1712 3549 1752 3582 15

214 3402 249 3437 2.
