2216 3886
931 263 1212 301 APPENDJOE.
1894 276 1962 311 (355

183 360 342 402 derunt
364 375 372 402 :
395 362 504 414 ipsis
522 366 670 404 tamen
690 363 867 405 domino
890 365 1098 406 cardinali
1116 369 1158 407 et
1177 366 1347 407 Juliano
1368 368 1698 409 remanentibus
1724 370 1769 410 in
1791 373 1963 427 relega-

189 426 304 468 tione
324 439 404 480 per
422 431 599 470 centum
626 429 813 471 miliaria
838 430 895 472 ab
922 431 1030 472 urbe
1057 431 1303 480 florentina,
1332 431 1377 473 in
1405 432 1612 474 omnibus
1639 437 1683 475 et
1708 447 1789 487 per
1814 439 1960 481 omnia

183 495 314 543 prout
335 493 389 534 de
410 495 534 536 Petro
555 506 708 536 eorum
727 495 862 537 fratre
883 496 1146 549 dispositum
1166 501 1248 539 est.

239 575 259 595 «
289 560 510 612 Vigesimo
538 561 680 612 primo
707 565 1007 603 convenerunt
1035 563 1155 615 quod
1185 563 1240 604 sit
1267 564 1434 605 licitum
1465 564 1641 606 domine
1670 566 1959 619 Alphonsine.

182 625 307 665 uxori
326 625 432 666 dicti
452 626 568 667 Petri
586 627 640 668 de
658 626 850 677 MediciS,
874 627 1015 669 redire
1032 628 1076 669 in
1094 629 1273 670 domum
1294 629 1577 671 habitationis
1598 630 1700 673 dicti
1724 634 1835 675 Petri
1855 635 1960 676 etin

179 690 252 731 illa
281 691 497 740 habitare,
534 692 703 744 absque
731 695 880 734 tamen
906 694 1146 746 preiudicio
1172 695 1320 747 aliquo
1349 696 1614 738 creditorum
1647 698 1748 739 dicti
1771 699 1884 740 Petri
1906 699 1959 741 de

182 756 370 798 Medicis.

234 837 255 858 «
283 822 504 875 vigesimo
533 824 726 865 secundo
753 829 1053 867 convenerunt
1071 826 1191 879 quod
1217 827 1271 868 de
1298 827 1428 868 bonis
1448 828 1549 869 dicti
1577 829 1688 870 Petri
1711 829 1765 871 de
1785 831 1960 872 Medicis

186 888 345 929 debeat
364 888 419 929 de
440 890 638 940 presenti
669 891 877 933 satisfieri
905 892 1016 933 dicte
1037 892 1214 933 domine
1239 892 1526 945 Alphonsine‚
1555 895 1681 935 uxori
1709 895 1810 936 dicti
1834 896 1960 946 Petri,

185 954 238 994 de
259 954 360 995 dote
380 954 520 1006 ipsius
543 956 719 998 domine
739 958 1023 1009 Alphonsine‚

235 1035 255 1056 «
285 1020 508 1073 Vigesimo
528 1022 654 1063 tertio
676 1026 977 1064 convenerunt
1000 1024 1118 1075 quod
1139 1022 1217 1064 fiat
1237 1027 1280 1065 et
1299 1023 1395 1065 fieri
1415 1024 1574 1066 debeat
1595 1025 1886 1074 inventarium
1905 1027 1957 1068 de

178 1085 306 1126 bonis
332 1086 573 1128 mobilibus
595 1087 696 1129 dicti
721 1089 852 1138 Petri,
887 1092 930 1130 et
959 1089 1078 1141 quod
1106 1090 1204 1141 ipsa
1231 1090 1347 1131 bona
1377 1089 1656 1142 deponantur
1681 1103 1820 1143 penes
1849 1092 1961 1133 duos

174 1154 439 1193 mercatores
461 1152 668 1204 idoneos;
697 1165 836 1195 unum
866 1155 1065 1196 videlicet
1086 1155 1342 1208 eligendum
1363 1167 1451 1207 -per
1475 1156 1618 1208 ipsam
1640 1157 1865 1199 dominam
1884 1158 1957 1198 Al-

177 1217 457 1268 phonsinam,
478 1221 520 1259 et
541 1219 677 1259 alium
696 1231 775 1271 per
793 1220 996 1262 dominos
1016 1220 1184 1271 priores
1205 1221 1486 1270 florentinos;
1506 1222 1582 1274 qui
1600 1222 1726 1263 electi
1742 1223 1961 1264 retineant

177 1282 431 1324 huiusmodi
457 1284 575 1325 hona
605 1285 650 1325 in
679 1286 839 1337 capsis,
869 1287 907 1327 si
935 1286 1099 1327 ibidem
1129 1287 1284 1338 reponi
1310 1290 1533 1338 poterunt,
1562 1288 1632 1328 vel
1658 1288 1763 1328 alibi
1788 1289 1834 1329 in
1862 1289 1959 1330 loco

178 1350 275 1388 tuto
295 1351 338 1389 et
360 1348 620 1390 claudantur
639 1350 722 1390 sub
749 1350 944 1392 clavibus
971 1363 1160 1403 quarum
1187 1362 1322 1392 unam
1343 1352 1531 1392 retineat
1552 1352 1665 1393 dicta
1687 1352 1864 1394 domina
1886 1354 1958 1394 Al-

178 1413 410 1464 phonsina,
441 1414 573 1455 aliam
601 1426 701 1456 vero
722 1415 823 1457 dicti
844 1417 1009 1458 domini
1035 1417 1203 1469 priores
1234 1431 1243 1457 :
1273 1418 1354 1458 hoc
1380 1421 1506 1470 pacto
1534 1418 1654 1471 quod
1682 1419 1719 1459 si
1748 1418 1861 1460 infra
1881 1420 1957 1460 tri-

176 1483 338 1521 mestre
371 1480 608 1522 creditores
638 1482 881 1523 existentes
913 1482 958 1523 in
992 1482 1210 1523 territorio
1239 1483 1490 1534 florentino,
1526 1487 1570 1525 et
1601 1484 1714 1525 infra
1744 1488 1956 1526 semestre

176 1547 412 1588 creditores
433 1547 672 1588 existentes
695 1551 816 1589 extra
834 1548 1101 1589 territorium
1122 1549 1421 1599 florentinum,
1446 1561 1600 1591 eorum
1622 1550 1755 1591 iudici
1780 1562 1958 1603 compe-

176 1613 282 1653 tenti
307 1613 582 1664 porrexerint
610 1613 843 1665 petitiones
873 1625 1024 1655 eorum
1051 1626 1130 1666 per
1158 1626 1270 1667 quas
1297 1619 1508 1667 appareat
1538 1617 1775 1668 petitiones
1804 1628 1956 1658 eorum

174 1678 486 1719 transcendere
518 1679 711 1720 valorem
739 1679 992 1721 huiusmodi
1024 1680 1244 1721 bonorum
1271 1681 1516 1730 mobilium,
1555 1683 1661 1721 tunc
1694 1681 1806 1722 dicta
1840 1682 1957 1724 bona

174 1747 431 1798 remaneant
450 1755 588 1795 penes
609 1743 747 1786 dictos
768 1745 1060 1797 depositarios
1081 1757 1159 1797 pro
1181 1745 1490 1787 satisfaciendo
1511 1747 1638 1787 dictis
1662 1747 1956 1788 creditoribus

175 1809 228 1850 de
256 1820 409 1850 eorum
435 1809 610 1851 creditis
636 1809 831 1863 legitime
859 1811 1098 1863 probandis
1125 1823 1134 1851 :
1165 1811 1202 1852 si
1227 1823 1331 1852 vero
1356 1822 1445 1852 non
1475 1812 1735 1853 excederent
1762 1813 1958 1854 valorem

175 1874 392 1916 dictorum
411 1875 647 1926 bonorum,
676 1878 780 1917 tunc
806 1879 978 1917 tantum
1008 1888 1088 1928 pro
1114 1880 1210 1918 rata
1236 1877 1494 1930 hujusmodi
1521 1877 1786 1919 creditorum
1812 1890 1956 1919 rema-

173 1943 306 1981 neant
338 1952 476 1993 penes
507 1941 646 1982 dictos
679 1942 971 1994 depositarios
1005 1954 1084 1994 pro
1115 1942 1424 1984 satisfaciendo
1457 1945 1506 1982 ut
1537 1954 1694 1994 supra3
1726 1943 1953 1984 residuum

172 2007 273 2046 vero
293 2006 557 2048 restituatur
577 2007 690 2049 dicte
710 2008 852 2058 uxori,
875 2008 1058 2050 habenti
1078 2009 1338 2050 mandatum
1364 2008 1612 2061 legitimum
1632 2009 1688 2049 ab
1710 2008 1808 2060 ipso
1826 2009 1952 2050 Petro

171 2074 215 2112 et
236 2083 262 2112 a
284 2071 491 2114 fratribus
513 2074 605 2114 suis
630 2087 639 2113 :
661 2074 783 2116 salvo
807 2078 956 2116 tamen
976 2075 1072 2116 iure
1092 2075 1278 2115 aliorum
1299 2074 1565 2115 creditorum
1590 2085 1679 2115 non
1706 2075 1952 2125 petentium

172 2135 283 2178 infra
305 2138 443 2180 dictos
467 2140 693 2181 terminos.

231 2220 247 2239 ι
279 2204 502 2257 Vigesimo
521 2209 679 2257 quarto
708 2210 1007 2249 convenerunt
1033 2208 1153 2260 quod
1178 2207 1306 2248 liceat
1333 2207 1445 2248 dicto
1467 2206 1644 2248 domino
1665 2205 1876 2247 cardinali
1897 2206 1950 2248 de

174 2269 348 2310 Medicis
368 2271 592 2322 percipere
612 2271 781 2314 fructus
800 2284 1181 2326 quorumcumque
1200 2271 1516 2314 beneficiorum
1536 2283 1732 2313 suorum.

234 2351 251 2371 (ι
282 2334 508 2388 Vigesimo
540 2338 694 2390 quinto
724 2342 1023 2380 convenerunt
1056 2339 1176 2391 quod
1209 2339 1351 2380 dictus
1384 2338 1538 2378 Petrus
1569 2338 1623 2379 de
1654 2337 1845 2388 Medicis,
1883 2338 1950 2378 vel

176 2399 275 2440 dicti
295 2401 365 2441 sui
384 2400 543 2443 fratres
557 2413 647 2443 non
666 2404 840 2455 possint
861 2404 1072 2446 declarari
1093 2404 1315 2446 debitores
1336 2404 1521 2445 alicuius
1538 2414 1742 2455 persone,
1763 2403 1949 2457 collegii,

172 2467 408 2518 societatis,
441 2469 727 2522 magistratus
759 2470 828 2511 vel
854 2471 1173 2520 universitatis,
1203 2471 1289 2511 nisi
1315 2469 1427 2510 facta
1454 2470 1661 2510 citatione
1689 2469 1745 2510 ad
1771 2469 1952 2510 domum

170 2543 324 2573 eorum
342 2533 471 2575 solite
488 2534 774 2576 habitationis
794 2536 839 2576 in
859 2536 1030 2577 civitate
1051 2537 1288 2586 Florentie3
1307 2535 1384 2587 qui
1407 2535 1580 2586 possint
1600 2546 1679 2586 per
1698 2537 1950 2586 procurato-

170 2609 263 2638 rem
279 2610 534 2651 comparare
554 2603 596 2640 et
615 2611 662 2641 se
680 2599 915 2642 defendere
934 2605 976 2643 et
993 2603 1139 2643 omnia
1158 2613 1311 2643 eorum
1329 2601 1424 2641 iura
1443 2600 1661 2641 deducere
1680 2603 1723 2640 et
1739 2599 1947 2653 allegare.

226 2678 246 2700 «
276 2664 498 2717 Vigesimo
533 2668 656 2706 sexto
677 2670 975 2708 convenerunt
1004 2667 1122 2721 quod
1143 2667 1260 2709 filius
1280 2667 1506 2708 masculus
1531 2666 1635 2726 dicti
1657 2666 1771 2706 Petri
1792 2666 1845 2707 de
1867 2668 1952 2708 Me-

170 2728 278 2770 dicis
295 2730 437 2781 possit
454 2730 717 2772 Florentiam
733 2732 876 2774 redire
894 2735 1054 2774 etcum
1072 2733 1187 2774 dicta
1203 2733 1476 2785 Alphonsina
1495 2732 1591 2773 eius
1612 2734 1751 2772 matre
1769 2731 1946 2779 morari,

171 2798 288 2836 stare
308 2799 351 2836 et
371 2796 634 2846 alimentari‚
658 2797 829 2850 absque
850 2798 998 2850 aliquo
1024 2798 1279 2850 preiudicio.

225 2876 245 2897 «
275 2861 496 2915 Vigesimo
519 2863 704 2914 septimo
725 2869 1024 2906 convenerunt
1042 2865 1164 2917 quod
1183 2864 1295 2905 dicta
1317 2863 1495 2905 domina
1516 2863 1785 2916 Alphonsina
1807 2862 1948 2916 possit

166 2927 355 2969 retinere
386 2940 690 2981 quoscumque
724 2940 830 2971 suos
860 2934 1096 2972 consuetos
1126 2931 1377 2980 servitores,
1412 2929 1654 2971 dummodo
1684 2940 1772 2970 non
1805 2929 1948 2981 possit

166 2992 337 3033 mittere
365 2994 422 3034 ad
449 2995 624 3035 Petrum
650 2995 746 3035 eius
766 2995 908 3036 virum
936 2996 1022 3037 nisi
1052 2996 1164 3037 duos
1196 3007 1308 3048 quos
1337 2999 1486 3037 tamen
1508 2996 1667 3037 debeat
1697 2995 1942 3035 nominare.

166 3058 271 3107 Quae
296 3056 444 3099 omnia
472 3062 515 3099 et
541 3060 715 3113 singula
743 3060 876 3112 supr'a
904 3062 1076 3113 scripta,
1110 3062 1280 3114 prefata
1307 3061 1670 3102 christianissima
1701 3059 1822 3111 regia
1851 3070 1943 3098 ma·

165 3121 315 3171 iestas,
339 3123 422 3164 sub
440 3124 575 3165 verbo
592 3128 636 3165 et
653 3124 740 3166 fide
760 3126 897 3178 regia,
917 3127 1146 3168 attendere
1168 3130 1211 3168 et
1231 3128 1468 3168 observare
1488 3125 1703 3177 promisit,
1729 3124 1812 3164 sub
1834 3123 1941 3164 obli-

164 3187 342 3239 gatione
363 3189 431 3229 sui
452 3191 496 3229 et
520 3199 702 3230 suorum
728 3190 942 3232 heredum
969 3195 1012 3233 et
1038 3203 1360 3243 successorum,
1377 3195 1420 3232 et
1432 3191 1651 3232 bonorum
1668 3189 1941 3242 presentium

166 3255 208 3292 et
238 3252 486 3295 futurorum
517 3268 527 3295 :
556 3258 600 3295 et
628 3255 785 3307 prefati
816 3256 986 3310 syndici
1014 3258 1311 3309 promiserunt
1339 3269 1390 3298 ac
1419 3256 1552 3298 etiam
1581 3256 1638 3297 ad
1670 3255 1940 3296 delationem

163 3318 249 3359 mei
270 3320 481 3362 Francisci
502 3321 659 3362 notarii
683 3321 846 3374 publici
873 3321 1152 3376 infrascripti,
1175 3323 1431 3365 iuraverunt
1450 3323 1507 3364 ad
1534 3326 1684 3364 sancta
1705 3322 1783 3363 Dei
1804 3334 1934 3363 evan-

161 3383 291 3436 gelia,
323 3384 548 3437 scripturis
579 3388 861 3439 corporaliter
891 3399 1026 3430 manu
1052 3389 1193 3439 tactis,
1226 3389 1419 3442 predicta
1449 3389 1594 3430 omnia
1631 3391 1673 3429 et
1702 3387 1877 3441 singula
1900 3391 1942 3429 et
