2202 3900
311 299 381 334 350
916 298 1151 334 JOHANNIS
1183 296 1478 339 BURCHARDI,
1812 297 1969 338 [Janvier
1990 299 2083 337 1497]

375 398 651 462 Alphonsus
675 399 865 463 Borgia,

376 482 612 530 Antonius
634 482 693 529 de
712 484 937 529 FuenteS.

376 564 622 612 Johannes
659 565 833 612 Paulus
867 565 925 611 de
961 564 1141 620 Bossis,
1177 561 1569 620 Mediolanensis,
1607 561 1754 609 abbas
1788 563 2083 610 monasteriii
2141 561 2146 566 “

312 663 351 694 s.
393 647 679 704 Sebastiani,
720 646 901 693 ordinis
942 644 1289 693 Cisterciensis'
1313 648 1447 693 extra
1481 660 1646 692 muros
1687 644 1845 704 Urbis,
1886 646 2086 693 sacrista

311 729 492 792 capelle
516 731 599 777 SS.
627 732 682 776 D.
707 731 763 776 N.
791 745 932 792 pape.

378 816 543 860 Rmus.
570 815 627 859 D.
654 812 910 860 cardinalis
940 812 1320 876 segobricensis,
1353 812 1584 876 magister
1612 811 1795 875 capelle
1823 814 1906 860 SS.
1937 813 1993 859 D.
2023 814 2080 860 N.

309 910 449 958 pape.

381 977 549 1026 Clerici
571 979 956 1027 ceremoniarum
978 980 1101 1028 dicte
1125 980 1325 1044 capelle,
1349 983 1569 1043 quatuor,
1593 979 1815 1028 videlicet
1841 995 1851 1027 ε

379 1065 480 1126 Ego
501 1062 745 1111 Johannes
769 1063 1091 1123 Burchardus,
1116 1062 1503 1127 Argentinensis3

373 1146 697 1193 Bernardinus
716 1140 934 1206 Gutterii,

377 1229 589 1292 Raphael
610 1229 669 1277 de
690 1231 850 1288 Mena,
874 1229 1103 1277 diaconus
1126 1228 1252 1277 dicte
1274 1229 1480 1293 capelle;

374 1311 646 1376 Onuphrius
668 1312 866 1372 Nicolai,
893 1312 1215 1360 subdiaconus
1237 1313 1453 1377 ejusdem
1475 1311 1676 1375 capelle.
1702 1337 1705 1339 ·

373 1395 543 1444 Clerici
566 1397 859 1459 campanarii
882 1397 1005 1445 dicte
1031 1397 1232 1460 capelle,
1258 1396 1370 1455 duo,
1395 1395 1618 1444 videlicet
1643 1411 1653 1441 :

375 1478 599 1527 Nicolaus
619 1483 641 1527 J
647 1479 852 1527 acomini
864 1518 872 1538 ,

374 1564 600 1610 Erasmus
622 1562 821 1611 Nicolai.

374 1645 543 1693 Clerici
563 1645 686 1693 sacri
705 1645 893 1709 collegii
915 1649 1204 1694 RRmorum.
1225 1649 1324 1694 DD.
1345 1645 1675 1704 cardinalium,
1698 1645 1811 1703 duo,
1828 1645 2048 1695 videlicet
2067 1663 2075 1693 :

373 1729 610 1776 Henricus
639 1731 845 1787 Brunus,
878 1729 1132 1793 episcopus
1161 1732 1366 1777 Ortanus
1394 1732 1440 1776 et
1468 1729 1668 1776 civitatis
1701 1728 1968 1778 Castellane
1990 1730 2077 1792 (1),

369 1811 628 1858 Accursius
654 1811 713 1860 de
742 1814 897 1860 Petra.
1136 1872 1142 1877 .

374 1894 694 1943 Protonotarii
717 1895 1060 1958 participantes
1084 1879 1289 1958 quorum
1310 1911 1514 1943 numero
1544 1900 1729 1959 septem
1758 1898 1867 1943 sunt
1898 1899 1946 1943 et
1976 1911 2083 1945 esse

309 1982 620 2038 consuerunt,
647 1977 771 2026 dicta
793 1977 869 2026 die
893 1983 1027 2026 erant
1053 1995 1062 2026 :
1255 1978 1261 1984 ’

370 2060 637 2109 Ludovicus
661 2060 720 2109 de
740 2060 955 2124 Angelis,
980 2063 1285 2120 Mantuanus,

370 2144 623 2194 Catalanus
646 2144 877 2203 Casalius,

368 2226 590 2273 Aranitus
613 2228 924 2286 Comonatus,
952 2230 1147 2286 Grecus,

368 2309 584 2357 Andreas
608 2309 666 2358 de
690 2311 961 2373 Spiritibus,
986 2310 1323 2367 viterbiensis,

366 2391 591 2441 Nicolaus
615 2392 957 2456 Lippomanus,
981 2395 1217 2449 Venetus,

366 2475 612 2523 Johannes
635 2475 850 2538 Baptista
872 2475 1163 2533 Ususmaris,
1189 2475 1476 2532 Genuensis,
1502 2477 1814 2525 Romanetus.

366 2558 700 2617 Penitentiarii
730 2560 813 2606 SS.
843 2561 899 2605 D.
931 2560 986 2605 N.
1012 2572 1133 2621 pape
1163 2560 1274 2603 sunt
1300 2556 1526 2604 undecim
1550 2558 1600 2605 in
1626 2559 1826 2607 basilica
1854 2558 2082 2624 principis

303 2642 634 2705 apostolorum
662 2642 721 2690 de
752 2643 896 2700 Urbe,
928 2641 1086 2689 officia
1113 2656 1200 2688 sua
1226 2645 1507 2689 exercentes
1534 2659 1621 2705 pro
1651 2643 1851 2691 diversis
1877 2641 2084 2714 nationi-

302 2726 408 2785 bus,
434 2725 655 2773 videlicet
684 2743 693 2772 :
724 2741 811 2789 pro
833 2724 1113 2773 Alemanica
1131 2723 1383 2786 superiori,
1409 2739 1447 2782 13
1474 2724 1709 2785 inferiori,
1736 2742 1776 2784 13
1800 2726 1998 2786 Gallica,
2023 2740 2081 2782 113

303 2808 550 2871 Hispania,
575 2824 633 2867 113
657 2808 920 2871 Anglicana
945 2823 988 2865 13
1013 2806 1163 2864 Italia,
1187 2822 1242 2864 113
1269 2806 1484 2865 Polonia,
1510 2823 1549 2865 13
1575 2812 1621 2856 et
1642 2810 1867 2872 Ungaria,
1894 2825 1927 2855 1.

365 2891 581 2939 Andreas
603 2891 813 2951 Frisner,
843 2891 1015 2938 artium
1043 2894 1089 2937 et
1118 2903 1254 2937 sacre
1277 2888 1518 2952 theologie
1546 2890 1733 2950 doctor,
1765 2891 1904 2939 beate
1931 2889 2079 2938 Marie

300 2973 664 3022 Albertonensis
703 2978 749 3022 et
783 2973 1097 3022 ecclesiarum
1129 2971 1406 3029 canoniCUS,
1445 2987 1531 3035 pro
1565 2973 1763 3022 natione
1794 2971 2082 3023 Alemanica

304 3056 553 3121 superiori.

350 3228 383 3263 1.
410 3227 561 3274 Eugene
582 3225 642 3271 IV,
665 3238 709 3262 en
731 3225 835 3271 1447,
852 3225 947 3263 avait
967 3225 1067 3261 reuni
1089 3223 1246 3261 l’eveche
1272 3224 1316 3261 de
1343 3221 1460 3261 Civita
1485 3222 1692 3261 Castellana
1711 3226 1732 3262 a
1752 3223 1846 3262 celui
1865 3223 1990 3261 d’Orta
2014 3220 2076 3271 qui

302 3285 390 3323 etait
409 3286 477 3322 fort
496 3297 643 3334 pauvre,
666 3296 757 3333 pour
773 3289 966 3333 permettre
988 3297 1033 3321 au
1058 3284 1213 3321 titulaire
1233 3284 1278 3321 de
1298 3295 1357 3320 ces
1377 3284 1474 3320 deux
1498 3284 1619 3333 sieges
1640 3285 1684 3321 de
1711 3282 1804 3321 tenir
1829 3282 1911 3333 plus
1938 3283 2076 3320 decem-

302 3349 403 3383 ment
429 3357 495 3382 son
522 3356 627 3393 rang.
652 3344 746 3394 Voy.
781 3344 939 3394 Ughelli‚
966 3348 994 3382 t.
1019 3345 1048 3390 Ι,
1076 3357 1112 3393 p.
1140 3345 1225 3391 776,
1253 3347 1288 3381 et
1312 3343 1347 3381 la
1370 3343 1489 3381 notice
1514 3343 1780 3393 biographique
1807 3345 1852 3382 de
1877 3340 2077 3386 Burchard,

304 3409 333 3444 t.
356 3405 406 3442 III
426 3405 471 3442 de
492 3407 583 3442 cette
604 3404 753 3443 edition.
