2222 3926
99 300 267 341 [octobre
288 301 385 340 1496]
539 299 710 338 RERUM
743 299 1049 337 URBANARUM
1082 299 1435 338 COMMENTARII.
1812 304 1879 339 337

170 402 368 451 Interim
389 401 551 451 clerici
572 417 781 461 camere,
807 401 914 450 aliis
941 401 1294 466 adjuvantibuS,
1323 402 1584 450 infixerunt
1605 402 1697 450 alia
1713 404 1883 451 vexilla

98 485 249 533 hastis
281 486 379 534 suis
408 501 518 549 que,
543 485 742 550 prestito
773 486 1051 549 juramento
1082 485 1322 549 predicto,
1350 487 1478 549 Papa
1505 485 1700 534 tradidit
1732 501 1880 532 unum

93 573 210 632 ,post
237 569 366 618 aliud
391 571 547 635 primo
578 571 801 631 ecclesie,
832 571 1008 619 deinde
1041 586 1178 618 suum
1209 570 1318 618 duci
1347 570 1530 619 Gandie
1563 570 1800 634 predicto,
1829 571 1878 618 in

105 652 405 715 singulorum
438 654 695 703 traditione
724 655 889 703 dicens
915 671 925 702 :
949 653 1124 718 Accipe
1153 662 1238 702 ete.
1269 653 1484 702 Tandem
1512 654 1703 702 tradidit
1730 654 1774 703 ei
1806 654 1886 701 ba-

104 734 266 782 culum
287 735 402 783 illud
422 736 601 797 album,
623 737 789 786 dicens
809 738 954 786 verba
974 737 1054 785 illa
1076 738 1234 801 posita
1253 737 1300 785 in
1323 737 1567 786 creatione
1595 738 1704 786 novi
1726 738 1882 796 ducis,

106 817 327 867 videlicet
352 835 362 867 :
386 819 561 884 Accipe
595 821 793 884 virqam,
819 829 902 868 etc.
932 824 1060 869 Loco
1093 822 1222 884 virye
1255 821 1369 869 dixit
1400 821 1626 869 baculum
1657 821 1886 870 directio-

107 900 181 948 nis
209 906 302 950 etc.
336 906 383 951 et
413 919 523 951 eum
557 904 864 967 capitaneum
897 904 1175 968 generalem
1209 919 1454 952 armorum
1491 908 1656 953 sancte
1688 921 1886 953 romane

113 985 326 1035 Ecclesie
348 988 614 1035 constituit.
899 1043 908 1058 Ι

180 1072 283 1126 Quo
311 1070 456 1130 facto,
481 1070 761 1134 capitaneus
795 1070 1103 1119 deosculatus
1137 1075 1209 1119 est
1235 1071 1410 1135 pedem
1434 1074 1581 1136 Pape,
1612 1072 1815 1121 surrexit
1842 1077 1891 1121 et

114 1153 393 1216 pontificem
415 1169 564 1217 usque
583 1155 642 1202 ad
660 1154 900 1218 porticum
920 1170 960 1201 s.
986 1154 1112 1201 Petri
1134 1155 1412 1213 associavit3
1437 1155 1518 1202 ubi
1535 1155 1700 1204 habita
1720 1171 1747 1203 a
1762 1158 1893 1219 Papa

112 1236 324 1297 licentia,
345 1237 593 1286 descendit
614 1238 674 1285 ad
693 1238 903 1301 plateam
920 1253 1008 1300 per
1028 1237 1180 1285 scalas
1197 1254 1236 1284 s.
1255 1238 1383 1285 Petri
1406 1254 1517 1286 cum
1533 1239 1756 1286 omnibus
1772 1239 1889 1297 suis,

114 1321 488 1383 precedentibus
518 1321 675 1384 ipsum
701 1321 850 1369 tribus
877 1320 1251 1368 conductoribus
1279 1321 1453 1384 quibus
1482 1322 1651 1369 vexilla
1674 1322 1765 1369 tria
1793 1322 1894 1369 fue-

116 1408 223 1452 rant
250 1404 528 1462 commissa,
553 1420 645 1469 que
667 1403 757 1467 ipsi
780 1404 1009 1451 continuo
1034 1407 1079 1451 et
1101 1403 1286 1466 equites
1308 1408 1355 1452 et
1374 1404 1562 1467 pedites
1593 1404 1890 1453 deferebant.

114 1486 449 1535 Ascenderunt
476 1502 626 1550 equos
655 1503 825 1536 omnes
853 1491 963 1535 ante
995 1487 1171 1551 gradus
1199 1504 1238 1534 s.
1266 1487 1391 1535 Petri
1418 1492 1466 1536 et
1493 1488 1770 1536 circuerunt
1798 1487 1897 1551 pla-

116 1573 243 1618 team
265 1570 484 1634 ejusdem
503 1571 678 1631 sancti3
704 1570 816 1619 inde
839 1571 1083 1619 redierunt
1101 1571 1162 1619 ad
1180 1571 1411 1634 palatium
1433 1574 1580 1635 Pape.
1606 1572 1895 1635 Capitaneus

119 1658 221 1702 erat
245 1654 433 1702 medius
460 1655 588 1703 inter
613 1651 788 1703 ducem
811 1655 1090 1703 Urbinatem
1118 1671 1147 1702 a
1172 1654 1350 1702 dextris
1373 1659 1420 1703 et
1442 1657 1499 1702 D.
1525 1655 1787 1703 Fabritium
1812 1657 1899 1703 Co-

118 1736 334 1785 lumnam
368 1753 396 1785 a
432 1737 653 1786 sinistris.
683 1739 880 1786 Interim
909 1741 1039 1801 Papa
1075 1738 1293 1786 ascendit
1331 1738 1393 1786 ad
1425 1754 1645 1787 cameras
1686 1754 1797 1786 suas
1838 1738 1898 1786 de

120 1836 159 1868 S.
179 1823 322 1868 Petro
340 1820 399 1869 ab
418 1821 642 1869 omnibus
661 1821 982 1869 cardinalibus
1004 1822 1288 1880 associatus,
1307 1821 1389 1869 ubi
1408 1822 1618 1869 dimissis
1635 1822 1685 1868 in
1703 1804 1900 1869 camera

121 1904 359 1968 papagalli
391 1905 539 1953 sacris
568 1905 780 1953 vestibus
812 1904 1072 1954 licentiavit
1106 1921 1293 1964 omneS,
1325 1905 1406 1967 qui
1443 1905 1758 1968 collegialiter
1785 1904 1898 1952 inde

123 1987 430 2047 accedentes,
455 1988 758 2036 associarunt
778 1991 970 2036 Rmum.
991 1991 1049 2037 D.
1068 1988 1370 2037 cardinalem
1382 1988 1441 2037 de
1463 1991 1664 2047 Lunate,
1685 1988 1901 2052 legatum

123 2071 183 2118 de
204 2070 373 2131 latere,
397 2070 543 2120 hodie
570 2076 786 2120 creatum
814 2076 858 2119 et
885 2072 1199 2136 publicatum,
1225 2088 1376 2135 usque
1405 2077 1540 2122 extra
1562 2075 1754 2121 Portam
1774 2072 1903 2121 Viri·
1958 2110 1961 2112 >

124 2154 244 2202 darii
271 2155 372 2214 ubi,
395 2156 604 2219 peractis
633 2171 693 2204 ex
717 2171 852 2204 more
878 2155 1058 2220 gratiis,
1084 2156 1329 2204 redierunt
1350 2157 1410 2204 ad
1431 2157 1611 2205 Urbem
1633 2156 1902 2204 cardinales

125 2253 312 2287 omnes.
337 2241 444 2302 Ipse
464 2254 576 2288 vero
596 2239 783 2303 legatus
811 2239 1000 2287 intravit
1021 2239 1251 2303 palatium
1269 2256 1357 2303 per
1373 2245 1562 2304 portam
1582 2240 1754 2288 hortus
1776 2242 1902 2303 Pape

126 2326 261 2371 extra
281 2322 479 2382 Urbem,
501 2327 549 2372 et
569 2323 683 2371 fecit
703 2323 960 2386 prandium
985 2339 1096 2371 cum
1118 2327 1256 2372 Rmo.
1283 2326 1340 2371 D.
1364 2323 1607 2372 cardinale
1629 2322 1864 2371 Perusino
1890 2341 1898 2369 :

126 2405 299 2454 deinde
322 2406 462 2454 rediit
482 2406 543 2454 ad
563 2406 861 2470 pontificem,
881 2406 1127 2455 decretum
1150 2407 1508 2455 commissionis
1527 2423 1611 2456 sue
1627 2407 1687 2455 ab
1706 2422 1764 2455 eo
1787 2406 1905 2454 reci-

125 2490 280 2553 piens.

194 2573 334 2621 Feria
359 2573 542 2636 quinta,
568 2576 626 2620 27
656 2573 885 2633 octobris,
907 2577 1072 2621 RmuS.
1099 2578 1157 2622 D.
1183 2576 1438 2623 cardinalis
1466 2575 1525 2623 de
1551 2579 1753 2634 Lunate,
1777 2575 1907 2638 lega-

130 2663 223 2717 tus,
243 2662 290 2706 et
305 2657 399 2705 dux
420 2657 621 2717 Gandie,
640 2657 937 2721 capitaneus,
957 2674 1068 2707 cum
1090 2658 1210 2706 duce
1233 2658 1399 2706 Urbini
1416 2673 1470 2706 ac
1493 2657 1718 2705 omnibus
1737 2672 1905 2705 eorum

129 2740 370 2804 gentibus,
403 2740 568 2800 armis,
601 2741 838 2789 machinis
871 2745 918 2790 et
947 2741 1287 2806 preparatoriis
1319 2741 1540 2789 exierunt
1571 2741 1766 2798 Urbem,
1794 2740 1906 2788 ituri

128 2822 189 2870 ad
213 2822 560 2886 Anguillariam
589 2826 636 2871 et
663 2823 779 2871 alias
807 2827 960 2871 terras
989 2828 1036 2871 et
1061 2824 1170 2872 loca
1195 2826 1250 2871 D.
1275 2823 1477 2871 Gentilis
1494 2813 1698 2886 Virginii
1728 2823 1904 2882 Ursini,

129 2906 294 2954 omnia
313 2906 583 2955 successive
606 2906 905 2955 debellaturi.
928 2908 1273 2970 Expugnarunt
1298 2910 1461 2954 autem
1489 2909 1535 2953 et
1557 2905 1910 2968 acquisiverunt

132 2994 296 3038 sancte
321 3005 522 3039 romane
546 2990 778 3050 Ecclesie,
804 2990 928 3038 intra
952 2994 998 3038 et
1026 2990 1146 3038 citra
1172 3005 1320 3037 unum
1348 3004 1587 3047 mensem,
1612 2990 1782 3037 decem
1809 3005 1910 3036 cas-

136 3077 223 3132 tra,
240 3073 458 3122 videlicet
483 3073 874 3138 :Anguillariam,
893 3074 1134 3133 Galeram,
1154 3076 1436 3132 Bassanum,
1464 3073 1693 3131 Sutrium,
1713 3075 1910 3135 Campa-

133 3171 363 3219 gnanum,
393 3157 705 3217 Formellum,
740 3157 1045 3216 Scrofanum,
1079 3159 1334 3216 Cesenam,
1368 3157 1596 3215 Vianum,
1632 3156 1829 3203 Biedam
1864 3159 1910 3201 et

133 3239 439 3302 Trivignano.
462 3241 593 3286 Inter
622 3240 785 3288 omnia
806 3240 917 3299 hec,
942 3240 1283 3303 Trivignanum
1305 3243 1489 3286 tantum
1519 3239 1905 3286 combusserunt.

135 3324 313 3370 lterum
349 3325 519 3385 gentes
541 3322 699 3370 Ursini
730 3324 1101 3371 combusserunt
1131 3338 1301 3371 omnes
1331 3322 1554 3369 tabernas
1584 3320 1832 3368 Bracciani
1864 3323 1910 3366 et

134 3405 380 3465 Vicarelli,
405 3421 466 3454 ne
490 3409 660 3469 gentes
686 3406 900 3455 Ecclesie
929 3405 1108 3454 ibidem
1135 3410 1331 3469 possent
1358 3403 1610 3467 hospitari,
1635 3408 1686 3451 et
1713 3419 1772 3451 ex
1798 3407 1911 3449 tunc

324 3519 357 3544 τ.
388 3519 423 3544 11.
1678 3504 1724 3537 ‘22
