2202 3926
268 325 317 361 68
878 320 1110 358 ιΙΟΗΑΝΝΙΞ
1144 318 1441 365 BURCHARDI,
1850 319 1934 360 [Mai
1956 319 2052 359 1493]

1053 423 1268 471 Oramus.

329 512 540 560 Ecclesie
556 519 632 558 tue
646 526 917 575 quesumus,
937 509 1149 567 Domine,
1167 524 1328 572 preces
1333 508 1554 571 placatus
1570 505 1761 553 admitte
1775 515 1831 554 ut
1843 507 2050 555 destruc-

260 596 316 644 tis
347 594 701 644 adversitatibus
729 601 774 641 et
797 594 1030 641 erroribus
1058 592 1287 639 universis
1313 607 1478 638 secura
1508 589 1589 637 tibi
1613 590 1786 638 serviat
1814 591 2043 639 libertate.

1067 700 1245 747 Oratio.

327 788 470 848 Deus,
493 794 653 835 auctor
662 784 798 850 pacis
826 791 871 831 et
889 790 1070 850 amator
1088 774 1313 840 caritatis,
1332 796 1470 844 quem
1486 797 1646 829 amare
1659 781 1828 842 vivere,
1854 784 1931 831 cui
1949 800 2050 832 ser-

260 875 355 921 vire
369 887 570 936 reynare
585 877 667 928 est,
676 877 873 933 proteye
889 868 946 915 ab
961 867 1175 915 omnibus
1189 866 1981 932 impuqnatiouibussimplicestuos
1998 877 2051 916 ut

259 958 341 1022 qui
362 957 411 1004 in
432 955 705 1021 defensione
726 960 806 1001 tua
828 952 1107 1016 confidimus
1128 950 1307 998 nullius
1326 950 1591 1000 hostilitatis
1621 967 1755 1000 arma
1781 952 2045 1001 timeamus.

324 1041 424 1088 Per
449 1039 688 1087 Christum
710 1037 953 1085 dominum
974 1043 1205 1084 nostrum.

324 1125 502 1173 Amen.

327 1210 447 1255 Tum
465 1209 714 1271 apportata
725 1221 812 1270 per
830 1205 1178 1254 subdiaconum
1197 1205 1517 1269 apostolicum
1536 1221 1701 1254 coram
1718 1209 1863 1271 Papa,
1882 1222 2045 1266 cruce,

262 1295 392 1356 Papa
429 1290 676 1339 benedixit
712 1290 890 1355 populo
927 1305 1062 1338 more
1095 1289 1254 1348 solito,
1292 1289 1459 1339 dicens
1497 1306 1506 1337 ε
1543 1290 1622 1338 Sit
1651 1307 1821 1339 nomen
1855 1291 2082 1359 Domini·

264 1375 573 1423 benedictum.
1962 1435 1964 1438 ᾖ

328 1462 431 1515 Quo
454 1458 601 1517 facto,
638 1458 894 1523 episcopus
917 1459 1163 1523 predictus
1191 1458 1272 1523 qui
1293 1458 1513 1506 nondum
1542 1459 1600 1507 de
1628 1458 1814 1523 pulpito
1844 1457 2049 1508 descen-

267 1543 420 1601 derat,
457 1543 506 1590 in
538 1542 709 1591 eodem
733 1543 924 1602 sedens,
957 1543 1018 1591 ad
1044 1543 1275 1608 populum
1308 1559 1490 1603 versus,
1523 1543 1788 1608 publicavit
1812 1542 2055 1607 plenarias

261 1626 583 1691 indulgentias
613 1622 700 1691 per
729 1628 810 1676 SS.
846 1629 903 1675 D.
941 1632 1161 1676 nostrum
1190 1627 1413 1677 omnibus
1436 1627 1517 1691 qui
1547 1628 1695 1676 misse
1720 1620 2056 1676 ¹interfuerunt

265 1725 523 1779 concessas
559 1710 638 1759 vel
670 1727 757 1775 per
790 1715 944 1760 totum
982 1712 1114 1761 hunc
1151 1712 1491 1762 diem'dictam
1529 1712 1789 1760 ecclesiam
1830 1728 1868 1760 s.
1906 1712 2054 1760 Marci

265 1794 628 1844 invisitaverint.
661 1797 794 1844 Tunc
822 1796 1040 1860 pontifex
1070 1797 1212 1846 rediit
1239 1797 1300 1845 ad
1328 1796 1651 1845 faldistorium
1670 1796 1768 1858 ubi,
1791 1796 1916 1844 facta
1947 1811 2056 1844 ora-

268 1879 418 1939 tione,
456 1879 653 1928 dimisso
686 1880 896 1945 pluviali,
931 1881 1116 1946 recepit
1151 1880 1470 1946 capuccinum
1502 1879 1708 1929 rubeum
1745 1884 1792 1929 et
1830 1895 2052 1928 reversus

267 1967 338 2012 est
364 1979 451 2028 per
479 1964 702 2012 eamdem
728 1965 854 2013 viam
882 1966 941 2013 ad
968 1966 1200 2030 palatium
1226 1980 1314 2029 per
1341 1979 1486 2028 quam
1512 1968 1747 2013 venerunt
1778 1979 1787 2012 :
1823 1962 2051 2026 equitavit

270 2051 433 2096 autem
464 2052 562 2096 tam
594 2048 752 2097 eundo
784 2064 926 2113 quam
956 2049 1205 2098 redeundo
1235 2054 1283 2097 et
1311 2048 1361 2096 in
1387 2047 1557 2096 ordine
1585 2051 1728 2112 prout
1756 2046 1976 2112 superius
2005 2045 2055 2094 in

269 2130 425 2194 primo
447 2132 569 2180 festo
589 2133 991 2181 Annunciationis
1012 2137 1232 2181 notatum
1255 2137 1343 2180 est.

331 2217 454 2262 Nota
473 2214 601 2278 quod
623 2231 733 2263 cum
749 2216 927 2264 letanie
949 2216 1226 2264 dicerentur
1247 2220 1358 2264 ante
1379 2215 1595 2274 missam,
1621 2214 1872 2263 celebrans
1895 2231 2050 2281 genu—

268 2297 401 2346 flexit
433 2297 482 2345 in
516 2314 603 2347 suo
635 2298 901 2347 faldistorio
935 2299 982 2347 in
1018 2315 1169 2348 cornu
1205 2298 1407 2363 epistole
1444 2316 1454 2347 ε
1495 2299 1860 2348 convenientius
1892 2304 2055 2350 tamen

267 2380 437 2430 fuisset
478 2382 608 2445 quod
647 2382 707 2430 ad
746 2382 988 2431 sinistram
1032 2386 1159 2447 Pape
1200 2369 1550 2446 aliquantulum
1588 2386 1719 2431 retro
1757 2383 1805 2430 in
1842 2384 2053 2434 scabello

270 2465 614 2529 genuflexisset
633 2470 775 2530 prout
796 2467 845 2514 in
868 2466 1067 2516 sabbato
1091 2471 1256 2516 sancto
1283 2467 1387 2516 fieri
1410 2465 1549 2516 solet.

336 2549 474 2598 Feria
508 2549 689 2613 quinta,
733 2554 759 2598 2
787 2551 968 2599 mensis
999 2551 1130 2612 maii,
1165 2551 1339 2601 cecidit
1366 2552 1494 2600 circa
1520 2552 1692 2601 horam
1718 2551 1908 2617 prandii
1937 2568 2048 2616 pars

269 2633 395 2681 muri
415 2633 541 2682 inter
559 2638 770 2683 castrum
793 2636 944 2684 sancti
967 2636 1140 2700 Angeli
1165 2642 1213 2684 et
1239 2636 1471 2700 palatium
1489 2636 1810 2700 apostolicum
1831 2636 1879 2684 in
1901 2652 2050 2701 oppo-

270 2716 361 2765 sito
384 2716 556 2765 domus
577 2718 705 2768 bone
726 2719 961 2769 memorie
984 2720 1239 2769 cardinalis
1267 2720 1531 2769 Aleriensis
1561 2736 1589 2768 a
1608 2720 1727 2768 turri
1750 2737 1916 2770 versus
1949 2720 2052 2769 dic-

269 2805 371 2848 tum
406 2806 618 2850 castrum
655 2803 716 2851 ad
745 2818 924 2852 cannas
962 2821 1026 2853 xx
1063 2805 1139 2854 vel
1172 2805 1315 2865 circa,
1351 2820 1438 2868 pro
1473 2819 1531 2853 eo
1566 2805 1694 2868 quod
1723 2820 1889 2852 murus
1925 2804 2048 2868 ipse,

266 2889 508 2934 vetustate
540 2893 871 2951 consumptus,
904 2903 993 2952 per
1021 2888 1182 2936 menia
1210 2903 1333 2936 nova
1364 2887 1575 2950 desuper
1604 2890 1882 2935 constructa
1907 2886 2050 2933 nimis

267 2969 569 3033 gravabatur,
595 2985 738 3032 quem
761 2972 845 3019 SS.
872 2974 929 3019 D.
955 2973 1012 3019 N.
1039 2971 1141 3020 sine
1163 2986 1302 3020 mora
1321 2970 1434 3018 fecit
1455 2969 1742 3019 reedificari.

332 3051 605 3111 Dominica‚
626 3055 651 3100 5
672 3053 803 3113 maii,
830 3054 959 3102 circa
978 3055 1150 3104 horam
1163 3069 1475 3120 vesperorum
1498 3055 1582 3102 SS.
1610 3056 1665 3101 D.
1691 3055 1748 3101 N.
1775 3068 1885 3102 cum
1907 3068 2050 3117 capu-

268 3134 376 3183 cino
404 3134 554 3184 rubeo
586 3151 730 3200 supra
760 3137 1012 3186 rochetum
1046 3143 1093 3187 et
1122 3139 1308 3203 capello
1337 3138 1395 3186 de
1429 3136 1720 3197 cremesinO,
1749 3137 2047 3201 precedente

265 3285 315 3321 De
335 3285 476 3332 oriyine
497 3284 603 3322 Urbis
626 3287 764 3324 Venetae
785 3290 817 3324 et
833 3288 914 3324 ’vita
940 3289 1100 3325 omnium
1127 3288 1271 3326 ducum.
1295 3289 1365 3325 Les
1394 3299 1522 3325 causes
1549 3288 1594 3326 de
1620 3292 1714 3326 cette
1739 3286 1839 3337 ligue
1866 3292 1902 3325 et
1926 3292 2047 3325 toutes

262 3343 316 3381 les
335 3344 602 3382 circonstances
617 3346 868 3395 particulieres
890 3347 951 3396 qui
971 3348 1191 3385 l’entourent.
1211 3352 1295 3385 sont
1315 3348 1426 3385 mises
1447 3359 1492 3385 en
1517 3348 1688 3385 lumieres
1709 3360 1775 3397 par
1802 3346 2047 3385 Guicciardini
2120 3364 2125 3367 κ

266 3405 370 3450 (Dett’
384 3407 516 3442 istoria
536 3406 695 3452 d’Itulia,
718 3405 779 3443 liv.
803 3408 845 3454 I).
868 3407 962 3456 Voy.
985 3408 1087 3445 aussi
1107 3408 1267 3453 Rinaldi,
1290 3410 1453 3446 Annales
1473 3411 1584 3454 Eccl.‚
1607 3411 1634 3445 t.
1649 3408 1767 3454 XXX,
1786 3420 1822 3457 p.
1845 3408 1929 3452 205,
1943 3416 1985 3441 no
2000 3406 2045 3441 27

260 3468 296 3501 et
309 3463 341 3501 la
355 3465 472 3502 notei
496 3465 541 3502 de
562 3466 696 3513 Mansi‚
719 3471 755 3504 et
774 3470 796 3504 a
815 3467 996 3516 l'append.
1019 3467 1073 3504 les
1094 3474 1151 3503 n⁰⁸
1172 3469 1207 3514 8,
1231 3469 1274 3505 16
1295 3470 1317 3505 a
1336 3470 1396 3514 21,
1418 3468 1573 3517 passim.
