2202 3926
284 347 351 382 146
888 344 1123 381 JOHANNIS
1158 343 1454 386 BURCHARDI,
1859 343 1943 382 [Mai
1966 343 2059 382 1494]

282 446 429 493 nostri
473 444 589 493 Jesa
638 445 814 492 Christi
857 446 1086 494 custodiat
1130 447 1351 509 animant
1378 453 1506 492 tuam
1551 443 1600 489 in
1644 443 1785 489 vitam
1830 452 2053 492 eternam.

281 522 458 578 Amen.

347 617 674 678 Apportantur
709 613 918 676 ampulle
954 612 1048 659 vini
1083 616 1130 660 et
1164 627 1286 674 aque
1324 610 1383 657 de
1418 608 1679 668 credentia,
1717 610 1843 658 facta
1876 609 2056 658 ibidem

283 699 415 762 prius
436 698 587 761 proba
614 712 704 759 que
727 700 774 743 et
796 695 1008 743 secundo
1027 695 1080 741 fit
1101 693 1228 757 apud
1261 694 1425 752 altare,
1451 697 1499 741 ut
1518 693 1668 757 prius.
1693 696 1898 758 Legatus
1926 697 2057 757 pate-

282 798 394 828 nam
426 795 570 843 super
596 778 797 826 calicem
836 777 1092 840 diligenter
1127 777 1308 825 excutit
1340 780 1388 825 et
1424 776 1598 840 digitos
1636 776 1784 825 abluit
1812 781 1861 825 et
1891 777 2053 836 sumit,

283 868 383 911 tum
406 863 485 911 dat
505 862 607 926 regi
630 861 1036 926 purificationem,
1061 864 1161 908 tum
1182 864 1407 924 patenam
1429 877 1573 924 super
1599 860 1817 920 calicem,
1842 864 1894 909 ut
1915 876 2060 924 supra

282 946 487 1005 excutit3
514 945 778 993 infunditur
804 945 894 993 sibi
923 944 1104 1003 vinum,
1134 945 1372 1008 purificat,
1399 960 1450 992 se
1472 944 1618 992 abluit
1639 944 1832 1008 digitos,
1857 948 1904 993 et
1924 944 2059 992 ablu-

283 1029 464 1077 tionem
487 1029 647 1088 sumit,
673 1028 847 1091 accipit
867 1028 1077 1087 mitram,
1101 1028 1222 1076 levat
1243 1043 1414 1075 manus
1436 1032 1483 1077 et
1502 1027 1700 1075 missam
1720 1027 1924 1091 perficit.

347 1116 463 1172 Rex,
490 1116 680 1175 sumpta
700 1111 1042 1160 communione
1062 1116 1108 1160 et
1129 1111 1485 1175 purificatione,
1510 1111 1682 1175 accipit
1700 1126 1931 1160 coronam
1949 1115 2059 1160 ante

282 1196 501 1243 ultimum
535 1196 737 1260 gradum
771 1195 951 1255 altaris,
988 1211 1044 1243 ac
1078 1200 1322 1259 sceptrum
1356 1200 1403 1243 et
1434 1211 1655 1259 pomum;
1693 1198 1738 1244 et
1767 1195 1892 1243 facta
1924 1194 2058 1243 altari

282 1296 391 1328 cum
425 1280 579 1344 capite
613 1279 897 1338 reverentia,
932 1278 1056 1327 redit
1089 1279 1149 1328 ad
1188 1279 1452 1327 thalamum
1490 1295 1647 1338 suum,
1683 1295 1712 1326 a
1745 1278 1929 1327 duobus
1963 1278 2059 1326 suis

281 1363 614 1412 assistentibus
639 1379 750 1412 cum
774 1362 927 1411 mitris
949 1363 1232 1422 associatus,
1258 1363 1338 1411 ubi
1360 1363 1409 1410 in
1431 1362 1544 1412 sede
1575 1379 1661 1411 sua
1687 1363 1983 1426 genuflectit,
2014 1366 2062 1411 et

280 1447 489 1496 dimissis
512 1463 709 1507 corona,
738 1452 928 1511 sceptro
945 1452 991 1495 et
1013 1447 1169 1506 mitra,
1187 1447 1304 1511 legit
1320 1447 1732 1505 communionem,
1751 1451 1937 1510 etpost,
1956 1462 2061 1494 ora-

280 1531 462 1580 tionem
484 1531 542 1579 de
563 1531 741 1595 Spiritu
763 1535 927 1579 sancto
950 1530 1025 1578 cui
1047 1531 1177 1578 addit
1198 1546 1285 1595 per
1305 1546 1356 1579 se
1379 1534 1665 1594 sequentem
1687 1546 1697 1578 :

343 1615 478 1663 Deas
517 1614 599 1679 qai
637 1615 702 1662 ad
727 1614 1073 1677 pr'edieandmn
1110 1614 1258 1662 eterni
1288 1614 1425 1679 requi
1460 1604 1770 1678 eeanqelz'am,
1811 1630 2061 1662 romanam

282 1699 529 1762 imperium
556 1699 839 1762 preparasti,
871 1698 1101 1761 protende
1131 1698 1316 1762 famulo
1357 1707 1436 1745 tae
1475 1714 1607 1745 arma
1643 1698 1842 1757 celestia,
1879 1706 1932 1746 at
1958 1714 2064 1761 pax

278 1781 489 1829 Ecclesie
529 1782 661 1829 mella
700 1789 778 1829 tw
782 1782 912 1829 betur
951 1789 1216 1845 tempestate
1257 1781 1478 1829 bellonam
1516 1797 1645 1844 .··pet
1683 1781 1751 1828 I)
1790 1780 1858 1829 N.
1896 1781 2061 1830 Jesam

281 1865 518 1912 Christum
543 1865 701 1927 filiam
733 1873 882 1924 taum,
917 1881 998 1928 ‹Jaz
1030 1875 1179 1912 tecam
1211 1865 1320 1912 vivit
1351 1872 1397 1912 et
1419 1872 1587 1928 reynat
1615 1872 1698 1911 ete.
1690 1901 1720 1923 .,
1755 1864 1921 1913 ambas
1951 1870 2062 1956 post

276 1948 544 1996 orationem
567 1949 653 1997 sub
674 1948 953 2012 hujusmodi
975 1948 1250 1997 conditIOne
1273 1948 1583 1996 concludens.

340 2031 495 2079 Finita
515 2032 663 2079 missa
684 2035 731 2080 et
752 2032 1089 2081 benedictione
1110 2049 1197 2097 per
1216 2033 1428 2096 legatum
1451 2032 1576 2086 data
1609 2032 1737 2081 idem
1757 2031 1945 2096 legatus
1976 2030 2056 2081 dat

273 2114 539 2178 plenariam
576 2115 924 2179 indulgentiam
958 2116 1180 2165 omnibus
1212 2116 1457 2179 utriusque
1493 2132 1644 2164 sexus⁴
1670 2116 1751 2179 qui
1787 2116 1934 2165 misse
1969 2132 2052 2165 seu

274 2198 598 2246 benedictioni
640 2214 725 2246 sue
764 2199 1043 2263 hujusmodi
1088 2199 1429 2256 interfuerunt,
1473 2199 1612 2262 juxta
1649 2199 1925 2248 facultatem
1970 2215 2056 2262 per

274 2277 454 2329 bullam
469 2282 601 2345 justa
621 2282 768 2329 altare
788 2282 979 2345 publice
1002 2298 1263 2346 appensam
1285 2281 1374 2329 sibi
1396 2297 1702 2341 concessam;
1728 2299 1873 2346 quam
1894 2282 2051 2331 indul—

275 2364 486 2428 gentiam
513 2367 568 2412 R.
602 2367 653 2412 P.
690 2368 747 2412 D.
782 2365 1176 2429 archiepiscopus
1207 2365 1507 2413 Patracensis
1532 2365 1607 2414 vel
1637 2365 1766 2414 aliud
1795 2366 1856 2414 ad
1887 2366 2054 2415 volun-

274 2452 422 2496 tatem
455 2447 603 2512 ipsius
638 2448 785 2511 legati
821 2448 1110 2512 promulgat,
1149 2454 1278 2497 stans
1314 2449 1362 2496 in
1396 2449 1557 2497 medio
1593 2449 1755 2497 altaris
1792 2466 1958 2498 versus
1995 2449 2055 2498 ad

273 2531 520 2595 populum.
547 2534 770 2595 Legatus,
794 2531 1048 2595 publicatis
1076 2532 1403 2596 indulgentiiS,
1429 2533 1490 2580 ad
1510 2533 1658 2582 altare
1687 2550 1737 2582 se
1761 2533 1914 2593 vertit,
1940 2532 2055 2582 dicit

273 2614 510 2662 Dominus
532 2611 780 2675 vobiscum,
804 2615 1006 2663 Initium
1026 2617 1178 2664 saneti
1198 2617 1429 2680 eeanyele't'
1448 2624 1552 2676 ete„
1579 2617 1734 2681 signat
1751 2617 1899 2667 altare
1922 2621 1969 2667 et
1990 2617 2054 2665 ibi

274 2698 574 2761 evangelium
594 2698 752 2761 ipsum
769 2699 974 2762 perficit.

341 2784 441 2829 Rex
468 2782 660 2830 interim
690 2782 864 2846 accipit
891 2798 1139 2843 coronam,
1172 2787 1415 2847 sceptrum
1444 2788 1491 2832 et
1510 2800 1733 2847 pomum;
1758 2782 1975 2834 ascendit
1995 2782 2054 2834 ad

276 2881 556 2929 supremum
578 2867 779 2929 gradum
810 2867 986 2927 altaris,
1018 2868 1312 2931 genuflectit.
1339 2870 1566 2932 Legatus‚
1591 2870 1800 2933 acceptis
1823 2884 2052 2933 corpora-

274 2948 398 2996 libus
427 2949 657 2997 ambabus
685 2951 925 3010 manibus,
958 2955 1005 2998 et
1033 2952 1124 2998 illis
1153 2951 1390 2998 indicibus
1421 2952 1581 2999 medio
1613 2952 1840 3011 extensis,
1870 2950 1919 2998 in
1946 2967 2052 2999 mo-

278 3032 390 3079 dum
413 3033 795 3081 semirotundum
822 3033 1026 3095 plicatis,
1051 3034 1130 3081 illa
1157 3034 1259 3097 regi
1280 3033 1480 3097 porrigit
1502 3033 1780 3093 osculanda,
1815 3037 1913 3081 tum
1935 3033 2051 3081 dex-

275 3118 400 3162 trum
427 3115 600 3164 deinde
632 3115 878 3163 sinistrum
906 3116 1071 3163 oculos
1095 3116 1223 3180 regis
1250 3116 1419 3179 tangit,
1450 3121 1495 3164 et
1522 3117 1625 3180 regi
1653 3115 1825 3164 iterum
1851 3115 2053 3180 porrigit
2113 3141 2130 3147 ·

275 3198 535 3247 osculanda
559 3216 568 3247 ε
595 3199 789 3247 demum
810 3214 920 3246 cum
939 3198 1054 3262 ipsis
1076 3199 1263 3263 signum
1288 3199 1442 3248 crucis
1462 3217 1606 3264 super
1623 3216 1788 3265 regem
1806 3199 2045 3264 producit,

277 3280 357 3344 qui
382 3283 534 3345 surgit
562 3299 571 3330 :
598 3281 859 3346 imponitur
883 3280 971 3328 sibi
999 3297 1179 3330 corona
1207 3300 1215 3329 :
1242 3283 1411 3347 recipit
1433 3289 1672 3348 sceptrum
1694 3288 1741 3333 et
1761 3298 1979 3348 pomum,
2003 3287 2052 3331 et

275 3364 325 3411 in
353 3364 638 3425 faldistorio,
669 3365 797 3429 quod
821 3369 931 3429 post
957 3365 1169 3413 medium
1190 3366 1350 3414 altaris
1370 3380 1532 3415 versus
1560 3384 1709 3416 cornu
1731 3366 1933 3431 epistole
1961 3363 2048 3413 sibi

276 3447 488 3510 ponitur,
516 3449 668 3497 sedet.
