2202 3926
288 339 334 373 60
897 332 916 368 J
922 330 1132 368 OHANNIS
1167 329 1463 377 BURCHARDI,
1480 331 1482 333 ’
1847 334 1957 374 [Avi-11
1974 336 2070 375 1493]

284 438 470 505 piscopi
519 436 820 487 Coloniensis
870 438 1048 493 orator,
1104 434 1184 498 qui
1238 437 1440 483 conatus
1493 439 1566 483 est
1615 432 1911 484 contendere
1959 452 2070 485 cum

286 526 343 571 D.
368 522 578 571 Antonio
601 521 659 569 de
684 519 866 584 Clapsis
885 519 1131 583 preposito
1147 518 1522 576 wormaciensi,
1549 521 1604 565 R.
1631 520 1687 566 D.
1713 517 2069 584 archiepiscopi

287 605 558 670 Moguntini
581 608 789 661 oratore,
822 618 967 665 super
993 600 1321 665 precedentia,
1347 600 1461 648 licet
1483 615 1511 648 a
1531 600 1739 663 quatuor
1758 602 2006 650 mensibus
2026 604 2073 650 et

289 690 414 739 ultra
443 688 679 737 Dominus
714 686 958 732 Johannes
987 683 1182 746 Coppis,
1206 698 1293 747 pro
1317 683 1422 747 ejus
1457 686 1514 730 D.
1553 684 1853 733 Coloniensis
1871 690 2073 734 oratore

288 790 339 821 se
362 787 535 836 gerens
557 770 797 834 prefatum
821 770 878 814 D.
909 766 1174 814 Antonium
1197 782 1248 815 se
1269 766 1534 830 precedere
1554 767 1755 834 pacifice
1778 769 2068 832 permiserit,

289 862 335 905 et
356 857 415 904 de
438 853 581 902 simili
603 850 915 900 contentione
946 865 1056 898 meo
1085 854 1306 914 tempore
1333 850 1517 898 nullum
1544 866 1758 913 unquam
1787 851 1984 899 verbum
2013 852 2071 899 sit

284 939 519 998 habitum,
549 935 641 984 nisi
672 935 732 983 ab
762 934 1000 998 aliquibus
1031 933 1168 982 annis
1196 933 1372 997 elapsis
1403 934 1537 994 citra,
1565 936 1678 983 vcum
1705 934 1755 982 in
1783 934 1910 982 Urbe
1943 939 2071 984 esset

289 1026 344 1070 D.
380 1021 662 1071 Guillelmus
696 1019 755 1068 de
792 1019 938 1067 Bibra
970 1018 1108 1066 miles
1142 1023 1189 1066 et
1223 1023 1411 1078 orator,
1451 1018 1531 1082 qui
1569 1018 1714 1083 hujus
1751 1019 2072 1068 contentionis

288 1107 423 1170 origo
449 1105 538 1154 fuit
565 1109 613 1153 et
638 1104 877 1162 inventor,
909 1118 1133 1151 asserens
1163 1119 1221 1151 ex
1251 1102 1489 1166 imperiali
1521 1102 1651 1151 bulla
1678 1118 1826 1151 aurea
1853 1102 2075 1151 Carolina

291 1189 630 1237 Coloniensem
661 1186 1008 1236 cancellarium
1037 1202 1144 1236 esse
1175 1179 1363 1251 imperii
1393 1201 1481 1250 per
1511 1186 1713 1246 Italiam,
1738 1190 1786 1235 et
1815 1190 2075 1250 propterea

290 1272 554 1338 precedere
589 1272 769 1321 debere
806 1271 855 1319 in
890 1271 1023 1320 Italia
1057 1271 1413 1335 Moguntinum,
1451 1270 1533 1334 qui
1568 1269 1882 1318 cancellarius
1918 1273 1990 1318 est
2024 1270 2074 1318 in

292 1357 579 1417 Germania3
622 1372 720 1405 non
760 1355 1016 1404 attendens
1056 1355 1392 1419 Moguntinum
1432 1354 1670 1403 decanum
1708 1368 1816 1403 esse
1857 1354 2073 1402 omnium

295 1441 580 1499 eleetorum,
604 1444 848 1505 proptera,
874 1440 955 1488 ubi
976 1440 1107 1498 licet,
1131 1439 1397 1503 precedere
1420 1439 1617 1489 debere.

359 1524 444 1572 Fui
475 1527 621 1588 super
652 1523 1003 1572 consuetudine
1033 1539 1121 1587 per
1148 1522 1313 1571 ambas
1344 1528 1507 1586 partes
1534 1523 1874 1586 interrogatuS,
1906 1523 2080 1585 quibus

295 1606 522 1672 respondi
552 1607 678 1656 hanc
711 1607 1078 1657 contentionem
1103 1610 1278 1655 novam
1307 1621 1432 1666 esse,
1467 1610 1516 1654 et
1535 1606 1808 1670 predictum
1834 1605 2078 1669 quondam

296 1695 354 1739 D.
380 1691 689 1740 Guillelmum
717 1691 776 1740 de
804 1691 947 1740 Bibra
969 1690 1294 1754 excogitasse3
1322 1706 1416 1753 quo
1443 1690 1708 1748 intellecto,
1734 1690 1861 1738 inter
1881 1705 1932 1738 se
1960 1705 2078 1738 con-

295 1775 574 1836 cordarunt,
616 1775 746 1839 quod
784 1775 906 1823 alter
952 1790 1120 1822 eorum
1160 1774 1409 1822 alternatis
1447 1773 1630 1822 vicibus
1669 1773 1870 1833 veniret,
1911 1772 2076 1836 sicque

293 1858 438 1906 hodie
459 1859 696 1907 Antonius
722 1862 1048 1923 permaneret,
1080 1862 1126 1905 et
1157 1857 1280 1905 alter
1304 1872 1391 1920 pro
1414 1856 1490 1904 die
1511 1856 1729 1920 predicta
1748 1857 1956 1916 veniret3
1981 1872 2078 1920 quo

294 1942 461 1991 ordine
498 1943 628 2003 dato,
665 1943 822 1992 dictus
857 1946 913 1991 D.
952 1941 1190 1989 Antonius
1223 1941 1351 1989 venit
1383 1940 1530 1988 hodie
1564 1940 1624 1988 ad
1658 1941 1893 2005 capellam
1927 1940 2077 1989 altero

293 2031 426 2074 extra
447 2032 694 2076 manente.

356 2110 495 2159 Feria
513 2116 684 2174 quarta
700 2110 1006 2159 hebdomade
1023 2114 1205 2168 sancte,
1228 2113 1254 2158 3
1271 2108 1453 2158 mensis
1472 2108 1652 2172 apriliS,
1672 2109 1755 2156 SS.
1778 2110 1835 2155 D.
1855 2111 1910 2156 N.
1931 2108 2077 2156 amic-

291 2198 366 2241 tus
388 2192 513 2251 alba,
538 2193 748 2256 cingulo,
774 2193 896 2241 stola
927 2193 1135 2241 violacea
1157 2196 1204 2241 et
1225 2208 1378 2256 cappa
1401 2192 1460 2239 de
1489 2192 1696 2241 scarlato
1718 2193 1821 2240 sine
1842 2192 2001 2253 mitra,
2028 2196 2075 2240 et

291 2275 393 2322 sine
426 2290 587 2333 cruce,
622 2274 935 2338 sequentibus
966 2275 1124 2338 ipsum
1158 2274 1500 2335 cardinalibus,
1535 2279 1582 2323 et
1609 2275 1714 2323 aliis
1744 2291 1879 2324 more
1912 2275 2071 2333 solito,

287 2358 419 2406 venit
440 2358 501 2405 ad
526 2358 761 2422 capellam
790 2359 1045 2423 majorem,
1072 2358 1170 2418 ubi,
1204 2358 1331 2408 facta
1358 2359 1576 2408 oratione
1607 2358 1657 2407 in
1678 2359 1962 2420 faldistorio,
1997 2367 2074 2408 as-

291 2441 453 2490 cendit
471 2441 661 2490 solium.
685 2442 946 2490 Cardinalis
967 2443 1194 2491 Senensis
1214 2447 1261 2491 et
1281 2442 1573 2491 camerarius
1589 2459 1648 2491 ex
1665 2459 1715 2491 se
1730 2459 1829 2491 non
1842 2448 2075 2492 venerunt

292 2525 351 2573 ad
373 2525 634 2588 aptandum
663 2526 956 2575 anteriorem
981 2531 1168 2592 partem
1189 2527 1490 2576 fimbriarum
1512 2543 1662 2593 cappe
1686 2531 1813 2592 Pape
1841 2528 1891 2575 in
1910 2526 2074 2576 faldis-

288 2608 430 2667 torio,
462 2624 620 2672 neque
649 2625 708 2658 ex
742 2626 793 2659 se
825 2613 1004 2674 Papam
1025 2612 1086 2660 ad
1116 2612 1290 2661 solium
1312 2614 1554 2663 associare
1575 2614 1846 2663 voluerunt.
1877 2617 1927 2662 In
1955 2610 2068 2677 quo,

286 2693 399 2741 licet
420 2693 540 2743 forte
562 2710 660 2743 non
688 2695 970 2755 erraverint,
1003 2695 1115 2759 quia
1143 2700 1306 2745 tamen
1338 2698 1667 2762 superioribus
1697 2698 1995 2763 temporibus
2023 2698 2071 2777 ig

287 2777 445 2825 facere
466 2778 722 2827 voluerunt
744 2782 790 2827 et
810 2779 1047 2839 fecerunt,
1073 2779 1132 2828 de
1152 2779 1248 2828 hoc
1269 2795 1297 2828 a
1317 2796 1395 2828 me
1417 2781 1716 2840 commoniti,
1734 2781 1910 2830 iterum
1924 2781 2070 2829 modo

287 2859 335 2908 id
357 2864 577 2924 egerunt.
604 2864 733 2924 Papa
753 2866 915 2910 autem
936 2863 986 2910 in
1008 2864 1128 2912 solio
1149 2865 1400 2923 existente,
1425 2865 1570 2913 etiam
1585 2871 1844 2929 antequam
1859 2865 2066 2924 sederet,

288 2948 611 3002 recesserunt,
643 2949 803 3007 aptata
831 2949 992 2994 tamen
1020 2947 1150 3009 prius
1184 2948 1272 2996 sibi
1303 2964 1331 2996 a
1358 2951 1486 2996 retro
1515 2947 1863 3010 aliquantulum
1897 2952 2064 3010 cappa.

287 3029 416 3090 Papa
443 3031 606 3076 autem
636 3026 686 3074 in
714 3027 810 3075 fine
837 3028 1100 3091 antiphone
1128 3035 1238 3094 post
1264 3031 1546 3080 Benedictus
1579 3030 1782 3093 repetite
1813 3029 1873 3077 ad
1905 3029 2069 3078 faldis-

286 3110 464 3157 torium
486 3113 648 3169 eunte,
674 3113 722 3159 et
741 3109 870 3170 inde,
897 3110 1025 3159 dicta
1052 3113 1289 3172 oratione,
1327 3113 1604 3172 recedente,
1634 3127 1689 3160 ac
1718 3112 1913 3161 interim
1940 3113 2069 3176 quod

286 3192 464 3240 ibidem
487 3192 854 3256 genuflecteret,
879 3198 1020 3256 atque
1043 3210 1195 3258 usque
1218 3195 1266 3242 in
1294 3211 1537 3244 cameram
1565 3197 1710 3258 Pape,
1741 3195 1873 3243 nullo
1896 3201 2065 3244 eorum

284 3275 597 3324 cardinalium
631 3277 960 3326 assistentium
994 3293 1045 3326 se
1074 3278 1456 3341 approximante,
1493 3278 1709 3327 fimbrias
1745 3294 1896 3342 cappe
1933 3280 2060 3342 Pape

285 3359 426 3407 simul
458 3360 684 3409 collectas
724 3362 928 3425 portavit
966 3360 1361 3425 archiepiscopus
1394 3361 1688 3411 Arelatensis
1726 3363 1972 3420 assistens,
2012 3366 2060 3408 et

286 3446 448 3491 cetera
469 3444 632 3492 omnia
652 3444 903 3493 observata
923 3450 1032 3493 sunt
1053 3460 1189 3494 more
1212 3444 1371 3494 solito.
1407 3448 1410 3449 ⁷
2097 3443 2101 3447 ’
