2216 3886
302 312 371 346 586
909 306 1142 343 JOHANNIS
1175 303 1471 348 BURCHARDI,
1753 306 1964 345 [Decembre
1985 307 2079 346 1499]

297 410 414 476 ipsis
452 410 674 459 fidelibus
714 424 824 456 cum
857 407 1017 455 debita
1053 411 1100 454 et
1137 405 1364 468 singulari
1400 404 1653 453 devotione
1692 405 1985 468 frequentari
2023 423 2077 456 ac

298 494 465 542 fideles
500 493 630 557 ipsos
663 490 723 538 ad
749 490 926 538 dictam
960 488 1137 536 Urbem
1167 503 1254 551 pro
1284 486 1557 534 reverentia
1591 487 1841 535 beatorum
1875 491 2000 538 Petri
2030 496 2077 540 et

299 578 430 627 Pauli
461 574 789 639 apostolorum
822 572 1093 636 principum
1124 571 1203 634 qui
1238 586 1345 619 eam
1379 570 1609 634 martyrio
1640 586 1728 619 suo
1760 586 2075 623 consecrave-

301 665 433 717 runt,
473 664 520 706 et
557 658 607 705 in
644 671 850 719 quorum
889 655 1122 713 basilicis,
1166 654 1254 702 sub
1293 654 1479 702 illarum
1514 654 1780 718 majoribus
1819 655 2073 716 altaribus,

300 744 491 791 illorum
522 740 734 804 gloriosa
763 753 966 801 corpora
996 742 1042 786 et
1071 738 1120 785 in
1150 737 1285 786 altari
1314 737 1518 786 ecclesie
1555 737 1889 785 Lateranensis
1921 739 2080 802 capita

300 826 548 876 recondita
569 827 819 872 servantur
845 838 900 869 ac
927 821 1238 886 indulgentiis
1267 821 1379 869 dicti
1404 821 1575 886 Jubilei
1605 821 1958 884 consequendis
1987 838 2078 869 un-

299 911 442 974 dique
472 905 790 972 personaliter
822 904 1055 953 accedere
1091 921 1100 953 :
1135 906 1230 953 Nos
1263 904 1342 968 qui
1376 903 1598 968 ejusdem
1629 904 1678 950 b.
1715 903 1840 952 Petri
1873 903 2076 963 meritis,

299 994 413 1042 licet
445 985 727 1055 imparibus,
765 1003 1074 1036 successores
1106 1003 1271 1035 sumus
1304 993 1351 1036 et
1382 1003 1469 1052 per
1499 987 1615 1035 alias
1648 987 1859 1034 diversas
1890 990 2079 1035 nostras

302 1075 634 1142 plenissimam
655 1073 767 1122 dicti
790 1071 902 1120 anni
916 1071 1082 1134 jubilei
1113 1071 1463 1135 indulgentiam
1490 1070 1769 1134 tltterasque
1799 1069 2081 1118 eorumdem

303 1160 705 1225 predecessorum
737 1160 1015 1204 nostrorum
1050 1155 1259 1219 desuper
1290 1158 1537 1204 emanatas
1572 1155 1630 1203 de
1660 1155 1861 1202 fratrum
1890 1158 2095 1207 nostroe

304 1260 409 1292 rum
441 1242 640 1291 consilio
672 1239 1040 1305 approbavimus
1068 1243 1115 1288 et
1142 1239 1467 1287 innovavimus
1486 1238 1559 1303 [ne
1591 1239 1840 1302 contingat
1871 1239 2080 1303 aliquem

305 1327 525 1391 ignorare
554 1342 640 1374 seu
667 1324 886 1372 dubitare
917 1339 1012 1387 quo
1040 1328 1258 1386 tempore
1287 1339 1440 1370 annus
1473 1322 1564 1371 iste
1587 1322 1757 1386 jubilei
1785 1322 1999 1387 incipiat,
2034 1328 2080 1371 et

307 1427 399 1474 que
430 1426 486 1458 ac
516 1412 631 1473 quot
658 1407 880 1468 ecclesie,
914 1422 1002 1471 pro
1037 1407 1164 1455 dicta
1194 1405 1536 1469 consequenda
1568 1406 1865 1470 indulgentia
1897 1405 2077 1470 plenis-

305 1494 441 1554 sima,
467 1508 522 1542 ac
543 1496 661 1556 quot
681 1491 848 1554 diebus
870 1491 947 1539 ille
974 1490 1153 1539 v1sitari
1182 1490 1407 1550 debeant,
1432 1507 1519 1554 per
1544 1494 1708 1538 nostre
1735 1488 2074 1537 declarationis

307 1576 554 1625 oraculum
590 1575 749 1623 debite
779 1574 1027 1638 providere
1058 1574 1290 1635 volentes,
1324 1574 1607 1622 auctoritate
1641 1571 1904 1635 apostolIca
1938 1575 1985 1619 et
2018 1586 2077 1619 ex

307 1663 437 1708 certa
468 1659 686 1717 scientia,
717 1663 885 1707 tenore
916 1658 1233 1722 presentium,
1271 1657 1493 1705 omnibus
1521 1661 1567 1705 et
1598 1657 1796 1720 singulis
1827 1656 2077 1719 utriusque

309 1759 450 1792 sexus
483 1743 657 1791 Christi
695 1742 916 1791 fidelibus
948 1758 1037 1805 per
1071 1742 1346 1789 universum
1380 1741 1546 1809 orbem
1584 1740 1856 1807 constitutis
1892 1756 2080 1788 annun-

307 1827 490 1876 ciamus
526 1830 573 1874 et
610 1825 909 1874 declaramus
944 1825 1102 1889 ipsum
1139 1839 1318 1872 annum
1351 1823 1520 1888 jubilei
1556 1823 1604 1871 in
1640 1824 1799 1887 vigilia
1830 1827 1877 1872 et
1911 1823 2077 1888 primis

306 1911 517 1975 vesperis
550 1909 812 1958 Nativitatis
847 1912 903 1957 D.
941 1911 997 1957 N.
1033 1912 1076 1956 J.
1114 1911 1164 1957 C.
1198 1908 1414 1972 proxime
1444 1908 1656 1956 venturis
1689 1907 1944 1967 inchoare;
1982 1923 2076 1971 quo

303 1997 521 2057 tempore
556 1996 744 2056 portam
779 1991 903 2039 dicte
940 1991 1136 2040 basilice
1172 1991 1221 2039 b.
1262 1991 1389 2039 Petri
1426 1991 1691 2040 centesimo
1725 2006 1915 2055 quoque
1949 2005 2076 2039 anno

299 2077 468 2142 jubilei
489 2093 574 2141 pro
603 2077 786 2142 majore
818 2076 1033 2124 fidelium
1065 2075 1315 2125 devotione
1340 2074 1514 2139 aperiri
1543 2075 1750 2134 solitam,
1780 2072 2075 2121 adstantibus

300 2162 644 2212 venerabilium
669 2162 871 2210 fratrum
898 2164 1174 2208 nostrorum
1196 2164 1360 2208 sancte
1383 2161 1599 2207 Romane
1625 2158 1827 2207 ecclesie
1855 2156 2075 2204 cardina-

299 2246 418 2293 lium
451 2244 655 2307 collegio
686 2259 742 2291 ac
774 2243 984 2290 maxima
1013 2243 1307 2306 prelatorum
1337 2242 1451 2290 cleri
1480 2248 1528 2290 et
1554 2241 1717 2306 populi
1746 2239 2070 2298 multitudine,

302 2328 506 2393 propriis
542 2327 764 2374 manibus
794 2326 1084 2390 aperiemus,
1119 2326 1446 2388 faciemusque
1485 2325 1670 2389 aperire
1702 2324 1817 2372 alias
1853 2323 2077 2372 basilicas

306 2429 344 2460 s.
376 2412 509 2460 Pauli
531 2427 586 2459 ac
614 2409 949 2458 Lateranensis
977 2414 1024 2457 et
1051 2410 1097 2457 b.
1123 2409 1270 2457 Marie
1301 2409 1496 2473 majoris
1524 2408 1582 2456 de
1612 2408 1739 2456 dicta
1765 2407 1892 2456 Urbe
1920 2406 2077 2455 eccle-

306 2496 484 2544 siarum
516 2500 697 2559 portaS,
734 2495 879 2543 etiam
909 2493 968 2541 de
1000 2507 1135 2540 more
1167 2507 1293 2539 anno
1320 2491 1490 2555 jubilei
1523 2490 1698 2555 aperiri
1726 2492 1997 2548 consuetas,
2030 2492 2078 2536 et

303 2596 389 2644 pro
417 2578 757 2642 consequenda
790 2578 894 2641 ipsa
919 2575 1199 2640 plenissima
1227 2575 1525 2639 indulgentia
1554 2575 1857 2623 basilicarum
1885 2588 2078 2622 eorum-

305 2663 415 2712 dem
443 2662 772 2727 apostolorum
802 2660 926 2708 Petri
954 2664 1001 2708 et
1029 2659 1179 2720 Pauli,
1211 2674 1266 2707 ac
1294 2658 1629 2707 Lateranensis
1660 2662 1705 2706 et
1727 2658 1775 2705 b.
1804 2656 1953 2705 Marie
1974 2671 2078 2704 ma-

297 2747 418 2811 joris
440 2746 669 2794 ecclesias
691 2745 977 2807 illarumque
999 2743 1184 2807 maj0ra
1209 2742 1376 2790 altaria
1396 2742 1540 2805 hujus
1568 2741 1699 2789 modi
1726 2756 1814 2805 per
1836 2744 2077 2788 Romanos

306 2834 353 2877 et
385 2829 433 2876 in
464 2828 589 2875 dic-ta
618 2829 744 2876 Urbe
779 2830 1136 2874 commorantes
1171 2829 1219 2873 et
1251 2825 1536 2883 residentes,
1571 2825 1781 2887 triginta,
1818 2839 1905 2886 per
1935 2837 2076 2885 pere-

306 2912 468 2976 grinos
497 2926 607 2959 vero
638 2914 686 2958 et
714 2910 949 2968 forenses,
984 2908 1256 2971 quindecim
1287 2907 1455 2955 diebus
1486 2907 1723 2955 continuis
1752 2923 1835 2954 seu
1864 2906 2078 2969 interpo-

303 2995 432 3054 latis,
466 2993 615 3042 semel
642 2993 689 3040 in
721 2992 796 3039 die
826 2991 1006 3039 visitari
1038 2990 1232 3049 debere,
1265 3005 1434 3038 omnes
1461 2993 1508 3037 et
1535 2990 1746 3053 singulas
1774 2989 2078 3053 plenissimas

306 3077 624 3141 indulgentias
638 3092 726 3140 per
743 3074 962 3123 dominos
984 3074 1355 3138 predecessores
1378 3073 1505 3121 dicto
1528 3089 1653 3120 anno
1669 3072 1840 3137 jubilei
1858 3072 2078 3121 basilicas

306 3166 353 3210 et
385 3160 614 3209 ecclesias
649 3158 887 3223 predictas
919 3157 1215 3205 visitantibus
1251 3172 1524 3216 concessas,
1563 3157 1622 3205 de
1656 3172 1779 3204 novo
1812 3171 1899 3220 pro
1935 3171 2079 3204 cons-

309 3244 595 3293 cientiarum
626 3242 908 3291 eorumdem
937 3241 1150 3290 fidelium
1179 3240 1351 3305 majori
1380 3240 1651 3293 securitate,
1683 3255 1738 3288 ac
1766 3239 1939 3304 potiori
1967 3255 2080 3288 cau-

315 3327 423 3386 tela,
450 3326 741 3375 authoritate
767 3330 815 3374 et
836 3324 1052 3383 scientia,
1081 3328 1128 3372 et
1155 3324 1374 3372 similiter
1393 3323 1730 3387 approbantes,
1758 3322 2079 3371 concedentes

313 3414 358 3457 et
381 3409 684 3467 innovantes,
709 3408 988 3471 adjicientes
1007 3422 1217 3470 quoque,
1241 3412 1291 3455 ut
1311 3407 1342 3454 ii
1365 3406 1444 3470 qui
1462 3421 1549 3470 pro
1571 3406 1911 3469 consequenda
1931 3404 2082 3452 indul-
