2202 3926
126 333 235 375 [Avril
258 333 348 373 1493]
572 328 740 365 RERUM
755 360 757 362 .
775 325 1080 363 URBANARUM
1112 324 1465 362 COMMENTARII.
1871 328 1919 366 65

128 439 426 485 Venetorum
446 452 456 491 3
479 432 758 490 secundam,
784 433 841 478 D.
866 428 1090 494 Aloysius
1111 427 1170 476 de
1192 425 1432 493 Paladinis
1458 429 1621 474 orator
1645 427 1770 489 regis
1792 431 1917 477 Nea-

127 520 354 584 politani;
397 518 607 575 tertiam,
632 519 689 564 D.
720 515 968 563 Johannes
995 513 1120 562 della
1150 514 1295 560 Serra
1328 515 1492 559 orator
1524 510 1654 574 regis
1693 512 1914 563 Francie2

127 603 284 652 affinis
306 606 464 667 Pape;
490 604 728 665 quartam,
753 598 970 662 dispotus
996 613 1006 644 :
1033 595 1289 661 epistolam
1308 610 1506 659 grecam
1521 594 1720 642 dixitD.
1748 596 1923 644 Deme-

128 688 263 747 trius,
286 686 590 750 evangelium
618 698 816 749 grecum
843 685 900 730 D.
923 681 1170 729 lohannes
1190 679 1555 744 ArgyropyltuS.
1580 682 1638 727 D.
1666 681 1768 744 Ugo
1791 682 1921 728 Ben-

126 773 228 822 cius
255 771 579 820 subdiaconus
606 767 900 833 apostolicus
928 766 1046 814 dixit
1076 764 1331 829 epistolam
1359 763 1581 823 latinam,
1616 764 1922 828 evangelium

129 855 384 905 cardinalis
406 872 445 903 s.
472 853 666 917 Georgii
692 869 701 900 :
727 850 985 901 cardinalis
1008 849 1352 913 Neapolitanus
1373 847 1463 896 fuit
1485 848 1737 909 assistens,
1764 849 1922 897 cardi-

131 935 262 988 nalis'
283 936 706 988 vicecancellarius
733 935 783 982 in
817 950 969 982 cornu
1009 932 1242 996 evangelii
1282 936 1329 979 et
1364 948 1403 979 s.
1443 932 1657 980 Severini
1686 933 1736 980 in
1772 949 1923 982 cornu

130 1023 332 1088 epistole
361 1021 660 1079 assistentes,
696 1018 890 1081 incepto
910 1033 999 1080 per
1029 1016 1188 1063 omnia
1217 1015 1374 1062 secula
1400 1015 1665 1063 seculorum
1687 1032 1839 1080 usque
1865 1017 1925 1065 ad

132 1105 524 1155 communionem
547 1106 693 1167 Pape,
725 1101 814 1149 sibi
840 1100 1048 1148 invicem
1075 1099 1252 1148 faciem
1271 1102 1534 1147 vertentes.
1560 1102 1690 1164 Papa
1711 1115 1925 1163 commu-

133 1190 307 1238 nicavit
331 1169 502 1237 o'mnes
523 1187 832 1244 accedentes,
861 1184 1019 1248 primo
1044 1188 1154 1248 post
1181 1198 1352 1232 omnes
1377 1183 1626 1243 diaconos,
1658 1184 1920 1248 dispotum,

130 1274 383 1323 Jofredum
412 1272 606 1335 Borgia,
636 1274 868 1334 nepotem
896 1284 1055 1327 suum,
1088 1272 1365 1316 senatorem
1395 1272 1504 1331 post
1539 1268 1923 1331 protonotarium

132 1359 192 1407 de
215 1360 519 1410 Sermoneta,
550 1363 768 1404 oratores
795 1353 948 1401 laicos
976 1355 1024 1401 et
1050 1352 1169 1400 alios
1198 1367 1286 1400 suo
1315 1350 1485 1399 ordine
1519 1356 1757 1414 quotquot
1783 1360 1924 1400 vene·-

124 1446 252 1491 runt.
294 1444 491 1505 Incepta
521 1438 892 1496 communione,
935 1441 1186 1485 ostensum
1220 1436 1308 1483 fuit
1344 1435 1528 1483 ferrum
1561 1434 1732 1484 lancee
1766 1435 1840 1483 bis
1875 1439 1925 1483 et

122 1524 362 1577 Veronica
383 1529 457 1574 ter
477 1525 536 1572 de
560 1523 788 1571 mandato
814 1525 942 1585 Pape
969 1521 1148 1586 populo
1171 1524 1222 1568 ut
1244 1519 1398 1568 exiret
1421 1519 1482 1568 ad
1504 1519 1669 1568 locum
1691 1518 1923 1567 benedic-

126 1611 297 1669 tionis3
322 1609 497 1658 deinde
517 1605 1036 1657 fueruntsolummodo
1065 1610 1278 1663 ostensa,
1311 1604 1448 1652 finita
1469 1603 1637 1663 missa,
1663 1603 1916 1653 Sanctitati

127 1712 213 1744 sue
235 1711 349 1759 que,
379 1694 472 1742 illis
501 1693 632 1753 visis,
670 1691 890 1740 ascendit
923 1689 985 1739 ad
1013 1690 1176 1738 locum
1207 1689 1561 1738 benedictionis
1585 1692 1632 1737 et
1661 1689 1750 1737 sub
1773 1704 1924 1753 regno

132 1779 417 1828 solemniter
435 1776 713 1836 benedixit;
740 1792 779 1823 S.
806 1774 1000 1838 Georgii
1020 1774 1168 1822 latine
1194 1774 1315 1823 etde
1329 1774 1567 1824 Columna
1585 1773 1856 1822 cardinales
1877 1772 1926 1820 in

130 1862 311 1925 vulgari
339 1860 723 1925 pronunciat-unt
753 1858 1078 1922 indulgentias
1099 1857 1340 1921 plenarias
1371 1874 1461 1923 per
1489 1860 1573 1906 SS.
1610 1859 1666 1904 D.
1702 1862 1923 1906 nostrum

129 1960 415 2002 concessas;
441 1949 489 1992 et
511 1943 603 1991 alia
623 1942 877 1990 observata
898 1947 1008 1990 sunt
1030 1957 1164 1990 more
1188 1941 1346 1989 solito.
1372 1944 1425 1988 In
1448 1939 1725 1988 summitate
1757 1941 1922 1989 altaris

130 2045 168 2076 S.
195 2027 324 2077 Petri
346 2042 491 2091 super
511 2031 718 2091 quatuor
738 2025 1029 2074 candelabra
1046 2040 1323 2073 marmorea
1343 2023 1524 2071 ibidem
1546 2022 1706 2086 posita
1725 2024 1923 2072 fuerunt

128 2117 332 2176 quatuor
360 2109 603 2159 intorticia
648 2125 760 2158 cere
800 2110 1050 2158 immunde
1091 2114 1139 2158 et
1182 2109 1358 2157 veteris
1398 2125 1487 2173 per
1520 2109 1922 2161 inadvertentiam

129 2196 476 2245 canonicorum
498 2193 624 2241 dicte
645 2193 843 2241 basilice
867 2193 998 2256 quod
1030 2192 1069 2240 si
1088 2194 1173 2240 SS.
1199 2195 1258 2240 D.
1291 2198 1458 2242 noster
1486 2195 1790 2255 attendisset,
1814 2195 1923 2259 plu-

131 2279 305 2327 rimum
335 2278 379 2327 ei
409 2276 735 2341 displiciusset
767 2276 966 2342 (attento
1002 2275 1133 2339 quod
1166 2279 1304 2324 erant
1339 2276 1514 2324 similia
1542 2277 1637 2326 illis
1670 2265 1843 2342 quibus
1873 2277 1922 2325 in

127 2364 345 2428 exequiis
367 2361 686 2412 cardinalium
714 2365 762 2409 et
783 2360 1082 2424 prelatorum
1108 2359 1175 2406 uti
1198 2360 1554 2426 consuevimus)
1576 2361 1657 2427 (1).

196 2445 336 2494 Feria
366 2446 581 2494 secunda
611 2445 816 2504 Pasche,
853 2447 881 2492 8
916 2442 1097 2508 aprilis,
1135 2446 1302 2491 Rmus.
1341 2446 1397 2491 D.
1429 2445 1684 2494 cardinalis
1707 2462 1744 2494 s.
1767 2447 1922 2494 Anas-

130 2529 249 2578 tasie
283 2529 542 2578 celebravit
571 2529 771 2577 missam
804 2527 1074 2576 solemnem
1104 2527 1153 2575 in
1187 2527 1374 2591 capella
1409 2529 1613 2593 maj0re,
1651 2532 1780 2594 Papa
1813 2546 1923 2593 pre-

131 2617 267 2663 sente
306 2632 315 2661 :
353 2630 451 2662 non
487 2613 577 2662 fuit
617 2628 796 2672 sermo,
841 2617 889 2659 et
932 2612 1026 2660 alia
1071 2610 1235 2660 omnia
1273 2611 1467 2662 fuerunt
1500 2613 1753 2662 observata
1784 2629 1920 2662 more

128 2698 287 2746 solito,

194 2782 334 2831 Feria
366 2782 504 2830 tertia
536 2781 740 2840 Pasche,
779 2784 807 2828 9
844 2779 1026 2844 apriliS,
1060 2782 1225 2827 RmuS.
1261 2782 1318 2827 D.
1357 2778 1613 2828 cardinalis
1641 2779 1699 2827 de
1734 2779 1919 2827 Ursinis

129 2864 388 2914 celebravit
409 2865 607 2914 missam
629 2865 900 2913 solemnem
921 2863 970 2911 in
993 2863 1121 2911 dicta
1136 2863 1340 2927 capella,
1360 2866 1489 2927 Papa
1502 2862 1748 2928 presente,
1769 2867 1816 2911 et
1831 2863 1920 2911 suit

129 2949 277 2998 missa
295 2950 468 3014 prima.
485 2951 592 2997 Non
612 2949 699 2998 suit
719 2964 898 3008 sermo,
924 2952 972 2997 et
993 2948 1086 2996 alia
1106 2948 1362 2996 observata
1384 2952 1497 2995 sunt
1516 2963 1652 2996 more
1676 2947 1816 2995 solito
1835 2964 1846 3006 3
1872 2952 1919 2996 et

130 3032 179 3079 in
198 3033 295 3082 fine
327 3033 475 3081 misse
502 3033 760 3098 publicavit
792 3032 1117 3097 indulgentias
1152 3036 1340 3096 septem
1371 3047 1610 3080 annorum
1645 3035 1692 3080 et
1719 3030 1919 3079 totidem

132 3118 548 3183 quadragenarum
569 3134 657 3183 per
678 3119 762 3166 SS.
789 3121 847 3166 D.
873 3120 1093 3165 nostrum
1112 3108 1388 3165 cencessaS.
1491 3120 1499 3127 '

197 3200 403 3250 Sabbato
423 3203 473 3250 in
492 3202 630 3262 albis,
660 3205 716 3250 13
740 3202 922 3266 aprilis,
948 3204 1003 3249 R.
1025 3200 1074 3247 in
1097 3199 1287 3249 Christo
1303 3203 1358 3248 P.
1374 3202 1430 3248 D.
1450 3202 1640 3260 Petrus,
1663 3200 1917 3265 episcopus

132 3282 554 3346 Bai-chinonensis,
578 3285 810 3349 magister
843 3284 1045 3350 capelle,
1071 3284 1332 3333 celebravit
1366 3284 1565 3332 missam
1596 3284 1839 3348 publicam
1867 3283 1915 3330 in

179 3457 213 3494 1.
243 3455 345 3493 Cette
365 3465 556 3503 remarque
576 3456 670 3493 n’est
687 3457 828 3494 donnee
848 3470 919 3506 que
938 3470 1003 3506 par
1027 3458 1059 3494 le
1086 3457 1287 3494 manuscrit
1304 3458 1414 3506 5160,
1438 3458 1499 3495 fol.
1521 3460 1582 3496 55.

323 3559 355 3582 τ.
379 3558 415 3582 ιι.
1703 3547 1727 3581 5
