2228 3938
160 329 368 372 [Decembre
389 328 483 367 1492]
602 325 771 362 RERUM
804 323 1107 360 URBANARL'M
1134 323 1482 361 COMMENTARH.
1898 332 1939 367 13

158 435 263 480 sent
283 448 293 479 :
315 447 375 480 ex
391 446 484 494 quo
500 430 624 478 inter
643 429 772 493 ipsos
794 423 1063 476 cardinales
1082 443 1170 491 per
1190 443 1267 475 me
1289 428 1416 475 fa'cta
1432 434 1502 476 est
1519 431 1767 479 conclusio
1787 435 1934 495 quod,

158 515 356 580 singulis
383 531 411 563 a
430 514 658 578 pontifice
683 512 960 571 intellectis,
982 511 1296 575 pretermissa
1323 512 1516 575 publica
1544 513 1708 571 missa,
1735 515 1936 579 principi

158 604 486 648 occurrerent.

223 683 476 732 Dominica
514 681 727 731 secunda
762 682 1011 740 adventus,
1049 685 1076 729 9
1112 681 1387 729 decembris
1418 684 1473 728 R.
1507 685 1559 730 P.
1596 685 1651 730 D.
1683 683 1938 747 episcopus

158 767 582 825 Barchinonensis,
612 766 843 831 magister
872 767 1073 830 capelle,
1105 766 1366 815 celebravit
1397 766 1597 814 missam
1620 767 1864 831 publicam
1892 769 1939 815 in

157 851 343 915 capella
375 856 624 910 consueta,
658 853 788 914 Papa
824 855 1068 913 presente.
1100 852 1386 899 Sermonem
1422 851 1536 899 fecit
1569 849 1762 914 quidam
1795 852 1942 901 frater

157 935 338 984 ordinis
364 935 623 991 Minorum,
650 933 855 996 scriptor
881 933 1087 981 ministri
1108 934 1348 997 generalis
1367 934 1587 997 ejusdem
1615 935 1823 994 ordinis;
1848 936 1941 984 alia

159 1019 322 1067 omnia
342 1021 451 1064 sunt
472 1017 724 1064 observata
752 1031 888 1064 more
918 1017 1076 1065 solito.
1102 1019 1376 1080 Antequam
1405 1020 1533 1081 Papa
1563 1019 1800 1082 capellam
1828 1036 1939 1083 pre-

159 1101 334 1149 dictam
363 1100 581 1159 intraret,
618 1099 744 1147 venit
780 1100 986 1155 nuncius
1026 1116 1055 1148 a
1087 1103 1144 1148 D.
1183 1100 1430 1149 Friderico
1467 1101 1526 1148 de
1554 1103 1792 1165 Aragona,
1835 1105 1938 1168 ejus

151 1186 352 1234 nomine
371 1185 645 1249 supplicans
667 1185 796 1247 quod
814 1187 897 1233 SS.
923 1188 980 1233 D.
1006 1188 1062 1234 N.
1085 1187 1192 1250 ejus
1218 1186 1488 1244 introitum,
1510 1191 1709 1250 propter
1729 1186 1938 1250 pluviam

156 1269 464 1328 existentem,
501 1268 781 1332 dignaretur
817 1285 969 1332 usque
1007 1270 1067 1318 ad
1103 1269 1230 1318 diem
1268 1270 1435 1318 martis
1472 1270 1690 1333 proxime
1730 1271 1938 1319 futuram

155 1368 446 1417 prorogare3
473 1353 610 1417 cujus
631 1353 849 1417 petitioni
870 1354 1106 1402 Sanctitas
1130 1370 1217 1402 sua
1241 1354 1408 1402 annuit
1429 1354 1657 1417 gratiose,
1683 1360 1729 1403 et
1750 1371 1838 1419 pro
1861 1356 1936 1404 die

154 1437 364 1485 crastina
396 1442 639 1486 secretum
673 1437 1017 1485 consistorium
1050 1438 1262 1486 intimari
1299 1438 1558 1486 mandavit.
1593 1441 1824 1487 Cantores
1855 1456 1937 1487 ca-

153 1520 277 1583 pelle
309 1524 473 1568 nostre
500 1536 588 1583 per
613 1520 913 1568 *cardinalem
942 1521 1392 1569 vicecancellarium
1419 1521 1651 1584 instigati,
1684 1522 1938 1569 voluerunt

153 1603 413 1666 quamdam
433 1603 627 1651 laudem
649 1603 697 1650 in
715 1605 958 1668 pontificis
983 1604 1223 1653 honorem
1253 1605 1439 1653 noviter
1465 1605 1802 1669 compositam,
1827 1610 1935 1669 post

141 1686 452 1735 ‘offertorium
478 1689 738 1736 decantare
761 1704 770 1747 ;
795 1688 961 1737 habita
978 1692 1140 1736 tamen
1163 1705 1309 1752 super
1334 1689 1429 1737 hoc
1454 1704 1542 1752 per
1563 1689 1749 1742 socium
1770 1704 1935 1737 meum

152 1770 394 1833 pontificis
414 1771 677 1831 voluntate,
702 1772 782 1835 qui
805 1772 853 1819 id
874 1772 979 1821 fieri
997 1773 1150 1821 noluit
1169 1789 1255 1837 pro
1278 1789 1336 1820 ea
1358 1773 1436 1822 die
1465 1773 1551 1821 sed
1574 1788 1660 1836 pro
1683 1773 1794 1831 alia,
1818 1778 1866 1821 et
1886 1773 1935 1819 in

153 1868 348 1903 camera
368 1871 455 1903 sua
475 1856 742 1918 acceptavit
760 1856 908 1914 illam,
932 1872 1027 1904 non
1052 1862 1276 1906 cantores
1296 1873 1306 1915 ;
1334 1862 1435 1905 erat
1459 1861 1623 1906 autem
1642 1857 1748 1904 laus
1770 1857 1936 1920 hujus-

153 1938 301 1996 modi,
326 1938 415 1985 sub
435 1938 505 1985 his
523 1939 679 1987 verbis
705 1958 714 1986 ε

218 2021 527 2084 Epigramma
556 2022 790 2070 ,Iohannis
818 2024 1037 2071 Cantoris
1063 2024 1227 2087 legum
1262 2024 1473 2072 doctoris
1507 2030 1650 2088 atque
1685 2026 1855 2074 musici
1885 2026 1929 2073 in

153 2103 345 2152 laudem
368 2109 415 2152 et
435 2106 635 2169 gloriam
659 2107 706 2153 S.
732 2108 790 2154 N.
816 2109 873 2154 D.
898 2107 1156 2155 Alexandri
1177 2124 1301 2172 pape
1331 2109 1470 2156 sexti.

394 2224 553 2269 Gaude
573 2227 715 2270 Roma
738 2235 861 2271 cetus
879 2227 1055 2286 maqnis
1075 2227 1298 2271 celebrata
1318 2227 1559 2287 triumphis

480 2305 566 2348 Cui
586 2306 701 2348 Deus
721 2312 925 2349 eternum
946 2304 1135 2349 contulit
1155 2305 1413 2365 imperium..

390 2382 424 2424 C
428 2379 535 2424 laris
558 2381 793 2426 Cesaribus
815 2382 1043 2442 quondam
1064 2390 1253 2442 reynata
1271 2383 1421 2442 fecisti,

478 2456 624 2501 Multo
646 2458 810 2513 clarior
829 2474 872 2502 es
890 2458 1070 2503 subdita
1082 2458 1342 2517 presulibus

393 2534 482 2588 Qui
501 2534 666 2579 virtute
688 2536 790 2580 licet
810 2537 1045 2581 nituerunt
1066 2546 1263 2597 tempore
1274 2538 1442 2597 prisco,

473 2612 618 2656 Haud
632 2613 817 2658 vincunt
837 2622 931 2658 etas
952 2631 1083 2674 quem
1104 2615 1234 2659 modo
1255 2624 1404 2660 nostra
1425 2616 1559 2661 videt.

385 2694 551 2736 Sextus
570 2692 828 2736 Alexander
846 2693 1075 2752 Hispanus
1096 2694 1266 2753 oriqine
1288 2694 1405 2738 celsa

474 2772 664 2828 Reqnat,
688 2779 732 2814 et
752 2770 905 2830 officio
925 2771 1142 2830 funqitur
1161 2774 1357 2826 ethere03

389 2846 478 2900 Qui
487 2846 705 2905 prudens,
721 2847 890 2906 justus,
917 2857 1132 2901 constans,
1148 2849 1259 2908 pius
1279 2856 1417 2908 atque
1437 2851 1660 2897 modestus

477 2926 564 2967 Pro
585 2924 756 2968 meritis
777 2933 901 2969 tanto
923 2925 1118 2970 culmine
1139 2925 1300 2986 diqnus
1321 2935 1432 2971 erat.

387 3003 492 3062 Eya
512 3001 759 3046 christicole
778 3003 967 3048 Domino
979 3004 1223 3063 persolvite
1242 3015 1390 3065 qrates

477 3081 689 3135 Quilibet,
714 3089 757 3125 et
778 3090 974 3127 vestrum
993 3091 1140 3127 mente
1156 3085 1244 3144 pia
1264 3096 1434 3132 resonet
1455 3103 1470 3132 .·

389 3159 516 3203 Vivat
535 3158 792 3204 Alexander
811 3160 1100 3206 celebrandus
1119 3162 1317 3223 imaqine
1346 3166 1504 3225 Maqni
1513 3203 1522 3222 ,

474 3237 669 3296 Fastiyio
690 3237 855 3296 major,
878 3253 966 3282 non
976 3239 1210 3298 probitate
1230 3241 1391 3286 minor.

210 3359 536 3410 Interfuerunt
565 3363 660 3412 hoc
681 3379 823 3413 mane
846 3365 1009 3421 misse,
1034 3366 1079 3412 in
1110 3366 1292 3430 capella
1314 3367 1548 3430 predicta,
1574 3374 1781 3431 quatuor
1805 3384 1913 3416 ora-

146 3448 274 3492 tores
297 3442 430 3492 ducis
456 3445 730 3507 Mediolani,
759 3449 980 3498 videlicet
1008 3465 1172 3499 comes
1201 3450 1492 3511 Caiacensis,
1525 3468 1688 3500 comes
1723 3451 1915 3506 Storna,
