2202 3926
275 366 342 401 ffiss
891 364 1119 400 Μ’)ΙῘΑΧΝΙ,ζ
1155 364 1447 409 RI'RCHARDI,
1842 370 1925 409 [Mai
1948 373 2044 413 1494]

278 467 531 516 benedicta
550 467 780 530 aspersit3
808 471 908 515 tum
940 467 1193 531 episcopus
1222 468 1412 515 tradidit
1436 469 1631 516 anulum
1658 460 1816 532 ipsum
1847 488 2041 536 sponso,

277 551 356 614 qui
385 550 538 615 figens
561 567 588 598 a
607 550 798 613 pollice,
837 550 895 597 ad
925 550 1126 613 digitum
1149 550 1396 597 anularem
1417 556 1690 613 perventuS,
1717 554 1873 603 eidem
1898 556 2044 620 digito

279 634 468 682 sinistre
490 649 659 680 manus
686 635 861 695 sponse
882 632 1035 678 infixit
1061 637 1107 679 et
1134 632 1377 694 imposuit.
1406 635 1507 689 Quo
1530 633 1773 698 imposito,
1791 638 2045 704 episcopus

277 716 479 780 aspersit
497 729 724 778 sponsum
747 720 794 762 et
816 729 1041 777 sponsam
1062 729 1184 776 aqua
1203 714 1456 763 benedicta
1478 719 1523 763 et
1544 716 1749 778 ingressi
1768 725 1878 769 sunt
1893 723 2049 786 capel-

279 801 371 847 lam
396 813 564 846 omnes
587 812 644 844 eo
668 796 835 844 ordine
855 800 994 860 prout
1015 797 1164 860 prius.

346 885 574 929 Pervento
612 880 673 928 ad
709 880 1081 944 presbyterium,
1125 881 1310 944 legatus
1348 886 1394 929 et
1421 897 1506 930 rex
1534 882 1751 933 fecerunt
1784 887 2049 937 orationem

279 970 389 1014 unte
411 965 559 1012 altare
581 964 628 1011 in
659 963 933 1011 faldistoriis
965 964 1076 1027 ipsis
1105 964 1282 1012 ibidem
1313 965 1509 1027 paratiS,
1532 965 1719 1030 legatus
1751 969 1811 1017 ad
1835 962 2051 1019 dextram

283 1050 424 1110 regis,
451 1049 605 1096 Finita
627 1048 861 1107 oratione,
884 1047 1103 1110 deposita
1129 1050 1237 1094 sunt
1265 1046 1408 1094 ambo
1431 1046 1696 1097 faldistoria
1717 1055 1764 1099 et
1784 1056 1971 1116 portata
1994 1055 2049 1102 ad

283 1134 563 1192 thalamum,
589 1137 636 1180 et
658 1132 838 1180 ibidem
867 1136 1031 1195 parate
1055 1130 1145 1178 due
1181 1131 1320 1179 sedes
1347 1131 1405 1179 de
1436 1132 1662 1181 broccato
1685 1135 1820 1197 juxta
1842 1152 2050 1195 murum,

283 1235 376 1266 una
395 1233 558 1265 versus
580 1216 729 1264 altare
748 1231 834 1280 pro
854 1215 1032 1278 legato,
1058 1214 1150 1261 alia
1164 1215 1304 1278 juxta
1327 1214 1455 1262 illam
1476 1230 1639 1263 versus
1661 1222 1848 1280 portam
1871 1219 2054 1283 capelle

282 1319 367 1367 pro
388 1318 500 1365 rege
523 1318 532 1349 :
560 1317 643 1349 rex
664 1299 880 1348 ascendit
896 1298 1161 1346 thalamum
1183 1297 1243 1345 ad
1262 1298 1427 1346 sedem
1450 1313 1603 1358 suam,
1629 1298 1710 1347 ubi
1732 1301 1861 1349 stetit
1889 1317 1897 1349 :
1922 1301 2055 1365 lega-

285 1392 356 1434 tus
387 1386 563 1433 mansit
595 1384 723 1448 apud
754 1383 902 1431 altare
938 1387 986 1430 et
1019 1398 1128 1429 cum
1166 1397 1223 1429 eo
1263 1381 1374 1429 fecit
1406 1381 1761 1431 confessionem
1799 1384 2055 1450 episcopus

284 1470 630 1526 celebraturus,
656 1472 787 1514 stans
809 1465 869 1513 ad
887 1458 1128 1512 sinistram
1150 1464 1312 1528 legati.

349 1551 504 1599 Finita
534 1549 840 1598 confessione
866 1547 1051 1611 legatus
1083 1547 1299 1595 ascendit
1322 1548 1603 1610 thalamum,
1630 1551 1706 1598 cui
1738 1551 1945 1599 occurrit
1973 1567 2057 1601 rex

284 1651 434 1699 usque
457 1635 514 1682 ad
536 1632 905 1698 presbyterium,
927 1631 1057 1694 quod
1081 1635 1240 1678 tamen
1259 1631 1347 1679 fuit
1367 1636 1530 1695 preter
1550 1633 1853 1681 ceremonias
1871 1633 2055 1684 debitas

284 1723 331 1766 et
355 1723 518 1782 preter
546 1732 708 1765 veram
736 1715 1106 1763 ordinationem.
1134 1714 1317 1763 Ibidem
1347 1715 1395 1762 in
1426 1715 1638 1763 thalamo
1670 1720 1718 1764 et
1748 1717 1796 1764 in
1829 1718 1941 1766 sede
1971 1735 2055 1768 sua

285 1808 415 1850 stans
445 1801 651 1865 legatus,
676 1799 977 1848 ministrante
1006 1797 1211 1845 diacono
1242 1798 1527 1858 naviculam,
1560 1803 1607 1846 et
1633 1814 1710 1846 me
1741 1798 2052 1858 thuribulum,

284 1884 512 1948 imposuit
529 1884 781 1932 incensum
799 1899 807 1941 ;
831 1882 1084 1946 episcopus
1105 1881 1369 1929 incensavit
1391 1882 1560 1942 altare,
1576 1886 1620 1931 et
1640 1882 1742 1946 ipse
1761 1883 2053 1944 incensatus,

286 1973 333 2015 et
354 1983 450 2014 non
472 1967 677 2030 legatus,
702 1981 859 2028 neque
881 1981 966 2012 rex
988 1982 998 2012 z
1025 1964 1168 2012 credo
1190 1969 1350 2013 tamen
1372 1965 1501 2028 quod
1521 1964 1863 2015 convenienter
1887 1970 2059 2030 potue-

286 2050 378 2098 rint
406 2049 547 2098 ambo
575 2047 663 2113 ipsi
693 2048 931 2096 incensari
959 2053 1004 2097 et
1034 2048 1135 2095 sine
1167 2048 1294 2096 malo
1325 2048 1510 2108 fuisset,
1537 2049 1649 2112 quia
1673 2065 1765 2098 nec
1797 2052 1924 2114 Papa
1955 2049 2058 2097 sine

285 2133 479 2197 pluviali
499 2137 545 2180 et
566 2132 708 2180 mitra
730 2132 939 2180 existens
964 2132 1257 2191 incensatur,
1283 2131 1371 2178 nisi
1384 2136 1493 2194 post
1512 2132 1829 2181 offertorium.
1856 2132 2059 2181 Subdia—

287 2233 454 2275 conus,
486 2217 612 2264 dicta
645 2216 865 2278 epistola,
896 2231 994 2262 non
1028 2220 1099 2262 est
1133 2214 1375 2262 osculatus
1394 2230 1591 2262 manum
1620 2215 1783 2278 legati,
1813 2216 1897 2264 sed
1931 2216 2059 2264 cele-

286 2300 499 2357 brantis;
531 2300 589 2346 ad
623 2298 923 2362 evangelium
966 2298 1167 2346 diacono
1209 2297 1366 2345 eidem
1402 2297 1560 2360 legato
1596 2295 1863 2348 naviculam
1903 2303 1951 2346 et
1981 2314 2059 2348 me

289 2382 585 2431 thuribulum
601 2381 1002 2440 ministrantibus,
1022 2379 1250 2444 imposuit
1265 2379 1518 2427 incensum
1533 2379 1858 2429 et‘benedixit.
1875 2381 2060 2431 Deinde

286 2483 374 2531 per
394 2467 648 2515 diaconum
668 2465 914 2530 evangelio
937 2465 1085 2523 dict0,
1102 2468 1210 2527 post
1224 2463 1723 2527 evangeliumlegatus
1746 2469 1793 2512 et
1813 2479 1896 2513 rex
1918 2465 2062 2513 simul

289 2551 587 2614 evangelium
607 2554 717 2597 sunt
738 2548 1001 2598 deosculati
1021 2565 1030 2607 3
1057 2553 1219 2595 tamen
1238 2546 1397 2594 minus
1416 2546 1775 2607 convenienter,
1800 2547 1912 2611 quia
1927 2548 2061 2612 lega-

289 2639 364 2681 tus
389 2633 545 2697 primo
582 2632 786 2680 debebat
824 2630 1049 2689 osculari,
1083 2629 1256 2678 deinde
1291 2645 1391 2688 rex,
1423 2645 1537 2693 rege
1576 2634 1739 2679 tamen
1772 2631 1905 2695 prius
1941 2631 2061 2680 invi-

289 2720 386 2764 tato
408 2735 417 2774 ;
443 2720 489 2764 et
519 2715 712 2763 fuerunt
744 2730 831 2778 per
863 2715 1118 2762 diaconum
1150 2714 1291 2762 ambo
1325 2713 1574 2773 incensati,
1610 2718 1657 2763 et
1689 2714 1814 2763 male
1844 2719 1894 2763 ut
1919 2712 2063 2780 supra

289 2799 402 2859 dixi,
428 2814 512 2846 rex
532 2803 641 2861 post
666 2799 896 2862 legatum,
923 2797 1119 2846 cuilibet
1147 2801 1221 2846 ter
1248 2797 1358 2844 dato
1385 2797 1646 2845 thuribulo.
1670 2798 1744 2846 Ad
1770 2798 2060 2847 oblationem

291 2884 475 2946 legatus
496 2881 741 2930 benedixit
768 2897 942 2944 aquam
967 2886 1014 2929 et
1042 2880 1331 2929 sacrificium
1352 2881 1655 2943 ponendum;
1683 2886 1730 2930 et
1759 2881 2060 2930 ministrante

293 2970 347 3014 R.
380 2969 436 3014 D.
466 2965 653 3013 Juliano
685 2964 911 3027 episcopo
939 2963 1188 3026 Tropiensi
1219 2963 1347 3025 regis
1382 2964 1628 3026 capellano
1650 2965 1851 3027 maj0re,
1874 2964 2061 3028 legatus

290 3049 519 3113 imposuit
570 3048 844 3106 incensum,
895 3046 1143 3094 celebrans
1189 3046 1452 3094 incensavit
1495 3044 1657 3095 oblata
1697 3047 1853 3106 altari,
1889 3054 1936 3096 et
1976 3048 2062 3097 suit

296 3133 567 3179 incensatus
587 3130 688 3193 ipse
709 3129 799 3188 bis,
823 3129 1009 3192 legatus
1031 3132 1078 3177 et
1107 3143 1190 3176 rex
1210 3132 1300 3187 ter,
1326 3128 1395 3175 eis
1417 3128 1661 3177 thuribulo
1683 3129 1826 3178 ducto
1853 3123 1940 3194 Per
1961 3130 2062 3178 dia-

294 3231 488 3263 conum.
515 3216 728 3277 Sponsus
759 3217 805 3261 et
834 3228 1009 3277 sponsa
1034 3212 1195 3260 locum
1215 3211 1486 3260 habuerunt
1514 3212 1560 3259 in
1589 3213 1747 3261 medio
1777 3213 2060 3278 presbyterii

294 3299 419 3346 inter
444 3297 591 3344 altare
624 3300 669 3343 et
695 3295 977 3355 thalamum,
1003 3295 1140 3344 altari
1167 3294 1312 3343 facies
1340 3299 1599 3355 vertentes,
1626 3312 1830 3359 sponsus
1857 3296 1917 3344 ad
1943 3295 2058 3344 dex—

298 3386 418 3428 tram
440 3394 614 3442 sponse
638 3379 733 3426 sive
755 3378 913 3426 medio
936 3378 1026 3426 nisi
1048 3384 1279 3441 quantum
1301 3378 1618 3427 commoditas
1640 3376 1925 3442 postulabat,
1949 3382 2059 3426 ante

294 3480 345 3512 se
366 3463 600 3511 habentes
622 3462 821 3525 quilibet
840 3478 988 3509 unum
1010 3461 1254 3509 cussinum
1280 3461 1489 3510 broccati
1513 3463 1613 3510 auri
1646 3462 1705 3511 ad
1732 3461 2059 3524 genuflecten-
