2202 3926
126 343 352 385 [Avril1493]
574 341 746 378 RERUM
778 339 1082 376 URBANARUM
1116 339 1464 378 COMMENTARII.
1865 346 1913 382 63

129 446 337 495 ssexione
358 464 369 505 3
395 444 524 494 venit
549 460 701 509 prope
729 443 1028 493 credentiam
1049 447 1097 492 et
1117 443 1304 508 accepit
1328 444 1573 509 planetam
1595 447 1914 509 compositam

128 530 316 594 nigram
343 544 489 593 super
513 528 772 576 humerum
800 527 1076 586 sinistrum3
1101 542 1237 575 more
1269 527 1428 588 solito,
1465 527 1586 575 dixit
1614 545 1622 574 :
1655 528 1845 576 Munda
1868 536 1915 579 et

123 614 232 674 alia,
251 618 303 663 ut
323 613 472 662 moris
495 617 585 662 est.
611 596 901 661 Procurator
920 612 1104 661 ordinis
1119 611 1478 661 carmelitarum
1493 611 1606 660 fecit
1620 611 1909 672 orationem,

122 702 286 747 Rmus.
314 700 369 745 D.
396 695 653 757 cardinalis
669 695 1032 760 Neapolitanus,
1056 695 1107 743 in
1122 695 1219 744 fine
1235 695 1469 744 orationis
1492 711 1579 759 pro
1598 694 1910 759 imperatore,

123 782 284 832 omisit
312 782 456 831 verba
490 798 499 829 :
530 782 631 829 Per
666 781 928 829 Dominum
957 789 1172 830 nostram
1211 780 1378 828 Jesccm
1415 779 1659 827 Christum
1691 786 1798 835 etc„
1824 795 1914 828 nec

125 867 214 915 fuit
243 882 533 930 responsum
565 882 653 930 per
684 869 910 914 cantores
939 866 1100 914 Amen
1114 883 1135 924 ,·
1163 865 1249 914 sed
1279 865 1407 913 dicta
1436 880 1524 928 per
1552 880 1663 912 eum
1689 880 1698 911 :
1724 864 1916 913 deoetera

125 958 444 1010 conterantur,
470 950 529 998 ad
551 949 715 998 statim
744 950 840 998 sive
868 965 1007 998 mora
1033 948 1329 997 continuavit
1354 964 1364 995 :
1402 947 1620 1006 Oremus,
1646 965 1733 1012 pro
1763 950 1920 997 cathe-

103 1033 330 1081 cumenis
366 1033 554 1091 nostris,
596 1048 685 1096 per
727 1032 1132 1081 inadvertentiam
1172 1034 1220 1080 et
1262 1047 1498 1080 errorem.
1540 1033 1594 1078 In
1636 1032 1919 1082 adoratione

123 1117 298 1175 crucis,
324 1118 408 1165 SS.
435 1119 493 1163 D.
519 1120 687 1164 noster
707 1115 878 1164 obtulit
899 1132 990 1164 xxv
1009 1115 1212 1164 ducatos
1238 1115 1288 1163 in
1318 1131 1436 1164 auro
1463 1115 1643 1179 largos.
1669 1118 1921 1166 Venerunt

124 1217 235 1249 cum
258 1216 316 1249 eo
342 1199 571 1249 Senensis
602 1203 650 1248 et
674 1199 971 1248 camerarius
995 1199 1265 1249 cardinales
1294 1203 1340 1248 et
1368 1202 1477 1263 post
1504 1215 1616 1246 eum
1643 1200 1920 1264 patriarcha

121 1284 490 1348 Aquilesiensis,
517 1283 794 1332 Arelatinus
831 1287 878 1332 et
905 1283 1196 1333 Cusentinus
1223 1283 1580 1348 archiepiscopi
1612 1284 1914 1345 assistentes,

124 1368 228 1416 aliis
266 1367 604 1417 assistentibus
641 1368 691 1416 in
724 1384 892 1417 eorum
928 1368 1037 1417 loco
1071 1367 1489 1432 permanentibus.
1523 1367 1737 1417 Adorata
1774 1386 1919 1419 cruce

123 1469 210 1517 per
248 1455 446 1517 Papam',
478 1457 790 1501 accesserunt
828 1452 890 1500 ad
929 1452 1265 1501 adorationem
1305 1451 1576 1500 cardinales
1615 1452 1919 1501 celebrantes

121 1551 232 1584 cum
256 1536 587 1596 Ulixbonensi,
612 1536 969 1585 Rechanatensi
992 1540 1040 1584 et
1062 1552 1100 1583 s.
1128 1535 1406 1585 Clementis.
1438 1535 1621 1584 Deinde
1643 1535 1722 1583 alii
1748 1552 1918 1585 omnes

122 1619 220 1667 bini
245 1635 355 1668 cum
371 1618 727 1679 assistentibus,
745 1619 920 1668 deinde
944 1619 1023 1668 alii
1046 1619 1264 1684 episcopi
1282 1636 1310 1668 a
1329 1619 1534 1668 sinistris
1557 1619 1699 1669 electi
1722 1621 1919 1670 Oloren-

121 1703 185 1751 sis
215 1702 538 1751 adoraverunt
573 1721 581 1750 :
616 1703 979 1767 protonotarius
1009 1703 1242 1753 assistens
1270 1704 1331 1753 de
1358 1706 1664 1765 Sermoneta,
1690 1709 1799 1769 post
1834 1722 1918 1754 eos

121 1786 400 1850 capitaneus
429 1786 636 1835 ecclesie
665 1802 777 1835 cum
805 1787 1058 1851 capitaneo
1085 1787 1249 1852 palatii
1282 1793 1383 1836 tum
1412 1789 1732 1852 protonotarii
1760 1794 1807 1838 et
1837 1789 1915 1838 alii

123 1873 168 1917 et
193 1869 273 1917 alii
300 1885 436 1918 more
467 1869 607 1918 solito
629 1886 639 1929 ;
669 1869 784 1917 dum
807 1870 1035 1919 Senensis
1058 1875 1106 1920 et
1126 1871 1422 1920 camerarius
1450 1872 1726 1933 adorarent,
1750 1872 1917 1922 Sabel-

123 1954 197 2002 lus
219 1959 268 2003 et
289 1954 523 2003 Columna
543 1953 827 2002 assisterunt
847 1956 993 2018 Pape.

191 2037 346 2085 Finita
385 2035 668 2085 adoratione
699 2041 746 2084 et
783 2036 1016 2103 candelis*⁴
1030 2037 1268 2098 accensis,
1301 2039 1431 2102 Papa
1465 2037 1594 2087 venit
1627 2039 1688 2087 ad
1722 2055 1917 2102 parvam

122 2121 358 2186 capellam
378 2135 468 2184 pro
491 2124 795 2169 sacramento
817 2137 953 2171 more
980 2122 1140 2171 solito.
1166 2121 1432 2171 Cardinalis
1454 2123 1708 2171 celebrans
1729 2140 1918 2172 reman-

124 2204 250 2253 sitin
271 2203 446 2269 maj0ri
477 2204 663 2268 capella
687 2204 735 2253 in
757 2205 1022 2255 faldistorio
1051 2223 1138 2255 suo
1168 2211 1235 2266 et,
1259 2206 1522 2255 accedente
1546 2210 1691 2272 Papa,
1714 2207 1916 2257 calicem

126 2307 266 2339 suum
287 2306 398 2339 cum
418 2295 722 2339 sacramento
737 2293 898 2355 posuit
920 2309 1066 2358 super
1085 2292 1355 2357 corporale,
1373 2295 1421 2341 et
1436 2292 1653 2356 pontifici
1672 2291 1733 2340 ad
1750 2292 1916 2342 sedem

124 2391 340 2436 revers0,
363 2379 655 2440 prosecutus
686 2380 760 2426 est
790 2377 1031 2438 officium3
1063 2381 1110 2426 et
1137 2376 1231 2427 alia
1258 2377 1513 2425 observata
1542 2380 1652 2426 sunt
1676 2392 1812 2426 more
1841 2393 1920 2425 so-

123 2461 225 2510 lito.
252 2460 486 2510 Fimbrias
500 2463 647 2526 Pape,
674 2477 734 2511 ex
756 2478 951 2511 camera
971 2466 1150 2511 etcum
1172 2463 1302 2525 Papa
1322 2461 1414 2510 iret
1435 2476 1521 2525 pro
1541 2464 1847 2510 sacramento
1869 2463 1916 2508 et

123 2545 299 2594 deinde
328 2545 530 2605 rediret,
555 2546 763 2610 portavit
786 2546 1064 2611 patriarcha
1081 2544 1433 2610 Aquilesiensis
1454 2544 1637 2608 primus
1660 2543 1911 2602 assistens,

125 2631 226 2689 sed,
265 2633 394 2695 Papa
431 2631 490 2679 ad
526 2646 773 2679 cameram
807 2630 1058 2691 redeunte,
1092 2629 1300 2695 portavit
1330 2628 1728 2693 archiepiscopus
1744 2628 1916 2699 Arela-

125 2713 270 2762 tinus.
645 2776 647 2778 ¹

192 2795 348 2845 Pridie
369 2796 611 2858 videlicet,
635 2800 661 2846 3
686 2797 852 2862 hujus,
878 2799 1008 2861 Papa
1027 2812 1114 2861 pro
1138 2796 1385 2845 matutinis
1407 2812 1458 2845 se
1480 2799 1700 2861 parante,
1725 2794 1914 2859 episco-

123 2896 213 2945 pus
235 2880 498 2940 Sitriensis,
523 2872 689 2930 orator
710 2881 836 2946 regis
865 2880 1093 2945 Ungarie,
1117 2880 1232 2945 legit
1254 2895 1418 2929 coram
1439 2868 1669 2945 pontifice
1689 2884 1737 2929 et
1758 2879 1914 2928 cardi-

124 2965 311 3014 nalibus
333 2963 514 3014 ibidem
541 2964 849 3029 presentibus
875 2964 1041 3012 literas
1063 2963 1284 3028 ejusdem
1312 2963 1441 3028 regis
1467 2963 1624 3028 prima
1649 2963 1726 3011 die
1754 2961 1914 3010 martii

126 3049 344 3112 proxime
391 3047 607 3113 preteriti
646 3047 697 3095 in
738 3047 947 3112 Ungaria
993 3047 1128 3096 datas
1162 3063 1252 3112 per
1291 3063 1410 3111 quas
1448 3047 1752 3112 significabat
1787 3046 1829 3094 ei
1860 3062 1912 3094 se

129 3146 355 3195 magnam
401 3136 449 3181 et
498 3131 793 3196 singularem
838 3131 1089 3180 victoriam
1133 3130 1364 3180 habuisse
1409 3135 1580 3180 contra
1623 3133 1803 3179 Turcas
1835 3129 1915 3193 qui

129 3229 331 3277 regnum
353 3215 560 3280 Ungarie
582 3215 858 3270 invaserant
879 3220 927 3264 et
955 3214 1233 3280 quindecim
1255 3215 1406 3263 millia
1430 3215 1506 3264 vel
1525 3215 1654 3264 circa
1676 3213 1913 3262 occidisse

127 3303 176 3345 et
197 3298 528 3361 prostravisse,
552 3315 608 3348 ac
629 3315 727 3348 non
748 3299 942 3348 modica
963 3298 1116 3364 spolia
1137 3298 1311 3347 exinde
1334 3302 1628 3362 reportasse.

195 3380 479 3429 Eademdie
507 3381 636 3430 circa
664 3382 836 3432 horam
864 3400 960 3443 xm,
985 3385 1115 3447 Papa
1139 3382 1269 3431 venit
1296 3382 1357 3430 ad
1382 3382 1619 3446 capellam
1648 3381 1697 3429 in
1719 3395 1872 3443 cappa
1897 3393 1906 3424 ε

126 3469 266 3530 prout
288 3462 660 3529 precedentibus
677 3465 846 3514 diebus
868 3466 1084 3516 fimbrias
1105 3465 1310 3531 portavit
1330 3465 1725 3530 archiepiscopus
1745 3461 1908 3511 Arela-
