2216 3886
290 310 359 346 496
900 310 1131 348 JOHANNIS
1164 310 1288 347 BURC
1295 311 1455 355 HARDI,
1748 313 1958 353 [Decembre
1982 314 2077 355 1498]

291 413 412 462 ficus
434 417 491 463 D.
517 413 785 462 Ludovicus
808 413 867 463 de
887 415 1153 473 Villanova,
1178 415 1295 462 baro
1328 415 1386 461 de
1409 415 1578 471 Trans,
1601 413 1928 461 cambellanus
1949 415 2089 479 regis*

294 498 512 552 Francie,
537 514 624 562 per
645 497 870 546 eumdem
903 513 1067 561 regem
1089 512 1176 560 pro
1205 512 1263 544 eo
1292 495 1467 543 missus
1497 499 1544 544 et
1568 496 1814 545 ,Iohannes
1841 497 2077 546 Jordanus

291 582 349 629 de
383 580 590 641 Ursinis,
616 585 663 628 et
687 580 820 648 duxit
853 596 1018 629 secum
1047 579 1224 627 multos
1250 579 1479 642 juvenes;
1503 583 1553 627 ut
1585 579 1817 638 intellexi,
1846 595 2076 643 magnum

271 664 572 712 thesaurum
593 668 812 727 portasse
835 663 1017 711 dictum
1039 662 1143 721 fuit,
1166 666 1213 711 et
1230 662 1355 711 inter
1376 663 1470 711 alia
1491 662 1807 712 relatum'fuit
1828 662 1988 725 plures
2003 661 2075 711 vel

292 746 467 794 multos
490 762 548 794 ex
571 746 706 810 equis
729 745 826 794 suis
847 746 1051 795 ferratos
1073 745 1220 794 fuisse
1247 746 1385 795 ferris
1407 747 1647 810 argenteis
1667 751 1754 813 (1).

337 907 371 944 1.
403 907 516 943 Cesar
543 905 678 954 Borgia
705 918 744 942 se
771 905 889 944 rendit
914 918 960 942 en
991 906 1127 943 France
1157 922 1173 940 «
1203 919 1247 943 en
1274 907 1309 943 ἰα
1332 908 1421 954 plus
1446 908 1586 953 orande
1613 918 1747 954 pompe
1774 911 1808 943 et
1840 907 1997 945 richesse
2023 908 2073 944 du

288 968 417 1004 monde
440 981 473 1004 ».
497 966 547 1003 Sa
566 959 738 1002 lettre'de
759 968 924 1013 creance,
947 966 1057 1003 ecrite
1079 966 1123 1003 de
1143 966 1178 1003 la
1196 965 1293 1002 main
1313 966 1362 1002 du
1385 967 1498 1015 Pape,
1522 966 1609 1004 etait
1627 966 1724 1003 ainsi
1744 978 1880 1013 conque
1901 979 1911 1005 ε

1011 1064 1030 1084 «
1051 1051 1079 1086 I.
1104 1050 1149 1087 H.
1172 1050 1213 1087 S.
1237 1049 1354 1087 Maria

808 1126 825 1143 α
847 1109 1054 1146 Alexander
1074 1110 1146 1147 ΡΡ.
1171 1109 1233 1155 VI,
1256 1122 1367 1146 manu
1387 1110 1545 1159 proprIa.

335 1182 531 1219 Car1ssime
550 1182 587 1218 in
609 1182 753 1219 Christo
773 1181 824 1217 fili
844 1186 984 1228 noster,
1004 1181 1159 1219 salutem
1181 1186 1217 1219 et
1235 1181 1474 1230 apostolicam
1493 1182 1799 1220 benedictionem.
1815 1183 2073 1220 Desiderantes

286 1242 434 1280 omnino
453 1247 514 1280 tue
535 1246 571 1280 et
589 1247 714 1280 nostre
736 1241 945 1279 satisfacere
965 1241 1144 1279 voluntati
1165 1241 1393 1279 destinamus
1414 1242 1597 1291 Majestati
1616 1247 1678 1280 tue
1697 1254 1759 1280 cor
1777 1246 1956 1289 nostrum,
1970 1242 2074 1280 vide—

285 1301 370 1339 licet
387 1302 558 1340 dilectum
573 1301 688 1338 filium
707 1302 836 1339 ducem
863 1302 1173 1345 Valentinensem,
1197 1314 1269 1351 quo
1297 1302 1389 1339 nihil
1412 1303 1532 1340 carius
1560 1303 1751 1349 habemus,
1771 1307 1814 1341 ut
1839 1303 1887 1340 sit
1911 1302 2075 1341 certissi-

284 1374 382 1399 mum
409 1366 445 1399 et
469 1361 697 1399 carissimum
724 1361 871 1410 signum
897 1362 1014 1399 nostri
1041 1362 1077 1398 in
1106 1362 1368 1399 Celsitudinem
1388 1366 1451 1399 tua
1477 1363 1623 1407 caritas,
1652 1363 1709 1400 cui
1729 1363 1849 1412 ipsum
1875 1375 1949 1401 non
1969 1362 2074 1400 aliter

286 1424 582 1460 commendamus
606 1422 671 1459 sed
698 1434 777 1459 cam
802 1426 943 1460 tantum
976 1435 1163 1471 rogamus,
1191 1423 1278 1460 velit
1306 1435 1387 1460 eum
1414 1423 1499 1460 fidei
1526 1423 1643 1472 Regie
1668 1428 1730 1461 tue
1759 1424 1995 1462 commissum
2028 1435 2070 1460 eo

284 1483 391 1520 modo
411 1486 579 1527 tractare,
601 1485 641 1518 ut
665 1493 793 1519 omnes
814 1481 922 1519 etiam
943 1493 1007 1530 pro
1037 1481 1287 1519 consolatione
1307 1486 1434 1519 nostra
1453 1482 1661 1531 intelligant
1688 1494 1709 1519 a
1726 1483 1920 1532 Majestate
1949 1487 2012 1520 tua
2032 1483 2068 1519 in

285 1554 392 1579 suum
417 1542 564 1578 omnino
593 1545 781 1590 acceptum
809 1541 936 1579 fuisse.
962 1542 1091 1578 Datum
1119 1542 1236 1579 Rome
1263 1542 1360 1590 apud
1387 1545 1553 1579 sanctum
1580 1543 1741 1588 Petrum,
1764 1542 1822 1580 die
1849 1542 1960 1591 xxvnj
1984 1554 2068 1591 sep-

285 1604 451 1642 tembris.

369 1689 392 1712 u
412 1676 433 1712 d
462 1687 479 1712 s
503 1687 511 1711 :

335 1677 620 1772 §Dileoctissimo
641 1735 677 1770 in
699 1734 844 1771 Christo
865 1733 938 1770 filio
957 1737 1085 1770 nostro
1105 1733 1198 1781 Regi
1219 1734 1439 1770 Francorum
1459 1732 1788 1771 Christianissimo.
1801 1747 1820 1766 »
1837 1734 1943 1780 (Bibl.
1965 1733 2067 1775 Nat„

286 1795 394 1832 fonds
414 1794 546 1840 franc„
567 1806 659 1831 mss.
681 1795 788 1839 8465,
812 1793 836 1830 f.
853 1792 929 1840 13.)

335 1853 554 1900 Cesar-etait
573 1865 617 1890 en
638 1857 741 1890 outre
756 1857 904 1901 porteur
916 1852 1026 1889 d'une
1047 1851 1151 1889 lettre
1166 1864 1257 1900 pour
1277 1853 1327 1890 M.
1347 1853 1392 1890 (16
1413 1851 1639 1902 Bouchaige,
1654 1853 1744 1891 dont
1763 1851 1797 1890 la
1815 1856 1944 1890 teneur
1968 1852 2044 1890 suit
2060 1863 2069 1889 ε

963 1953 981 1971 «
1009 1936 1217 1974 Alexander
1237 1937 1311 1973 ΡΡ.
1334 1936 1396 1974 VI.

335 2026 353 2043 «
381 2009 519 2046 Dilecte
545 2009 597 2045 fili
626 2008 779 2046 salutem
807 2013 843 2045 et
868 2007 1105 2057 apostolicam
1137 2007 1442 2045 benedictionem.
1471 2007 1685 2045 Venientem
1705 2007 1800 2046 istuc
1825 2008 1872 2046 ad
1892 2006 2069 2045 Christia-

285 2069 478 2106 nissimum
504 2069 646 2117 Regem
669 2068 839 2106 dilectum
862 2067 977 2105 filium
1012 2067 1172 2105 nobilem
1197 2067 1314 2104 virum
1344 2067 1516 2105 Cesarem
1542 2067 1713 2117 Borgiam
1741 2068 1880 2105 Ducem
1905 2066 2068 2105 Valenti-

284 2122 436 2166 nensem
457 2128 635 2165 nobilitati
658 2132 719 2166 tue
746 2127 918 2165 duximus
940 2127 1290 2174 commendandum;
1313 2139 1422 2176 quam
1447 2128 1635 2165 hortamur
1655 2131 1690 2180 et
1709 2139 1883 2176 rogamus
1903 2127 2010 2164 enixe
2030 2131 2072 2164 ut

284 2188 322 2224 in
349 2188 406 2226 sui
428 2188 606 2237 suscipiat
625 2187 777 2225 consilio
808 2191 842 2224 et
865 2188 985 2224 favore
1012 2186 1147 2235 quibus
1168 2187 1313 2235 poterit,
1335 2187 1494 2236 adjuvet.
1516 2178 1591 2224 Nos
1613 2186 1709 2223 enim
1730 2198 1850 2234 neque
1870 2185 1936 2223 tibi
1961 2185 2064 2234 quic-

285 2260 393 2296 quam
421 2247 625 2285 accuratius
654 2248 906 2285 commendare
931 2258 1140 2295 possemus,
1168 2258 1287 2295 neque
1313 2250 1354 2283 tu
1378 2246 1452 2283 ulla
1476 2246 1514 2282 in
1541 2257 1578 2283 re
1603 2246 1673 2283 alia
1704 2245 1825 2294 magIS
1856 2244 2066 2294 gratificari.

285 2308 418 2344 Datum
443 2308 558 2344 Rome
586 2307 685 2354 apud
710 2306 895 2344 Sanctum·
919 2307 1081 2352 Petrum,
1112 2306 1181 2342 sub
1207 2306 1342 2342 annulo
1368 2305 1576 2354 piscatoris,
1605 2306 1663 2342 die
1689 2306 1814 2354 xxvuij
1842 2304 2070 2354 Septembris

285 2367 408 2404 Μοῦσα
428 2366 612 2414 Lxxxxnj,
634 2366 872 2403 Pontificatus
894 2366 1009 2404 nostri
1029 2378 1124 2404 anno
1145 2365 1311 2415 septimo.
1336 2381 1354 2400 »

1375 2441 1393 2460 «
1414 2426 1456 2463 L.
1479 2424 1771 2480 PodocatharuS.
1789 2440 1807 2458 »

334 2489 392 2525 Au
412 2489 478 2526 dos
501 2499 509 2525 ε

333 2564 351 2582 «
375 2548 514 2586 Dilecto
541 2548 615 2585 filio
644 2548 756 2585 nobili
776 2548 851 2585 viro
880 2547 1027 2585 domino
1054 2548 1098 2584 de
1126 2546 1352 2595 Bouchaige‚
1381 2545 1612 2583 Cambellano
1639 2545 1753 2593 regio.
1782 2559 1800 2577 »
1830 2544 1938 2591 (Bibl.
1966 2543 2074 2589 Nat„

283 2605 390 2645 fonds
409 2608 523 2654 franc.
546 2620 637 2646 mss.
659 2608 768 2654 8465,
791 2608 815 2645 f.
839 2609 912 2654 14.)

334 2667 530 2704 Brantome
562 2671 732 2716 rapporte
761 2667 870 2713 ainsi,
892 2666 1036 2715 d'apres
1066 2679 1136 2704 une
1159 2666 1312 2704 relation
1332 2666 1418 2703 faite
1438 2667 1489 2703 'de
1518 2668 1612 2710 visu,
1635 2669 1671 2702 et
1690 2663 1777 2713 qu'il
1805 2663 1900 2700 avait
1922 2665 2070 2700 trouvee

237 2764 240 2766 ,
286 2728 378 2764 dans
405 2727 459 2764 les
485 2727 650 2764 archives
683 2728 728 2764 de
765 2738 807 2763 sa
834 2727 981 2773 famille,
1011 2726 1159 2764 l’entree
1185 2727 1232 2763 du
1264 2727 1335 2763 duc
1366 2727 1410 2763 de
1441 2724 1668 2764 Valentinois
1701 2727 1724 2760 a
1753 2723 1788 2761 la
1817 2735 1905 2760 cour
1936 2722 1986 2759 du
2017 2720 2070 2758 roi

288 2786 398 2822 Louis
420 2787 503 2832 XII,
525 2787 586 2834 qui
607 2786 695 2824 etait
712 2786 807 2823 alors
828 2789 850 2822 a
864 2786 1020 2830 Chinon‚
1042 2785 1074 2822 16
1096 2786 1140 2822 18
1160 2786 1351 2822 decembre
1367 2787 1458 2822 1498
1481 2797 1489 2821 :
1513 2800 1531 2819 «
1546 2784 1829 2821 Premierement
1848 2780 2070 2819 marchoient

288 2846 421 2882 devant
440 2846 504 2894 luy
530 2847 720 2883 Monsieur
746 2846 778 2882 16
805 2843 965 2882 cardinal
991 2846 1034 2881 de
1062 2846 1183 2891 Ruan,
1205 2845 1393 2882 Monsieur
1419 2846 1463 2881 de
1489 2844 1702 2888 Ravestain‚
1729 2841 1918 2880 Monsieur
1942 2840 1976 2877 le
2008 2852 2066 2876 se—

287 2905 438 2941 neschal
457 2906 502 2942 de
521 2905 740 2951 Thoulouze,
762 2904 949 2942 Monsieur
968 2905 1013 2940 de
1034 2904 1230 2950 Clermont,
1252 2906 1518 2952 accompagnes
1545 2904 1590 2940 de
1616 2902 1798 2951 plusieurs
1820 2900 2012 2948 seigneurs
2032 2903 2070 2936 et

287 2964 607 3012 gentils-hommes
628 2965 672 3001 de
693 2964 727 3001 la
746 2975 846 3009 cour,
865 2964 1023 3012 jusques
1043 2975 1090 3000 au
1116 2963 1206 3000 bout
1225 2963 1274 2999 du
1299 2967 1401 3011 pont,
1423 2974 1515 3011 pour
1534 2962 1598 3010 luy
1617 2961 1704 2998 faire
1724 2959 1938 3008 compagnie
1958 2961 1980 2996 a
1999 2970 2065 2995 son

289 3027 422 3061 entre'e.
447 3024 587 3061 Devant
603 3023 680 3072 luy,
695 3022 719 3059 il
738 3035 763 3071 y
782 3022 878 3060 avait
897 3022 1142 3071 vingt-quatre
1156 3020 1288 3057 mulets
1306 3019 1377 3058 fort
1395 3020 1528 3068 beaux,
1551 3022 1705 3069 charges
1725 3019 1769 3056 de
1789 3019 1921 3064 bahus,
1937 3019 2067 3055 coffres

289 3087 325 3120 et
343 3083 500 3132 bouges,
522 3086 690 3120 couverts
710 3083 754 3119 de
775 3086 1008 3119 couvertures
1034 3093 1122 3118 avec
1147 3080 1199 3117 les
1221 3091 1420 3117 escussons
1441 3085 1477 3117 et
1496 3091 1614 3117 armes
1635 3079 1739 3116 dudit
1758 3079 1840 3115 duc.
1863 3079 1980 3127 Apres
2006 3090 2070 3115 en-

290 3155 371 3180 core
390 3142 560 3180 venoient
577 3141 829 3191 vingt-quatre
849 3146 970 3179 autres
991 3141 1122 3178 mulets
1148 3152 1234 3178 avec
1263 3141 1327 3176 des
1354 3144 1587 3177 couvertures
1610 3140 1654 3176 de
1680 3150 1793 3188 rouge
1813 3143 1848 3176 et
1869 3139 1982 3187 jaune
2002 3137 2067 3174 mi-

290 3202 445 3251 parties;
468 3215 528 3239 car
547 3202 591 3238 ils
619 3202 799 3251 portaient
817 3202 851 3238 la
870 3201 980 3239 livree
1000 3202 1049 3237 du
1075 3201 1128 3238 roi
1155 3199 1215 3248 qui
1241 3199 1351 3237 estoit
1374 3200 1486 3249 jaune
1512 3203 1548 3236 et
1573 3211 1703 3248 rouge,
1725 3210 1862 3236 comme
1877 3196 1941 3247 J’ai
1966 3209 2015 3235 vu
2034 3197 2070 3234 la

290 3261 389 3299 reine
415 3262 636 3311 Marguerite
663 3262 956 3311 d'aujourd‘huy,
979 3272 1021 3297 sa
1045 3260 1156 3308 petite
1182 3258 1266 3305 fille,
1288 3258 1339 3296 les
1359 3262 1480 3307 porter
1509 3257 1716 3307 longtemps
1737 3268 1802 3306 par
1819 3268 1878 3294 ses
1898 3267 2013 3305 pages
2032 3259 2070 3292 et

290 3321 445 3370 laquais.
477 3322 567 3359 Puis
594 3325 700 3372 apres
734 3321 916 3359 suivoient
947 3321 1060 3358 douze
1094 3319 1226 3356 mulets
1260 3330 1346 3356 avec
1377 3317 1431 3354 les
1461 3322 1694 3355 couvertures
1722 3317 1856 3366 jaunes
1882 3316 1928 3352 de
1957 3314 2067 3360 satin,

291 3380 437 3419 barrees
458 3387 537 3419 tout
561 3384 583 3418 a
607 3385 759 3420 travers.
781 3381 872 3418 Puis
897 3380 1069 3418 venoient
1094 3379 1156 3416 dix
1182 3379 1314 3416 mulets
1341 3381 1453 3428 ayant
1478 3381 1667 3415 convertes
1694 3377 1739 3414 de
1760 3377 1848 3424 drap
1869 3375 1958 3420 d'or,
1980 3374 2070 3411 dont

291 3438 388 3478 l’une
406 3441 511 3478 barre
531 3441 639 3478 estoit
658 3442 703 3478 de
729 3442 818 3489 drap
839 3441 915 3478 d'or
940 3439 1037 3485 frize,
1060 3443 1096 3476 et
1121 3439 1247 3477 l'autre
1267 3449 1327 3476 ras
1349 3449 1358 3475 :
1381 3437 1443 3486 qui
1469 3437 1548 3475 font
1572 3449 1618 3474 en
1643 3440 1724 3474 tout
1750 3435 1916 3473 soixante
1941 3437 1978 3471 et
2003 3432 2066 3469 dix
