2202 3926
120 392 341 434 [Mars1494]
570 391 740 429 RERUM
774 389 1078 427 URBANARUM
1110 389 1462 427 COMMENTARII.
1846 394 1909 429 101

189 495 320 543 Datis
350 499 559 558 quatuor
584 494 800 554 monitis,
821 493 1074 542 celebrans
1108 493 1249 542 rediit
1279 493 1340 541 ad
1368 508 1518 542 cornu
1550 492 1772 557 epistole,
1798 500 1844 542 et
1865 495 1913 542 in

119 579 254 628 altari
271 579 388 628 dixit
403 579 691 640 orationem,
709 579 1074 645 prophetarum,
1094 578 1340 642 graduale,
1360 577 1503 626 aliam
1517 577 1785 626 orationem
1801 593 1910 626 cum

122 664 340 713 oratione
363 679 449 728 pro
473 663 750 712 ordinandis
771 682 781 722 3
799 663 995 712 interim
1025 662 1281 710 cardinalis
1309 661 1606 710 ordinandus
1637 665 1749 710 ante
1772 678 1912 710 suum

123 748 389 797 scabellum
423 752 470 796 et
503 747 862 812 protonotarius
897 747 946 795 in
983 747 1152 811 gradu,
1184 751 1235 794 ut
1271 746 1404 811 prius
1436 762 1598 810 genua
1636 745 1907 805 flectenteS,

118 832 257 880 dictis
298 832 484 880 duabus
527 832 706 880 ultimis
747 831 1065 890 orationibuS,
1099 831 1351 879 celebrans
1390 830 1439 878 in
1485 829 1754 878 faldistorio
1794 834 1908 878 ante

120 916 335 965 medium
370 916 519 964 altare
554 916 835 980 genuflexus
867 931 978 963 cum
1009 915 1153 963 mitra
1185 914 1303 962 dixit
1332 913 1562 962 letaniam
1589 930 1599 962 τ
1633 912 1912 961 ordinandis

121 1000 313 1048 interim
346 1000 406 1048 ad
434 1000 537 1064 ejus
571 999 814 1047 sinistram
843 998 1114 1063 prostratis,
1140 998 1396 1046 cardinalis
1413 997 1549 1061 juxta
1583 996 1913 1046 celebrantem

123 1089 169 1133 et
191 1088 300 1148 post
321 1083 614 1132 cardinalem
638 1083 734 1131 sive
764 1083 823 1130 ad
851 1081 1109 1130 cardinalis
1141 1081 1404 1141 sinistram,
1430 1080 1790 1144 protonotarius
1813 1080 1914 1128 dic-

126 1172 221 1225 tus,
243 1171 295 1216 ut
316 1166 620 1230 obsequium,
643 1166 894 1214 celebrans
913 1181 1025 1213 cum
1046 1165 1190 1214 mitra
1207 1169 1252 1213 et
1270 1165 1442 1214 haculo
1457 1164 1687 1229 pastorali
1706 1169 1837 1214 stans
1854 1165 1915 1212 ad

124 1251 420 1300 ordinandos
448 1267 631 1311 versus,
664 1250 777 1298 dixit
807 1257 863 1297 ut
885 1250 966 1297 lzos
994 1250 1157 1298 electos
1187 1249 1454 1297 benedicere
1481 1250 1691 1314 diqneris
1722 1257 1829 1307 etc„
1862 1257 1918 1297 ut

126 1336 207 1384 hos
230 1337 392 1384 electos
420 1334 686 1383 benedicere
700 1342 745 1382 et
761 1334 1058 1398 sanctificare
1075 1334 1286 1398 diyneris
1300 1341 1411 1392 ete„
1435 1333 1633 1381 dimissa
1655 1333 1798 1381 tertia
1819 1348 1912 1396 que

125 1421 274 1468 habet
303 1435 608 1477 consecrare,
642 1435 752 1466 cum
800 1418 1053 1466 ordinandi
1094 1418 1185 1483 ipsi
1232 1434 1329 1465 non
1374 1421 1538 1465 essent
1577 1417 1912 1475 consecrandi,

127 1503 300 1552 deinde
324 1503 615 1552 continuavit
637 1502 886 1561 letaniam,
912 1507 958 1551 et
980 1502 1215 1551 ordinavit
1243 1501 1538 1550 ordinandos
1571 1500 1912 1561 subdiaconos,

126 1587 376 1652 premissis
421 1587 470 1635 in
517 1587 745 1651 singulari
793 1587 1126 1651 protonotario
1149 1586 1610 1644 'admonitionibus3
1651 1589 1753 1633 tum
1790 1585 1918 1634 dicta

129 1671 331 1736 epistola
363 1677 410 1720 et
440 1675 595 1719 tractu
631 1688 785 1735 usque
820 1671 880 1720 ad
911 1672 1135 1720 ultimum
1167 1687 1357 1719 versum
1392 1670 1650 1728 exclusive,
1683 1669 1916 1718 ordinavit

126 1771 210 1804 eos
246 1755 496 1815 diaconos,
520 1755 769 1820 premissis
793 1755 1205 1804 admonitionibus
1225 1760 1274 1803 ut
1302 1771 1464 1819 supra,
1489 1760 1628 1819 prout
1653 1754 1702 1801 in
1729 1753 1919 1818 pontifi-

126 1840 217 1887 cali
252 1839 524 1887 ordinatum
559 1858 568 1887 :
604 1855 702 1888 non
735 1840 958 1888 dixerunt
986 1839 1259 1903 epistolam,
1290 1855 1449 1903 neque
1481 1838 1802 1902 evangelium,
1832 1837 1918 1886 sed

130 1923 381 1971 celebrans
405 1923 569 1970 omnia
590 1923 725 1970 dixit.

195 2006 345 2055 Dictis
368 2006 542 2054 deinde
578 2006 747 2055 ultimo
771 2022 912 2054 versu
942 2010 1141 2066 tractus,
1166 2006 1391 2070 passione
1420 2010 1467 2054 et
1495 2006 1761 2067 offertorio,
1787 2008 1918 2056 cele-

129 2091 272 2139 brans
290 2091 412 2139 sedit
427 2091 475 2138 in
497 2090 765 2139 faldistorio
785 2106 895 2138 cum
918 2091 1061 2139 mitra
1079 2092 1138 2139 ad
1157 2107 1299 2154 quem
1319 2095 1633 2139 accesserunt
1648 2092 1918 2140 successive

127 2174 332 2222 ordinati
351 2179 399 2223 et
418 2174 603 2238 primus
636 2174 891 2222 cardinalis
914 2175 993 2238 qui
1018 2175 1189 2223 obtulit
1210 2176 1304 2223 duo
1338 2174 1600 2233 intorticia,
1627 2174 1749 2222 duos
1768 2191 1918 2238 panes

127 2262 174 2307 et
216 2258 311 2306 duo
351 2258 525 2307 bacilia
567 2258 681 2318 vini,
716 2274 913 2306 manum
955 2260 1245 2308 celebrantis
1286 2259 1346 2307 ad
1389 2259 1577 2323 singula
1610 2258 1916 2318 deosculans,

126 2344 300 2393 deinde
334 2343 693 2408 protonotarius
722 2360 867 2392 unam
891 2345 1099 2393 faculam
1131 2345 1289 2394 albam
1320 2345 1461 2393 unius
1488 2345 1610 2393 libre
1636 2361 1645 2392 z
1668 2349 1772 2394 tum
1794 2345 1919 2394 cele-

127 2430 290 2488 brans,
307 2428 418 2476 lotis
437 2427 676 2488 manibus,
701 2429 841 2476 vertit
862 2445 912 2476 se
929 2429 989 2476 ad
1010 2430 1179 2489 altare,
1199 2434 1247 2478 et
1266 2433 1588 2493 prosequutus
1608 2433 1681 2477 est
1698 2429 1913 2490 missam,

127 2529 279 2576 usque
299 2512 359 2560 ad
375 2512 552 2561 dictam
570 2512 841 2561 orationem
866 2514 1060 2561 Domine
1073 2513 1214 2562 Jesus
1235 2514 1438 2573 Christe,
1458 2514 1541 2577 qui
1555 2513 1717 2560 dixisti
1736 2522 1919 2576 aposto-

127 2599 185 2645 lis
217 2599 311 2645 tuis
334 2614 348 2644 .·
364 2613 535 2660 pacem
565 2613 717 2644 meam
739 2597 795 2644 do
818 2598 941 2645 vobis
961 2606 1046 2646 etc.
1072 2598 1313 2646 Ordinatis
1334 2598 1483 2662 igitur
1509 2597 1559 2644 in
1586 2597 1685 2644 suis
1705 2597 1843 2656 locis,
1866 2602 1917 2646 ut

127 2681 261 2745 prius
289 2696 447 2745 genua
476 2681 803 2737 flectentibus,
830 2681 958 2729 dicta
985 2682 1203 2730 oratione
1233 2682 1467 2746 predicta,
1501 2681 1752 2729 celebrans
1786 2680 1916 2728 dedit

131 2780 304 2828 pacem
331 2764 541 2828 primum
573 2764 821 2824 cardinali,
859 2765 1033 2813 deinde
1068 2765 1417 2829 protonotario,
1456 2768 1504 2812 et
1537 2764 1662 2811 facta
1695 2778 1917 2811 commu-

128 2847 273 2895 nione
294 2847 381 2895 sub
404 2852 604 2910 utraque
624 2847 803 2911 specie,
830 2849 1202 2897 communicavit
1222 2849 1378 2912 primo
1401 2847 1715 2907 cardinalem,
1741 2847 1915 2896 deinde

128 2931 510 2995 protonotarium
534 2932 581 2978 in
611 2948 759 2980 cornu
781 2932 982 2997 epistole
1007 2933 1149 2980 simul
1172 2933 1473 2997 genuflexos,
1498 2931 1578 2995 qui
1607 2947 1659 2979 se
1690 2931 1914 2980 adstatim

128 3015 502 3077 purificaverunt
520 3032 529 3075 ;
550 3020 651 3064 tum
673 3016 925 3064 celebrans
945 3017 1095 3066 abluit
1114 3017 1307 3081 digitos,
1327 3016 1437 3065 lavit
1458 3032 1628 3064 manus
1648 3019 1695 3064 et
1715 3015 1915 3080 perfecit

130 3097 345 3158 missam,
367 3099 597 3148 ordinatis
620 3100 669 3147 in
691 3100 790 3148 suis
810 3101 951 3159 locis,
977 3106 1029 3148 ut
1045 3102 1197 3165 prius,
1223 3099 1508 3165 genuflexis.

196 3180 341 3228 Missa
354 3182 507 3242 finita,
526 3183 778 3232 celebrans
794 3185 924 3233 dedit
941 3185 1335 3233 benedictionem
1354 3184 1521 3232 dicens
1539 3185 1600 3232 sit
1615 3200 1787 3231 nomen
1804 3192 1910 3244 etc„

132 3279 187 3311 ac
229 3269 494 3327 posuerunt
531 3273 815 3330 paramenta
866 3284 1036 3317 omnes
1084 3273 1131 3317 et
1181 3268 1431 3317 redierunt
1477 3267 1808 3330 unusquisque
1855 3266 1913 3314 ad

130 3347 480 3396 habitationem
520 3366 673 3398 suam.
713 3352 945 3412 Ordinati,
980 3353 1109 3400 dicta
1151 3352 1355 3416 epistola
1387 3355 1435 3399 et
1480 3355 1634 3398 tractu
1677 3366 1826 3413 usque
1855 3350 1912 3397 ad

132 3432 354 3480 ultimum
382 3447 591 3492 versum,
615 3434 945 3498 deposuerunt
974 3436 1246 3494 tunicellas,
1278 3440 1327 3483 et
1358 3434 1407 3481 in
1440 3433 1561 3482 albis
1588 3449 1753 3481 coram
1785 3433 1912 3480 cele-

132 3518 301 3565 brante
325 3531 485 3580 genua
505 3515 774 3565 flecterunt.
801 3518 947 3566 Missa
964 3518 1091 3566 dicta
1115 3522 1188 3566 est
1219 3518 1279 3566 de
1300 3517 1420 3566 feria
1447 3517 1536 3565 sub
1563 3516 1639 3564 die
1667 3519 1907 3564 currente.
