2222 3926
252 327 321 362 216
484 359 487 361 ,
838 326 1070 361 sommis
1105 325 1396 370 nuncnffiui,
1418 373 1422 377 ι
1707 300 1908 367 [Decembre
1930 329 2024 367 1494]

321 425 546 486 Sabbato,
582 430 638 474 27
674 427 960 486 decembris,
990 428 1164 476 festum
1197 445 1234 475 s,
1270 427 1500 474 Johannis
1535 427 1845 487 evangeliste,
1882 431 1936 476 R.
1978 431 2024 477 in

255 509 444 557 Christo
483 512 539 557 D.
572 510 958 570 BartholomeuS,
992 512 1245 573 episcopus
1286 508 1667 572 Segobricensis,
1711 525 1749 556 s.
1786 512 1839 557 D.
1876 512 2024 558 nostri

253 609 376 656 pape
415 594 644 656 magister
688 595 877 652 domus,
920 593 1178 641 celebravit
1216 592 1413 640 missam
1447 592 1714 640 solemnem
1755 593 1803 640 in
1842 593 2027 656 capella

255 676 471 739 predicta
504 692 512 722 :
553 692 829 724 sermonem
860 677 971 723 fecit
999 676 1193 738 quidam
1220 674 1426 722 Michael
1460 677 1631 723 Servus
1658 675 1717 723 de
1754 676 2025 724 Mediolano

255 775 351 807 non
378 759 478 806 sine
508 759 577 806 sui
607 759 863 818 dedecore,
899 761 1028 822 Papa
1053 762 1295 821 presente,
1328 761 1375 806 et
1405 757 1463 805 de
1489 758 1769 821 hujusmodi
1803 773 2024 806 sermone

255 841 389 889 valde
411 841 656 889 attediatO.

308 925 462 972 'Feria
494 929 681 987 quarta,
720 928 773 973 31
819 925 1106 984 decembriS‚
1143 927 1271 973 bono
1308 941 1468 985 mane,
1499 925 1558 973 de
1586 925 1811 972 mandato
1846 925 1929 972 SS.
1969 926 2024 971 D.

257 1010 409 1056 nostri
443 1012 587 1072 Pape,
621 1010 826 1072 equitavi
859 1010 1048 1057 obviam
1076 1010 1180 1073 regi
1214 1010 1415 1058 Francia
1447 1009 1535 1057 sibi
1570 1009 1780 1056 dicturus
1811 1007 2028 1055 ordinem

259 1093 546 1156 receptionis
578 1110 660 1141 sue
691 1091 826 1157 quta
859 1093 1205 1146 ceremoniale;
1231 1093 1290 1141 ab
1325 1109 1382 1141 eo
1420 1097 1701 1156 recepturus
1737 1091 2029 1139 voluntatem

258 1190 395 1223 suam
417 1180 464 1223 et
486 1181 777 1224 executurus
804 1176 1031 1239 quicquid
1059 1192 1145 1224 sua
1175 1175 1705 1240 MaJestasrmandaret:
1731 1180 1962 1224 venerunt
1984 1181 2031 1223 et

260 1275 355 1306 una
381 1275 572 1306 mecum
607 1262 662 1307 R.
688 1260 735 1306 in
770 1259 958 1308 Christo
986 1262 1037 1307 P.
1076 1262 1132 1306 D.
1172 1258 1552 1317 Bartholemeus,
1585 1258 1839 1322 episcopus
1873 1261 2031 1322 Nepe-

260 1343 409 1400 sinus,
438 1346 564 1406 Pape
599 1343 911 1401 secretarius;
945 1345 1001 1391 D.
1032 1342 1351 1406 Hieronymus
1381 1341 1648 1400 Porcarius,
1680 1341 1869 1389 auditor
1899 1346 2027 1400 rote3

259 1426 470 1474 decanus
489 1428 753 1473 Coronatus
781 1426 839 1473 de
864 1426 1054 1484 Planca,
1079 1425 1256 1472 Marius
1280 1424 1509 1483 Millinus,
1536 1423 1909 1487 Christophorus
1934 1426 2030 1471 Bu-

259 1509 396 1568 falus,
431 1508 746 1557 cancellarius
780 1509 919 1557 Urbis
949 1512 996 1557 et
1024 1508 1229 1556 Jacobus
1268 1508 1326 1556 de
1358 1506 1632 1565 Sinibaldis,
1665 1506 1790 1555 cives
1821 1508 2026 1555 romani.

260 1593 542 1655 Reperimus
565 1593 693 1640 circa
715 1592 927 1656 galeram
954 1592 1014 1640 ad
1045 1592 1137 1639 duo
1162 1591 1382 1639 milliaria
1409 1594 1612 1638 RRmos.
1636 1592 1737 1638 DD.
1763 1591 2029 1638 cardinales

260 1691 298 1722 s.
328 1676 453 1722 Petri
476 1676 535 1723 ad
555 1675 826 1725 Vincula'et
844 1676 902 1724 de
926 1675 1127 1724 Sabellis
1144 1674 1511 1738 quoshonoravi
1534 1690 1592 1721 ex
1605 1690 1727 1737 equo
1749 1679 1912 1722 tamen
1931 1691 2028 1722 non

258 1759 622 1819 descendendo;
648 1775 817 1823 parum
845 1763 952 1822 post
978 1774 1063 1806 eos
1084 1758 1210 1806 venit
1232 1774 1317 1805 rex
1343 1773 1487 1821 quem
1509 1758 1686 1821 pariter
1707 1772 1766 1805 ex
1781 1758 1914 1825 equis
1934 1773 2031 1806 non

259 1842 600 1890 descendendo
624 1858 792 1890 omnes
821 1846 1020 1906 propter
1044 1842 1199 1889 lutum
1228 1846 1276 1889 et
1308 1846 1496 1904 tempus
1519 1841 1792 1905 pluviosum
1822 1856 1878 1889 ac
1905 1840 2032 1904 regis

257 1925 617 1973 acceleritatem
644 1926 846 1984 itineris,
864 1909 1085 1974 ‘venerati
1120 1940 1303 1973 sumus.
1327 1925 1580 1988 Proposita
1600 1924 1775 1972 deinde
1796 1940 1884 1987 per
1909 1924 2033 1987 epis-

259 2022 436 2070 copum
452 2008 1108 2072 Nepesinumjcommissione
1128 2024 1214 2073 per
1228 2010 1310 2056 SS.
1338 2011 1390 2056 D.
1405 2010 1459 2056 N.
1478 2023 1652 2071 papam
1673 2008 1731 2055 de
1751 2008 2031 2070 recipiendo

260 2092 417 2154 ipsum
440 2108 606 2156 regem
629 2093 717 2140 sibi
739 2094 880 2152 facta,
904 2109 993 2157 ego
1016 2093 1235 2140 similiter
1254 2093 1382 2155 quod
1404 2091 1523 2139 mihi
1545 2107 1631 2154 per
1653 2091 1876 2139 eumdem
1894 2106 2032 2139 man-

261 2174 426 2221 datum
447 2175 603 2222 fuerat
619 2175 857 2238 Majestati
880 2191 964 2223 sue
987 2175 1236 2238 explicavi.
1262 2173 1525 2238 Respondit
1549 2189 1631 2222 rex
1651 2174 1813 2222 venire
1832 2174 1951 2221 velle
1973 2174 2032 2221 ad

259 2257 436 2305 Urbem
472 2258 678 2315 admodo
709 2258 810 2306 sine
839 2274 1018 2321 pompa
1050 2276 1058 2304 :
1091 2257 1262 2315 audivi,
1293 2261 1339 2304 et
1365 2260 1474 2320 post
1502 2273 1581 2304 me
1617 2260 1673 2304 D.
1710 2257 2031 2320 Hieronymus

261 2341 512 2388 Porcarius
541 2341 622 2403 qui
655 2356 743 2403 pro
774 2342 999 2389 omnibus
1021 2341 1238 2404 collegiis
1265 2340 1476 2387 romanis
1497 2339 1685 2387 locutus
1708 2343 1781 2387 est
1801 2339 2031 2403 populum

261 2428 308 2471 et
334 2424 438 2487 ejus
464 2425 716 2473 facultates
746 2425 974 2483 offerens,
997 2440 1078 2473 rex
1097 2440 1266 2488 parum
1289 2422 1535 2486 respondit
1555 2427 1599 2469 et
1621 2423 1741 2470 nihil
1771 2422 2036 2486 ad'propo·

268 2506 428 2553 situm.
455 2510 854 2556 Retrocesserunt
874 2508 1076 2555 Romani
1099 2507 1206 2570 ipsi,
1227 2522 1313 2554 rex
1332 2520 1410 2554 me
1434 2505 1494 2552 ad
1515 2521 1565 2552 se
1588 2505 1820 2553 accersito
1839 2505 1900 2552 ad
1918 2520 2038 2568 qua-

261 2596 374 2638 tuor
394 2592 595 2640 miliaria
621 2592 695 2640 vel
719 2593 848 2639 circa
872 2592 1100 2640 continuo
1120 2599 1197 2638 me
1220 2590 1452 2638 allocutus
1468 2592 1558 2647 est,
1580 2593 1627 2637 et
1649 2588 1707 2636 de
1723 2588 2030 2647 ceremoniis,

263 2680 389 2722 statu
412 2678 539 2739 Pape
568 2681 616 2723 et
637 2676 891 2724 cardinalis
914 2675 1157 2724 Valentini
1187 2672 1460 2721 conditione
1489 2676 1536 2720 et
1563 2672 1730 2720 ordine
1758 2677 1806 2721 et
1833 2676 1904 2720 tot
1930 2671 2033 2719 aliis

263 2758 606 2822 interrogatus,
630 2759 759 2821 quod
775 2759 849 2805 vix
870 2757 1004 2821 potui
1022 2757 1082 2805 ad
1101 2756 1287 2819 singula
1306 2755 1605 2818 pertinenter
1625 2755 1938 2819 respondere.

327 2845 482 2905 Prope
517 2845 799 2905 Burgettum
835 2844 1066 2889 venerunt
1099 2839 1285 2888 obviam
1323 2838 1422 2901 regi
1456 2838 1549 2885 duo
1581 2843 1798 2886 oratores
1831 2839 2031 2887 dominii

254 2929 555 2975 ‚Venetorum
581 2926 660 2987 qui
692 2941 749 2973 ex
777 2926 911 2987 equis
934 2912 1302 2983 descendentes,
1327 2938 1498 2970 manus
1520 2923 1735 2986 proprias
1769 2922 2030 2971 deosculati

263 3014 372 3055 sunt
394 3014 651 3070 antequam
673 3024 756 3055 rex
788 3023 869 3055 eas
896 3008 1183 3070 porrigeret,
1207 3022 1403 3054 manum
1424 3010 1585 3054 tamen
1609 3006 1745 3069 regis
1755 3012 2028 3069 porrectam

260 3106 357 3138 non
379 3096 489 3139 sunt
510 3091 773 3138 deosculati
805 3107 813 3137 :
851 3095 958 3153 post
977 3105 1059 3138 eos
1085 3090 1209 3138 venit
1237 3093 1400 3137 Rmus.
1423 3092 1481 3136 D.
1504 3088 1760 3136 cardinalis
1790 3089 2025 3137 Ascanius

263 3174 341 3236 qui
364 3189 424 3220 ex
444 3173 574 3220 mula
595 3189 689 3221 non
710 3173 1029 3232 descendens,
1053 3174 1244 3222 detecto
1279 3172 1453 3235 capite,
1485 3187 1650 3235 regem
1672 3172 1869 3236 recepit.
1893 3172 2034 3220 Simi-

262 3256 373 3304 liter
402 3260 447 3304 et
469 3272 567 3314 rex,
598 3256 902 3319 discooperto
925 3257 1099 3320 capite,
1123 3257 1281 3320 ipsum
1308 3255 1599 3314 cardinalem
1624 3255 1829 3318 recepit;
1855 3270 2033 3318 coope-

262 3345 461 3387 ruerunt
482 3339 623 3386 ambo
654 3340 810 3402 capita
839 3346 886 3388 et
906 3343 1071 3387 Rmus.
1098 3337 1430 3402 D.·cardinalis
1451 3337 1686 3385 Ascanius
1709 3337 1769 3385 ad
1789 3337 2030 3385 sinistram

263 3422 388 3486 regis
423 3411 641 3485 equitans
672 3438 782 3470 eum
812 3438 960 3486 usque
992 3423 1051 3471 ad
1081 3421 1306 3485 palatium
1338 3437 1376 3468 s.
1411 3410 1575 3480 Marci,
1613 3412 1750 3469 solite
1773 3419 2029 3468 residentie
