2216 3886
345 328 414 362 5154
959 329 1190 364 JOHANNIS
1229 330 1519 375 BUHCHAHDI,
1839 337 2003 376 [oetolnw
2027 342 2122 381 1499]

349 430 728 491 protonotarium
763 430 807 475 in
844 434 1001 477 castro
1038 446 1075 476 s.
1112 431 1300 492 Angeli,
1342 434 1388 477 et
1425 431 1652 493 oppidum
1688 436 1971 484 Sermonete
2008 454 2115 486 cum

351 511 574 558 omnibus
604 512 905 575 pertinentiis
937 512 1034 559 suis
1064 512 1340 560 immediate
1373 516 1586 562 Romane
1618 515 1822 563 ecclesie
1852 518 2113 582 subjunxit.

349 596 597 642 Venerunt
624 599 881 658 propterea
907 595 1069 658 plures
1094 595 1368 643 habitantes
1396 601 1441 644 et
1472 597 1627 645 incole
1659 598 1877 661 ejusdem
1906 605 2031 649 terre
2059 603 2118 650 ad

352 677 544 735 Urbem,
577 682 622 725 et
647 677 695 724 in
722 676 940 724 manibus
963 679 1045 725 SS.
1081 680 1137 724 D.
1167 679 1221 725 N.
1247 693 1386 741 pape,
1420 679 1468 725 in
1499 682 1743 743 presentia
1771 683 2118 745 presidentium

350 774 540 807 camere
562 760 842 823 apostolice,
867 759 1147 807 fidelitatem
1168 761 1508 825 promiserunt.

416 843 553 891 Feria
580 843 761 906 quinta,
793 847 818 891 3
847 844 1026 891 mensis
1059 843 1287 902 octobris,
1318 845 1479 894 habite
1509 852 1617 894 sunt
1644 849 1845 911 exequie
1869 850 1994 898 bone
2016 867 2119 899 me-

348 927 501 975 morie
536 927 789 974 cardinalis
824 944 862 974 s.
901 927 1114 990 Dionysii
1152 927 1200 974 in
1233 927 1439 976 ecclesia
1472 929 1723 993 hospitalis
1756 932 2001 980 Gallorum
2034 949 2121 996 per

347 1010 471 1057 illius
493 1010 678 1069 fratreS,
705 1015 752 1058 et
774 1010 1024 1058 distribute
1045 1010 1243 1058 candele
1263 1027 1396 1058 more
1417 1012 1556 1061 solito
1580 1030 1589 1060 :
1612 1014 1931 1064 interfuerunt
1951 1018 2115 1065 RRmi.

350 1096 448 1140 DD.
487 1093 756 1141 cardinales
786 1093 1136 1141 Alexandrinus
1168 1099 1215 1141 et
1243 1095 1470 1142 Senensis
1505 1101 1788 1146 executores
1818 1099 2039 1161 predicti,
2073 1105 2119 1149 et

347 1191 515 1224 omnes
537 1176 778 1239 digniores
800 1176 1004 1224 curiales
1028 1177 1233 1225 nationis
1252 1177 1512 1227 Gallicane.
1538 1183 1641 1227 Non
1662 1185 1733 1228 est
1753 1181 1918 1229 habita
1938 1184 2114 1242 oratio,

347 1260 589 1309 Gallicano
622 1276 774 1320 more,
812 1265 862 1308 ut
891 1253 1130 1319 intellexi,
1167 1261 1329 1309 omnia
1362 1267 1472 1310 sunt
1504 1268 1632 1321 acta;
1670 1280 1766 1311 non
1799 1264 1864 1312 sui
1898 1271 2114 1324 vocatus;

344 1348 601 1406 propterea
621 1359 715 1391 non
738 1344 952 1404 interfui,
978 1361 1067 1393 nec
1089 1350 1225 1409 gesta
1244 1347 1599 1410 particulariter
1619 1351 1857 1399 annotavi.

410 1426 678 1486 Dominica,
705 1430 732 1474 6
755 1427 933 1474 mensis
956 1428 1185 1487 octobris,
1210 1444 1293 1476 rex
1316 1429 1514 1476 Francie
1543 1429 1729 1479 intravit
1752 1432 1989 1481 civitatem
2010 1437 2115 1482 Me—

345 1509 588 1557 diolanum
611 1526 720 1558 cum
742 1526 917 1573 magna
933 1525 1137 1574 pompa;
1162 1511 1299 1574 cujus
1320 1511 1543 1560 introitus
1565 1518 1758 1561 notatus
1780 1514 1865 1561 fuit
1886 1531 1972 1578 per
1993 1516 2117 1563 ordi-

346 1609 458 1641 nem
481 1598 527 1642 et
547 1594 828 1658 impressus,
854 1595 1033 1642 tenoris
1057 1596 1409 1658 subsequentis.

411 1678 498 1726 Die
529 1678 788 1736 dominica,
820 1681 846 1724 6
882 1678 1090 1726 octobris
1126 1681 1618 1739 MCCCCLXXXXIX,
1651 1681 1938 1739 Ludovicus,
1963 1685 2114 1729 Fran-

345 1777 511 1810 corum
534 1778 615 1808 rex
635 1761 1062 1809 christianissimus
1084 1777 1141 1810 ex
1163 1762 1384 1820 Binasco,
1411 1763 1586 1826 oppido
1609 1763 1738 1826 quod
1758 1779 1855 1811 non
1876 1764 2067 1828 longius
2090 1782 2117 1813 a

341 1845 611 1892 Mediolano
647 1844 814 1892 decem
847 1844 1057 1892 millibus
1091 1860 1320 1907 passuum
1349 1846 1507 1905 distat,
1541 1847 1619 1893 ubi
1649 1848 1961 1910 pernoctavit,
1996 1848 2117 1895 hora

341 1944 437 1987 xlx,
464 1927 682 1985 dicessit,
710 1928 785 1975 cui
814 1927 1017 1986 nobiles,
1043 1929 1188 1987 cives,
1214 1934 1508 1976 mercatores
1538 1927 1884 1993 universusque
1912 1931 2115 1994 populus

341 2017 477 2061 extra
503 2013 656 2076 ipsam
691 2013 860 2060 urbem
898 2028 1047 2075 usque
1079 2012 1138 2059 ad
1170 2012 1241 2060 ria
1268 2012 1417 2059 millia
1442 2027 1670 2075 passuum
1701 2013 1887 2061 obviam
1917 2013 2112 2076 prodie-

340 2100 466 2155 runt,
493 2096 660 2144 ordine
685 2095 907 2158 sequenti
933 2112 941 2143 :

409 2179 566 2228 Primo
590 2179 813 2242 equidem
836 2179 1171 2242 quadringenti
1194 2184 1275 2227 aut
1291 2180 1418 2227 circa
1432 2180 1567 2242 pueri
1583 2180 1877 2243 impuberes,
1903 2182 2111 2229 aureatis

341 2268 387 2312 et
425 2263 641 2312 sericatis
678 2262 888 2311 vestibus
928 2262 1098 2319 induti,
1135 2261 1274 2309 variis
1309 2261 1566 2309 monilibus
1607 2267 1653 2309 et
1693 2263 1899 2325 gemmis
1932 2264 2107 2322 ornati,

342 2346 675 2410 grandioribus
698 2345 834 2408 equis
857 2345 1097 2405 sedentes,
1115 2345 1287 2408 singuli
1312 2361 1469 2392 ramos
1489 2345 1718 2392 olivarum
1737 2350 1983 2409 portantes
2006 2362 2109 2394 ma-

339 2429 499 2488 nibus,
523 2430 569 2476 in
591 2430 762 2492 quibus
778 2432 1074 2476 Francorum·
1090 2444 1260 2491 regum
1280 2428 1486 2490 insignia
1499 2429 1704 2491 parvulis
1720 2428 1902 2476 vexillis
1919 2429 2111 2478 ceruleo

339 2513 466 2560 circa
493 2513 727 2561 consertis
748 2513 877 2576 picta
909 2516 1061 2571 erant,
1088 2517 1134 2560 et
1161 2512 1207 2558 in
1237 2511 1466 2574 preclaris
1495 2512 1786 2560 carminibus
1809 2516 1856 2560 et
1883 2513 2108 2576 eulogiis;

336 2596 429 2644 alia
461 2596 637 2660 quippe
668 2612 833 2660 regem
862 2611 1091 2659 magnum
1121 2595 1299 2655 venire,
1326 2595 1477 2642 altera
1504 2611 1561 2642 ex
1590 2595 1658 2643 eis
1688 2595 1878 2643 audisse
1907 2595 2111 2659 gloriam

338 2679 460 2742 ejus,
497 2683 639 2742 atque
681 2679 846 2738 altera,
889 2678 1199 2725 liberatorem
1237 2677 1389 2740 patrie
1436 2676 1607 2725 adesse
1645 2677 1977 2740 predicabant,
2011 2678 2111 2742 plu-

340 2778 510 2824 resque
534 2762 650 2809 alias
671 2761 839 2809 laudes
863 2762 966 2824 ejus
989 2765 1037 2809 et
1055 2761 1259 2808 virtutes
1282 2761 1619 2808 decantabant.
1641 2761 1942 2808 Assistebant
1963 2761 2108 2809 etiam

340 2844 454 2907 ipsis
487 2845 650 2907 pueris
687 2845 780 2891 duo
813 2848 893 2891 aut
921 2849 1017 2891 tres
1046 2843 1186 2890 validi
1207 2843 1409 2906 juvenes
1442 2844 1709 2905 pedestreS,
1733 2844 1836 2905 pari
1866 2844 2033 2891 habitu
2062 2850 2108 2892 et

341 2931 511 2975 ornatu
555 2926 711 2974 vestiti
759 2943 768 2974 :
811 2927 1063 2989 gestabant
1114 2941 1303 2988 quoque
1356 2925 1445 2988 ipsi
1496 2925 1630 2988 pueri
1682 2925 1905 2973 vexillum
1958 2940 2107 2971 unum

339 3026 568 3074 magnum
587 3025 646 3058 cx
667 3009 840 3068 serico,
866 3025 975 3056 cum
998 3009 1195 3056 Francie
1217 3008 1482 3071 insignibus
1503 3013 1551 3056 et
1572 3007 1734 3056 armis.
1757 3008 1926 3056 Habita
1946 3011 2106 3056 autem

338 3098 411 3142 est
435 3094 493 3141 ab
521 3094 671 3141 altero
699 3093 913 3156 ipsorum
946 3108 1206 3156 puerorum
1241 3092 1435 3155 elegans
1464 3092 1637 3151 oratio,
1668 3108 1761 3154 que
1790 3091 2107 3139 concludebat

339 3193 503 3242 regem
524 3177 682 3240 ipsum
705 3192 801 3224 non
822 3176 981 3224 minus
998 3176 1177 3224 liberos
1198 3176 1327 3239 ipsos
1348 3191 1489 3239 quam
1513 3180 1738 3239 parentes
1761 3192 1930 3225 eorum
1951 3191 1979 3223 a
1997 3174 2106 3223 libi-

336 3261 446 3308 dine
475 3265 522 3308 et
549 3260 711 3308 furore
741 3260 929 3324 tyranni
956 3258 1247 3307 liberavisse.
1282 3258 1464 3306 Deinde
1492 3275 1603 3306 vero
1632 3258 1877 3323 quingenti
1903 3259 2105 3322 juvenes

333 3344 456 3392 infra
481 3361 537 3391 xv
566 3347 612 3391 et
639 3360 713 3391 xvl
749 3359 984 3391 annorum
1021 3358 1164 3406 super
1202 3342 1401 3406 egressi,
1433 3342 1591 3389 aureis
1625 3342 1834 3390 vestibus
1872 3340 2102 3404 insignes,

333 3444 537 3490 quorum
561 3443 644 3475 sex
665 3443 867 3490 magnos
889 3427 1069 3474 biretos
1100 3425 1459 3488 pretiosissimis
1490 3425 1695 3489 pellibus
1725 3424 1865 3472 variis
1894 3422 2105 3488 (munitis
