<?xml version="1.0" encoding="UTF-8"?>
<!DOCTYPE html PUBLIC "-//W3C//DTD XHTML 1.0 Transitional//EN"
    "http://www.w3.org/TR/xhtml1/DTD/xhtml1-transitional.dtd">
<html xmlns="http://www.w3.org/1999/xhtml" xml:lang="en" lang="en">
 <head>
  <title>
</title>
<meta http-equiv="Content-Type" content="text/html;charset=utf-8" />
  <meta name='ocr-system' content='tesseract 3.04.00' />
  <meta name='ocr-capabilities' content='ocr_page ocr_carea ocr_par ocr_line ocrx_word'/>
</head>
<body>
  <div class='ocr_page' id='page_1' title='image "./diariumsivererum02burcuoft_0235.png"; bbox 0 0 2222 3926; ppageno 0'>
   <div class='ocr_carea' id='block_1_1' title="bbox 137 317 1921 363">
    <p class='ocr_par' dir='ltr' id='par_1_1' title="bbox 137 317 1921 363">
     <span class='ocr_line' id='line_1_1' title="bbox 137 317 1921 363; baseline 0.001 -9"><span class='ocrx_word' id='word_1_1' title='bbox 137 321 412 363; x_wconf 74' lang='lat' dir='ltr'>[sauvier1495]</span> <span class='ocrx_word' id='word_1_2' title='bbox 581 318 750 355; x_wconf 80' lang='lat' dir='ltr'>RERUM</span> <span class='ocrx_word' id='word_1_3' title='bbox 784 317 1085 354; x_wconf 80' lang='lat' dir='ltr'><strong>URBANARUM</strong></span> <span class='ocrx_word' id='word_1_4' title='bbox 1113 317 1463 354; x_wconf 77' lang='lat' dir='ltr'><strong>COMMENTARH.</strong></span> <span class='ocrx_word' id='word_1_5' title='bbox 1851 322 1921 357; x_wconf 72' lang='lat'>223</span> 
     </span>
    </p>
   </div>
   <div class='ocr_carea' id='block_1_2' title="bbox 108 418 1929 3330">
    <p class='ocr_par' dir='ltr' id='par_1_2' title="bbox 108 418 1929 3245">
     <span class='ocr_line' id='line_1_2' title="bbox 142 418 1918 487; baseline -0.002 -15"><span class='ocrx_word' id='word_1_6' title='bbox 142 424 341 472; x_wconf 90' lang='lat' dir='ltr'>modum</span> <span class='ocrx_word' id='word_1_7' title='bbox 373 438 552 472; x_wconf 91' lang='lat' dir='ltr'>corone</span> <span class='ocrx_word' id='word_1_8' title='bbox 581 422 738 487; x_wconf 91' lang='lat' dir='ltr'>posita</span> <span class='ocrx_word' id='word_1_9' title='bbox 769 420 979 469; x_wconf 87' lang='lat' dir='ltr'>scabella</span> <span class='ocrx_word' id='word_1_10' title='bbox 1007 436 1093 484; x_wconf 92' lang='lat' dir='ltr'>pro</span> <span class='ocrx_word' id='word_1_11' title='bbox 1121 419 1444 468; x_wconf 79' lang='lat' dir='ltr'>cardinalibus</span> <span class='ocrx_word' id='word_1_12' title='bbox 1471 432 1607 466; x_wconf 91' lang='lat' dir='ltr'>more</span> <span class='ocrx_word' id='word_1_13' title='bbox 1629 418 1772 467; x_wconf 88' lang='lat' dir='ltr'>solito</span> <span class='ocrx_word' id='word_1_14' title='bbox 1800 436 1918 469; x_wconf 92' lang='lat' dir='ltr'>con-</span> 
     </span>
     <span class='ocr_line' id='line_1_3' title="bbox 143 501 1920 570; baseline -0.003 -15"><span class='ocrx_word' id='word_1_15' title='bbox 143 507 386 565; x_wconf 88' lang='lat' dir='ltr'>sistoriali,</span> <span class='ocrx_word' id='word_1_16' title='bbox 419 506 468 554; x_wconf 91' lang='lat' dir='ltr'>in</span> <span class='ocrx_word' id='word_1_17' title='bbox 498 505 669 570; x_wconf 91' lang='lat' dir='ltr'>quibus</span> <span class='ocrx_word' id='word_1_18' title='bbox 699 505 927 553; x_wconf 90' lang='lat' dir='ltr'>sederunt</span> <span class='ocrx_word' id='word_1_19' title='bbox 960 503 1245 552; x_wconf 80' lang='lat' dir='ltr'>cardinales,</span> <span class='ocrx_word' id='word_1_20' title='bbox 1283 505 1414 567; x_wconf 90' lang='lat' dir='ltr'>Papa</span> <span class='ocrx_word' id='word_1_21' title='bbox 1440 501 1594 550; x_wconf 91' lang='lat' dir='ltr'>noluit</span> <span class='ocrx_word' id='word_1_22' title='bbox 1624 501 1796 551; x_wconf 89' lang='lat' dir='ltr'>sedere</span> <span class='ocrx_word' id='word_1_23' title='bbox 1828 503 1920 550; x_wconf 83' lang='lat' dir='ltr'>nisi</span> 
     </span>
     <span class='ocr_line' id='line_1_4' title="bbox 108 584 1924 654; baseline -0.002 -16"><span class='ocrx_word' id='word_1_24' title='bbox 108 616 111 618; x_wconf 94' lang='lat'>·</span> <span class='ocrx_word' id='word_1_25' title='bbox 141 590 273 654; x_wconf 91' lang='lat' dir='ltr'>prius</span> <span class='ocrx_word' id='word_1_26' title='bbox 307 590 501 639; x_wconf 89' lang='lat' dir='ltr'>sederet</span> <span class='ocrx_word' id='word_1_27' title='bbox 534 605 619 637; x_wconf 88' lang='lat' dir='ltr'>rex</span> <span class='ocrx_word' id='word_1_28' title='bbox 650 604 796 652; x_wconf 88' lang='lat' dir='ltr'>quem</span> <span class='ocrx_word' id='word_1_29' title='bbox 829 604 974 641; x_wconf 86' lang='lat' dir='ltr'>manu</span> <span class='ocrx_word' id='word_1_30' title='bbox 1006 587 1134 651; x_wconf 84' lang='lat' dir='ltr'>cogit</span> <span class='ocrx_word' id='word_1_31' title='bbox 1166 587 1299 651; x_wconf 89' lang='lat' dir='ltr'>prius</span> <span class='ocrx_word' id='word_1_32' title='bbox 1340 586 1530 635; x_wconf 89' lang='lat' dir='ltr'>sedere.</span> <span class='ocrx_word' id='word_1_33' title='bbox 1575 584 1762 634; x_wconf 82' lang='lat' dir='ltr'>Deinde</span> <span class='ocrx_word' id='word_1_34' title='bbox 1800 587 1924 635; x_wconf 92' lang='lat' dir='ltr'>sedit</span> 
     </span>
     <span class='ocr_line' id='line_1_5' title="bbox 142 670 1922 739; baseline -0.002 -17"><span class='ocrx_word' id='word_1_35' title='bbox 142 675 246 739; x_wconf 91' lang='lat' dir='ltr'>ipse</span> <span class='ocrx_word' id='word_1_36' title='bbox 277 678 442 722; x_wconf 82' lang='lat' dir='ltr'>RmuS.</span> <span class='ocrx_word' id='word_1_37' title='bbox 479 677 535 722; x_wconf 92' lang='lat' dir='ltr'>D.</span> <span class='ocrx_word' id='word_1_38' title='bbox 569 673 826 722; x_wconf 89' lang='lat' dir='ltr'>cardinalis</span> <span class='ocrx_word' id='word_1_39' title='bbox 851 672 1193 737; x_wconf 87' lang='lat' dir='ltr'>Neapolitanus</span> <span class='ocrx_word' id='word_1_40' title='bbox 1221 677 1270 720; x_wconf 90' lang='lat' dir='ltr'>et</span> <span class='ocrx_word' id='word_1_41' title='bbox 1298 671 1422 720; x_wconf 90' lang='lat' dir='ltr'>sedit</span> <span class='ocrx_word' id='word_1_42' title='bbox 1441 671 1502 719; x_wconf 90' lang='lat' dir='ltr'>ad</span> <span class='ocrx_word' id='word_1_43' title='bbox 1521 670 1772 719; x_wconf 89' lang='lat' dir='ltr'>dexteram</span> <span class='ocrx_word' id='word_1_44' title='bbox 1794 673 1922 735; x_wconf 82' lang='lat' dir='ltr'>Papc</span> 
     </span>
     <span class='ocr_line' id='line_1_6' title="bbox 139 754 1923 822; baseline -0.003 -16"><span class='ocrx_word' id='word_1_45' title='bbox 139 758 277 822; x_wconf 85' lang='lat' dir='ltr'>juxta</span> <span class='ocrx_word' id='word_1_46' title='bbox 311 774 501 806; x_wconf 90' lang='lat' dir='ltr'>murum</span> <span class='ocrx_word' id='word_1_47' title='bbox 537 757 585 804; x_wconf 90' lang='lat' dir='ltr'>in</span> <span class='ocrx_word' id='word_1_48' title='bbox 623 757 835 805; x_wconf 91' lang='lat' dir='ltr'>scabello</span> <span class='ocrx_word' id='word_1_49' title='bbox 868 760 1010 820; x_wconf 89' lang='lat' dir='ltr'>prout</span> <span class='ocrx_word' id='word_1_50' title='bbox 1044 756 1213 804; x_wconf 89' lang='lat' dir='ltr'>sedere</span> <span class='ocrx_word' id='word_1_51' title='bbox 1252 755 1376 804; x_wconf 87' lang='lat' dir='ltr'>solet</span> <span class='ocrx_word' id='word_1_52' title='bbox 1412 754 1644 803; x_wconf 89' lang='lat' dir='ltr'>diaconus</span> <span class='ocrx_word' id='word_1_53' title='bbox 1681 770 1709 802; x_wconf 91' lang='lat' dir='ltr'>a</span> <span class='ocrx_word' id='word_1_54' title='bbox 1742 754 1923 802; x_wconf 88' lang='lat' dir='ltr'>dextris</span> 
     </span>
     <span class='ocr_line' id='line_1_7' title="bbox 142 838 1922 906; baseline -0.002 -17"><span class='ocrx_word' id='word_1_55' title='bbox 142 842 192 889; x_wconf 93' lang='lat' dir='ltr'>in</span> <span class='ocrx_word' id='word_1_56' title='bbox 219 842 405 906; x_wconf 89' lang='lat' dir='ltr'>capella</span> <span class='ocrx_word' id='word_1_57' title='bbox 435 844 562 905; x_wconf 90' lang='lat' dir='ltr'>Pape</span> <span class='ocrx_word' id='word_1_58' title='bbox 593 841 847 900; x_wconf 81' lang='lat' dir='ltr'>assistens3</span> <span class='ocrx_word' id='word_1_59' title='bbox 883 840 961 888; x_wconf 89' lang='lat' dir='ltr'>alii</span> <span class='ocrx_word' id='word_1_60' title='bbox 992 839 1262 888; x_wconf 81' lang='lat' dir='ltr'>cardinales</span> <span class='ocrx_word' id='word_1_61' title='bbox 1291 843 1400 903; x_wconf 89' lang='lat' dir='ltr'>post</span> <span class='ocrx_word' id='word_1_62' title='bbox 1431 854 1542 887; x_wconf 89' lang='lat' dir='ltr'>eum</span> <span class='ocrx_word' id='word_1_63' title='bbox 1570 853 1706 887; x_wconf 88' lang='lat' dir='ltr'>more</span> <span class='ocrx_word' id='word_1_64' title='bbox 1734 838 1922 887; x_wconf 90' lang='lat' dir='ltr'>consis-</span> 
     </span>
     <span class='ocr_line' id='line_1_8' title="bbox 144 921 1926 988; baseline -0.002 -14"><span class='ocrx_word' id='word_1_65' title='bbox 144 925 301 974; x_wconf 90' lang='lat' dir='ltr'>toriali</span> <span class='ocrx_word' id='word_1_66' title='bbox 340 941 427 974; x_wconf 90' lang='lat' dir='ltr'>seu</span> <span class='ocrx_word' id='word_1_67' title='bbox 464 924 623 988; x_wconf 90' lang='lat' dir='ltr'>potius</span> <span class='ocrx_word' id='word_1_68' title='bbox 662 927 772 972; x_wconf 91' lang='lat' dir='ltr'>ante</span> <span class='ocrx_word' id='word_1_69' title='bbox 812 939 943 982; x_wconf 93' lang='lat' dir='ltr'>eum,</span> <span class='ocrx_word' id='word_1_70' title='bbox 987 923 1152 986; x_wconf 90' lang='lat' dir='ltr'>sicque</span> <span class='ocrx_word' id='word_1_71' title='bbox 1192 938 1278 970; x_wconf 90' lang='lat' dir='ltr'>rex</span> <span class='ocrx_word' id='word_1_72' title='bbox 1317 937 1416 970; x_wconf 91' lang='lat' dir='ltr'>non</span> <span class='ocrx_word' id='word_1_73' title='bbox 1456 921 1580 969; x_wconf 90' lang='lat' dir='ltr'>sedit</span> <span class='ocrx_word' id='word_1_74' title='bbox 1623 927 1756 969; x_wconf 87' lang='lat' dir='ltr'>recta</span> <span class='ocrx_word' id='word_1_75' title='bbox 1795 921 1926 970; x_wconf 85' lang='lat' dir='ltr'>linea</span> 
     </span>
     <span class='ocr_line' id='line_1_9' title="bbox 140 1004 1924 1055; baseline -0.002 -1"><span class='ocrx_word' id='word_1_76' title='bbox 140 1006 267 1055; x_wconf 87' lang='lat' dir='ltr'>inter</span> <span class='ocrx_word' id='word_1_77' title='bbox 304 1006 572 1055; x_wconf 80' lang='lat' dir='ltr'>cardinales</span> <span class='ocrx_word' id='word_1_78' title='bbox 617 1006 703 1053; x_wconf 92' lang='lat' dir='ltr'>sed</span> <span class='ocrx_word' id='word_1_79' title='bbox 743 1010 855 1053; x_wconf 89' lang='lat' dir='ltr'>ante</span> <span class='ocrx_word' id='word_1_80' title='bbox 894 1021 978 1052; x_wconf 89' lang='lat' dir='ltr'>eos</span> <span class='ocrx_word' id='word_1_81' title='bbox 1022 1020 1107 1053; x_wconf 93' lang='lat' dir='ltr'>seu</span> <span class='ocrx_word' id='word_1_82' title='bbox 1155 1005 1204 1051; x_wconf 92' lang='lat' dir='ltr'>in</span> <span class='ocrx_word' id='word_1_83' title='bbox 1247 1004 1407 1052; x_wconf 91' lang='lat' dir='ltr'>medio</span> <span class='ocrx_word' id='word_1_84' title='bbox 1454 1019 1640 1052; x_wconf 91' lang='lat' dir='ltr'>eorum.</span> <span class='ocrx_word' id='word_1_85' title='bbox 1690 1004 1924 1052; x_wconf 80' lang='lat' dir='ltr'>Omnibus</span> 
     </span>
     <span class='ocr_line' id='line_1_10' title="bbox 142 1082 1924 1153; baseline -0.002 -15"><span class='ocrx_word' id='word_1_86' title='bbox 142 1090 211 1138; x_wconf 91' lang='lat' dir='ltr'>sic</span> <span class='ocrx_word' id='word_1_87' title='bbox 250 1089 547 1148; x_wconf 85' lang='lat' dir='ltr'>sedentibus,</span> <span class='ocrx_word' id='word_1_88' title='bbox 590 1092 721 1153; x_wconf 89' lang='lat' dir='ltr'>Papa</span> <span class='ocrx_word' id='word_1_89' title='bbox 757 1088 875 1136; x_wconf 88' lang='lat' dir='ltr'>dixit</span> <span class='ocrx_word' id='word_1_90' title='bbox 913 1103 1070 1150; x_wconf 87' lang='lat' dir='ltr'>nuper</span> <span class='ocrx_word' id='word_1_91' title='bbox 1114 1103 1165 1136; x_wconf 92' lang='lat' dir='ltr'>se</span> <span class='ocrx_word' id='word_1_92' title='bbox 1206 1092 1313 1135; x_wconf 89' lang='lat' dir='ltr'>vota</span> <span class='ocrx_word' id='word_1_93' title='bbox 1348 1087 1566 1135; x_wconf 90' lang='lat' dir='ltr'>omnium</span> <span class='ocrx_word' id='word_1_94' title='bbox 1606 1082 1924 1136; x_wconf 82' lang='lat' dir='ltr'>cardinalium</span> 
     </span>
     <span class='ocr_line' id='line_1_11' title="bbox 141 1171 1923 1238; baseline 0 -18"><span class='ocrx_word' id='word_1_95' title='bbox 141 1173 370 1223; x_wconf 91' lang='lat' dir='ltr'>habuisse</span> <span class='ocrx_word' id='word_1_96' title='bbox 402 1190 488 1238; x_wconf 87' lang='lat' dir='ltr'>pro</span> <span class='ocrx_word' id='word_1_97' title='bbox 519 1173 764 1222; x_wconf 85' lang='lat' dir='ltr'>creatione</span> <span class='ocrx_word' id='word_1_98' title='bbox 798 1171 922 1220; x_wconf 92' lang='lat' dir='ltr'>Rmi.</span> <span class='ocrx_word' id='word_1_99' title='bbox 958 1175 1015 1220; x_wconf 93' lang='lat' dir='ltr'>D.</span> <span class='ocrx_word' id='word_1_100' title='bbox 1051 1171 1265 1235; x_wconf 90' lang='lat' dir='ltr'>episcopi</span> <span class='ocrx_word' id='word_1_101' title='bbox 1295 1171 1631 1220; x_wconf 86' lang='lat' dir='ltr'>Macloviensis</span> <span class='ocrx_word' id='word_1_102' title='bbox 1669 1171 1719 1219; x_wconf 95' lang='lat' dir='ltr'>in</span> <span class='ocrx_word' id='word_1_103' title='bbox 1757 1176 1923 1220; x_wconf 86' lang='lat' dir='ltr'>sancte</span> 
     </span>
     <span class='ocr_line' id='line_1_12' title="bbox 141 1253 1922 1318; baseline -0.001 -13"><span class='ocrx_word' id='word_1_104' title='bbox 141 1273 340 1307; x_wconf 89' lang='lat' dir='ltr'>romane</span> <span class='ocrx_word' id='word_1_105' title='bbox 366 1257 581 1305; x_wconf 90' lang='lat' dir='ltr'>Ecclesie</span> <span class='ocrx_word' id='word_1_106' title='bbox 612 1256 926 1315; x_wconf 83' lang='lat' dir='ltr'>cardinalem,</span> <span class='ocrx_word' id='word_1_107' title='bbox 965 1269 1112 1318; x_wconf 91' lang='lat' dir='ltr'>quem</span> <span class='ocrx_word' id='word_1_108' title='bbox 1147 1254 1375 1317; x_wconf 89' lang='lat' dir='ltr'>Majestas</span> <span class='ocrx_word' id='word_1_109' title='bbox 1419 1254 1548 1316; x_wconf 91' lang='lat' dir='ltr'>regis</span> <span class='ocrx_word' id='word_1_110' title='bbox 1591 1253 1771 1302; x_wconf 91' lang='lat' dir='ltr'>ibidem</span> <span class='ocrx_word' id='word_1_111' title='bbox 1811 1270 1922 1318; x_wconf 87' lang='lat' dir='ltr'>pre-</span> 
     </span>
     <span class='ocr_line' id='line_1_13' title="bbox 143 1336 1920 1404; baseline -0.002 -15"><span class='ocrx_word' id='word_1_112' title='bbox 143 1358 254 1390; x_wconf 87' lang='lat' dir='ltr'>sens</span> <span class='ocrx_word' id='word_1_113' title='bbox 293 1342 531 1390; x_wconf 87' lang='lat' dir='ltr'>instanter</span> <span class='ocrx_word' id='word_1_114' title='bbox 568 1340 674 1389; x_wconf 90' lang='lat' dir='ltr'>fieri</span> <span class='ocrx_word' id='word_1_115' title='bbox 720 1339 1090 1404; x_wconf 87' lang='lat' dir='ltr'>supplicaverat,</span> <span class='ocrx_word' id='word_1_116' title='bbox 1133 1342 1181 1385; x_wconf 88' lang='lat' dir='ltr'>et</span> <span class='ocrx_word' id='word_1_117' title='bbox 1219 1337 1323 1400; x_wconf 93' lang='lat' dir='ltr'>ipse</span> <span class='ocrx_word' id='word_1_118' title='bbox 1360 1336 1522 1385; x_wconf 87' lang='lat' dir='ltr'>facere</span> <span class='ocrx_word' id='word_1_119' title='bbox 1563 1341 1759 1401; x_wconf 90' lang='lat' dir='ltr'>paratus</span> <span class='ocrx_word' id='word_1_120' title='bbox 1799 1343 1920 1396; x_wconf 89' lang='lat' dir='ltr'>erat,</span> 
     </span>
     <span class='ocr_line' id='line_1_14' title="bbox 141 1420 1927 1490; baseline -0.002 -18"><span class='ocrx_word' id='word_1_121' title='bbox 141 1425 256 1490; x_wconf 90' lang='lat' dir='ltr'>ipsis</span> <span class='ocrx_word' id='word_1_122' title='bbox 278 1425 601 1474; x_wconf 88' lang='lat' dir='ltr'>cardinalibus</span> <span class='ocrx_word' id='word_1_123' title='bbox 623 1423 1061 1488; x_wconf 84' lang='lat' dir='ltr'>complacentibus.</span> <span class='ocrx_word' id='word_1_124' title='bbox 1094 1420 1360 1486; x_wconf 88' lang='lat' dir='ltr'>Respondit</span> <span class='ocrx_word' id='word_1_125' title='bbox 1382 1424 1550 1469; x_wconf 89' lang='lat' dir='ltr'>Rmus.</span> <span class='ocrx_word' id='word_1_126' title='bbox 1576 1424 1633 1469; x_wconf 91' lang='lat' dir='ltr'>D.</span> <span class='ocrx_word' id='word_1_127' title='bbox 1667 1421 1927 1470; x_wconf 83' lang='lat' dir='ltr'>cardinalis</span> 
     </span>
     <span class='ocr_line' id='line_1_15' title="bbox 140 1504 1925 1573; baseline -0.002 -16"><span class='ocrx_word' id='word_1_128' title='bbox 140 1509 501 1573; x_wconf 90' lang='lat' dir='ltr'>Neapolitanus,</span> <span class='ocrx_word' id='word_1_129' title='bbox 533 1512 581 1557; x_wconf 91' lang='lat' dir='ltr'>et</span> <span class='ocrx_word' id='word_1_130' title='bbox 609 1512 719 1573; x_wconf 89' lang='lat' dir='ltr'>post</span> <span class='ocrx_word' id='word_1_131' title='bbox 751 1523 864 1556; x_wconf 91' lang='lat' dir='ltr'>eum</span> <span class='ocrx_word' id='word_1_132' title='bbox 892 1506 989 1566; x_wconf 85' lang='lat' dir='ltr'>alii,</span> <span class='ocrx_word' id='word_1_133' title='bbox 1020 1506 1068 1554; x_wconf 93' lang='lat' dir='ltr'>in</span> <span class='ocrx_word' id='word_1_134' title='bbox 1097 1505 1320 1554; x_wconf 88' lang='lat' dir='ltr'>eamdem</span> <span class='ocrx_word' id='word_1_135' title='bbox 1349 1504 1644 1553; x_wconf 87' lang='lat' dir='ltr'>sententiam</span> <span class='ocrx_word' id='word_1_136' title='bbox 1671 1504 1801 1567; x_wconf 91' lang='lat' dir='ltr'>quod</span> <span class='ocrx_word' id='word_1_137' title='bbox 1827 1521 1925 1553; x_wconf 92' lang='lat' dir='ltr'>non</span> 
     </span>
     <span class='ocr_line' id='line_1_16' title="bbox 144 1588 1925 1657; baseline -0.002 -17"><span class='ocrx_word' id='word_1_138' title='bbox 144 1593 301 1642; x_wconf 93' lang='lat' dir='ltr'>solum</span> <span class='ocrx_word' id='word_1_139' title='bbox 329 1593 379 1640; x_wconf 94' lang='lat' dir='ltr'>id</span> <span class='ocrx_word' id='word_1_140' title='bbox 404 1593 521 1657; x_wconf 92' lang='lat' dir='ltr'>ipsis</span> <span class='ocrx_word' id='word_1_141' title='bbox 550 1592 766 1657; x_wconf 85' lang='lat' dir='ltr'>placeret</span> <span class='ocrx_word' id='word_1_142' title='bbox 795 1591 881 1640; x_wconf 90' lang='lat' dir='ltr'>sed</span> <span class='ocrx_word' id='word_1_143' title='bbox 910 1590 1014 1640; x_wconf 90' lang='lat' dir='ltr'>fieri</span> <span class='ocrx_word' id='word_1_144' title='bbox 1043 1589 1370 1654; x_wconf 90' lang='lat' dir='ltr'>supplicarent</span> <span class='ocrx_word' id='word_1_145' title='bbox 1395 1604 1483 1652; x_wconf 91' lang='lat' dir='ltr'>pro</span> <span class='ocrx_word' id='word_1_146' title='bbox 1513 1588 1642 1652; x_wconf 91' lang='lat' dir='ltr'>regis</span> <span class='ocrx_word' id='word_1_147' title='bbox 1668 1588 1856 1638; x_wconf 91' lang='lat' dir='ltr'>honore</span> <span class='ocrx_word' id='word_1_148' title='bbox 1877 1593 1925 1637; x_wconf 89' lang='lat' dir='ltr'>et</span> 
     </span>
     <span class='ocr_line' id='line_1_17' title="bbox 144 1671 1926 1740; baseline -0.004 -15"><span class='ocrx_word' id='word_1_149' title='bbox 144 1677 405 1726; x_wconf 85' lang='lat' dir='ltr'>voluntate.</span> <span class='ocrx_word' id='word_1_150' title='bbox 440 1679 572 1726; x_wconf 91' lang='lat' dir='ltr'>Tunc</span> <span class='ocrx_word' id='word_1_151' title='bbox 605 1681 802 1725; x_wconf 86' lang='lat' dir='ltr'>vocatus</span> <span class='ocrx_word' id='word_1_152' title='bbox 828 1691 917 1740; x_wconf 85' lang='lat' dir='ltr'>per</span> <span class='ocrx_word' id='word_1_153' title='bbox 945 1690 1023 1722; x_wconf 91' lang='lat' dir='ltr'>me</span> <span class='ocrx_word' id='word_1_154' title='bbox 1053 1673 1268 1738; x_wconf 86' lang='lat' dir='ltr'>prefatus</span> <span class='ocrx_word' id='word_1_155' title='bbox 1302 1674 1360 1720; x_wconf 88' lang='lat' dir='ltr'>D.</span> <span class='ocrx_word' id='word_1_156' title='bbox 1393 1671 1747 1732; x_wconf 88' lang='lat' dir='ltr'>Macloviensis,</span> <span class='ocrx_word' id='word_1_157' title='bbox 1779 1671 1926 1735; x_wconf 89' lang='lat' dir='ltr'>depo-</span> 
     </span>
     <span class='ocr_line' id='line_1_18' title="bbox 144 1755 1923 1824; baseline -0.004 -15"><span class='ocrx_word' id='word_1_158' title='bbox 144 1761 246 1810; x_wconf 88' lang='lat' dir='ltr'>sitis</span> <span class='ocrx_word' id='word_1_159' title='bbox 286 1761 374 1809; x_wconf 93' lang='lat' dir='ltr'>sibi</span> <span class='ocrx_word' id='word_1_160' title='bbox 416 1761 647 1810; x_wconf 89' lang='lat' dir='ltr'>mantello</span> <span class='ocrx_word' id='word_1_161' title='bbox 684 1765 733 1809; x_wconf 86' lang='lat' dir='ltr'>et</span> <span class='ocrx_word' id='word_1_162' title='bbox 768 1758 1033 1824; x_wconf 92' lang='lat' dir='ltr'>capuccino</span> <span class='ocrx_word' id='word_1_163' title='bbox 1074 1757 1134 1805; x_wconf 87' lang='lat' dir='ltr'>de</span> <span class='ocrx_word' id='word_1_164' title='bbox 1168 1755 1478 1805; x_wconf 90' lang='lat' dir='ltr'>ciambelotto</span> <span class='ocrx_word' id='word_1_165' title='bbox 1518 1755 1656 1820; x_wconf 93' lang='lat' dir='ltr'>nigro</span> <span class='ocrx_word' id='word_1_166' title='bbox 1690 1759 1739 1805; x_wconf 89' lang='lat' dir='ltr'>et</span> <span class='ocrx_word' id='word_1_167' title='bbox 1769 1755 1923 1803; x_wconf 88' lang='lat' dir='ltr'>bireto</span> 
     </span>
     <span class='ocr_line' id='line_1_19' title="bbox 141 1840 1922 1909; baseline -0.004 -16"><span class='ocrx_word' id='word_1_168' title='bbox 141 1845 299 1909; x_wconf 91' lang='lat' dir='ltr'>nigro,</span> <span class='ocrx_word' id='word_1_169' title='bbox 341 1845 496 1893; x_wconf 91' lang='lat' dir='ltr'>induit</span> <span class='ocrx_word' id='word_1_170' title='bbox 533 1844 693 1908; x_wconf 91' lang='lat' dir='ltr'>ipsum</span> <span class='ocrx_word' id='word_1_171' title='bbox 733 1859 885 1907; x_wconf 91' lang='lat' dir='ltr'>cappa</span> <span class='ocrx_word' id='word_1_172' title='bbox 924 1840 1180 1890; x_wconf 90' lang='lat' dir='ltr'>cardinalis</span> <span class='ocrx_word' id='word_1_173' title='bbox 1218 1840 1503 1891; x_wconf 89' lang='lat' dir='ltr'>Valentinus</span> <span class='ocrx_word' id='word_1_174' title='bbox 1542 1840 1591 1887; x_wconf 86' lang='lat' dir='ltr'>in</span> <span class='ocrx_word' id='word_1_175' title='bbox 1627 1855 1723 1903; x_wconf 89' lang='lat' dir='ltr'>qua</span> <span class='ocrx_word' id='word_1_176' title='bbox 1759 1855 1922 1888; x_wconf 77' lang='lat' dir='ltr'>corani</span> 
     </span>
     <span class='ocr_line' id='line_1_20' title="bbox 141 1922 1925 1993; baseline -0.004 -16"><span class='ocrx_word' id='word_1_177' title='bbox 141 1931 272 1993; x_wconf 89' lang='lat' dir='ltr'>Papa</span> <span class='ocrx_word' id='word_1_178' title='bbox 300 1928 578 1993; x_wconf 87' lang='lat' dir='ltr'>genuflexit,</span> <span class='ocrx_word' id='word_1_179' title='bbox 612 1927 711 1991; x_wconf 91' lang='lat' dir='ltr'>qui,</span> <span class='ocrx_word' id='word_1_180' title='bbox 745 1927 937 1975; x_wconf 87' lang='lat' dir='ltr'>detecto</span> <span class='ocrx_word' id='word_1_181' title='bbox 965 1925 1140 1989; x_wconf 86' lang='lat' dir='ltr'>capite,</span> <span class='ocrx_word' id='word_1_182' title='bbox 1169 1940 1228 1973; x_wconf 89' lang='lat' dir='ltr'>ex</span> <span class='ocrx_word' id='word_1_183' title='bbox 1253 1923 1567 1973; x_wconf 88' lang='lat' dir='ltr'>ceremoniali</span> <span class='ocrx_word' id='word_1_184' title='bbox 1593 1922 1925 1987; x_wconf 86' lang='lat' dir='ltr'>pronunciavit</span> 
     </span>
     <span class='ocr_line' id='line_1_21' title="bbox 140 2005 1919 2077; baseline -0.004 -18"><span class='ocrx_word' id='word_1_185' title='bbox 140 2012 300 2077; x_wconf 91' lang='lat' dir='ltr'>ipsum</span> <span class='ocrx_word' id='word_1_186' title='bbox 321 2011 617 2061; x_wconf 90' lang='lat' dir='ltr'>cardinalem</span> <span class='ocrx_word' id='word_1_187' title='bbox 638 2026 725 2075; x_wconf 90' lang='lat' dir='ltr'>per</span> <span class='ocrx_word' id='word_1_188' title='bbox 756 2010 898 2058; x_wconf 90' lang='lat' dir='ltr'>verba</span> <span class='ocrx_word' id='word_1_189' title='bbox 922 2025 931 2057; x_wconf 92' lang='lat'>:</span> <span class='ocrx_word' id='word_1_190' title='bbox 956 2008 1265 2057; x_wconf 76' lang='lat' dir='ltr'>Autkorz&#39;tate</span> <span class='ocrx_word' id='word_1_191' title='bbox 1298 2006 1642 2075; x_wconf 14' lang='lat' dir='ltr'>Omra-amiternis</span> <span class='ocrx_word' id='word_1_192' title='bbox 1670 2005 1780 2064; x_wconf 78' lang='lat' dir='ltr'>Dei,</span> <span class='ocrx_word' id='word_1_193' title='bbox 1814 2012 1919 2063; x_wconf 65' lang='lat' dir='ltr'>etc„</span> 
     </span>
     <span class='ocr_line' id='line_1_22' title="bbox 141 2088 1923 2153; baseline -0.006 -8"><span class='ocrx_word' id='word_1_194' title='bbox 141 2101 188 2145; x_wconf 88' lang='lat' dir='ltr'>et</span> <span class='ocrx_word' id='word_1_195' title='bbox 228 2096 484 2146; x_wconf 89' lang='lat' dir='ltr'>ecclesiam</span> <span class='ocrx_word' id='word_1_196' title='bbox 519 2094 896 2143; x_wconf 90' lang='lat' dir='ltr'>Macloviensem</span> <span class='ocrx_word' id='word_1_197' title='bbox 938 2108 993 2140; x_wconf 90' lang='lat' dir='ltr'>ac</span> <span class='ocrx_word' id='word_1_198' title='bbox 1032 2091 1194 2140; x_wconf 90' lang='lat' dir='ltr'>omnia</span> <span class='ocrx_word' id='word_1_199' title='bbox 1232 2094 1280 2139; x_wconf 93' lang='lat' dir='ltr'>et</span> <span class='ocrx_word' id='word_1_200' title='bbox 1319 2089 1510 2153; x_wconf 88' lang='lat' dir='ltr'>singula</span> <span class='ocrx_word' id='word_1_201' title='bbox 1544 2088 1841 2137; x_wconf 88' lang='lat' dir='ltr'>monasteria</span> <span class='ocrx_word' id='word_1_202' title='bbox 1875 2092 1923 2137; x_wconf 87' lang='lat' dir='ltr'>et</span> 
     </span>
     <span class='ocr_line' id='line_1_23' title="bbox 138 2170 1920 2241; baseline -0.005 -14"><span class='ocrx_word' id='word_1_203' title='bbox 138 2180 375 2229; x_wconf 87' lang='lat' dir='ltr'>beneficia</span> <span class='ocrx_word' id='word_1_204' title='bbox 401 2179 731 2229; x_wconf 89' lang='lat' dir='ltr'>ecclesiastica</span> <span class='ocrx_word' id='word_1_205' title='bbox 756 2193 850 2241; x_wconf 91' lang='lat' dir='ltr'>que</span> <span class='ocrx_word' id='word_1_206' title='bbox 880 2176 1014 2241; x_wconf 92' lang='lat' dir='ltr'>prius</span> <span class='ocrx_word' id='word_1_207' title='bbox 1042 2175 1091 2222; x_wconf 93' lang='lat' dir='ltr'>in</span> <span class='ocrx_word' id='word_1_208' title='bbox 1119 2173 1310 2222; x_wconf 88' lang='lat' dir='ltr'>titulum</span> <span class='ocrx_word' id='word_1_209' title='bbox 1343 2177 1391 2221; x_wconf 91' lang='lat' dir='ltr'>et</span> <span class='ocrx_word' id='word_1_210' title='bbox 1420 2171 1763 2220; x_wconf 90' lang='lat' dir='ltr'>commendam</span> <span class='ocrx_word' id='word_1_211' title='bbox 1794 2170 1920 2220; x_wconf 89' lang='lat' dir='ltr'>obti-</span> 
     </span>
     <span class='ocr_line' id='line_1_24' title="bbox 134 2254 1921 2319; baseline -0.004 -7"><span class='ocrx_word' id='word_1_212' title='bbox 134 2263 280 2313; x_wconf 87' lang='lat' dir='ltr'>nebat</span> <span class='ocrx_word' id='word_1_213' title='bbox 301 2263 391 2312; x_wconf 91' lang='lat' dir='ltr'>sibi</span> <span class='ocrx_word' id='word_1_214' title='bbox 413 2261 786 2312; x_wconf 87' lang='lat' dir='ltr'>commendavit.</span> <span class='ocrx_word' id='word_1_215' title='bbox 817 2257 1152 2309; x_wconf 87' lang='lat' dir='ltr'>Macloviensis</span> <span class='ocrx_word' id='word_1_216' title='bbox 1179 2257 1425 2306; x_wconf 88' lang='lat' dir='ltr'>osculatus</span> <span class='ocrx_word' id='word_1_217' title='bbox 1455 2260 1530 2304; x_wconf 88' lang='lat' dir='ltr'>est</span> <span class='ocrx_word' id='word_1_218' title='bbox 1549 2254 1726 2319; x_wconf 92' lang='lat' dir='ltr'>pedem</span> <span class='ocrx_word' id='word_1_219' title='bbox 1747 2259 1796 2304; x_wconf 90' lang='lat' dir='ltr'>et</span> <span class='ocrx_word' id='word_1_220' title='bbox 1816 2272 1921 2306; x_wconf 87' lang='lat' dir='ltr'>ma-</span> 
     </span>
     <span class='ocr_line' id='line_1_25' title="bbox 135 2340 1917 2412; baseline -0.003 -19"><span class='ocrx_word' id='word_1_221' title='bbox 135 2362 252 2396; x_wconf 89' lang='lat' dir='ltr'>num</span> <span class='ocrx_word' id='word_1_222' title='bbox 285 2349 413 2412; x_wconf 88' lang='lat' dir='ltr'>Pape</span> <span class='ocrx_word' id='word_1_223' title='bbox 441 2351 489 2395; x_wconf 86' lang='lat' dir='ltr'>et</span> <span class='ocrx_word' id='word_1_224' title='bbox 516 2362 545 2395; x_wconf 88' lang='lat' dir='ltr'>a</span> <span class='ocrx_word' id='word_1_225' title='bbox 573 2345 803 2410; x_wconf 85' lang='lat' dir='ltr'>pontifice</span> <span class='ocrx_word' id='word_1_226' title='bbox 831 2344 1060 2402; x_wconf 81' lang='lat' dir='ltr'>elevatuS,</span> <span class='ocrx_word' id='word_1_227' title='bbox 1093 2342 1155 2390; x_wconf 91' lang='lat' dir='ltr'>ad</span> <span class='ocrx_word' id='word_1_228' title='bbox 1184 2341 1280 2390; x_wconf 90' lang='lat' dir='ltr'>oris</span> <span class='ocrx_word' id='word_1_229' title='bbox 1309 2340 1531 2389; x_wconf 90' lang='lat' dir='ltr'>osculum</span> <span class='ocrx_word' id='word_1_230' title='bbox 1561 2343 1635 2388; x_wconf 87' lang='lat' dir='ltr'>est</span> <span class='ocrx_word' id='word_1_231' title='bbox 1668 2343 1917 2403; x_wconf 84' lang='lat' dir='ltr'>receptus;</span> 
     </span>
     <span class='ocr_line' id='line_1_26' title="bbox 134 2423 1920 2494; baseline -0.004 -16"><span class='ocrx_word' id='word_1_232' title='bbox 134 2436 246 2480; x_wconf 91' lang='lat' dir='ltr'>tunc</span> <span class='ocrx_word' id='word_1_233' title='bbox 291 2430 466 2479; x_wconf 91' lang='lat' dir='ltr'>iterum</span> <span class='ocrx_word' id='word_1_234' title='bbox 512 2428 776 2494; x_wconf 86' lang='lat' dir='ltr'>genuflexit</span> <span class='ocrx_word' id='word_1_235' title='bbox 823 2431 871 2477; x_wconf 92' lang='lat' dir='ltr'>et</span> <span class='ocrx_word' id='word_1_236' title='bbox 917 2430 1046 2491; x_wconf 90' lang='lat' dir='ltr'>Papa</span> <span class='ocrx_word' id='word_1_237' title='bbox 1084 2424 1318 2490; x_wconf 88' lang='lat' dir='ltr'>imposuit</span> <span class='ocrx_word' id='word_1_238' title='bbox 1353 2425 1501 2488; x_wconf 89' lang='lat' dir='ltr'>capiti</span> <span class='ocrx_word' id='word_1_239' title='bbox 1542 2440 1629 2473; x_wconf 93' lang='lat' dir='ltr'>suo</span> <span class='ocrx_word' id='word_1_240' title='bbox 1678 2423 1920 2488; x_wconf 89' lang='lat' dir='ltr'>capellum</span> 
     </span>
     <span class='ocr_line' id='line_1_27' title="bbox 135 2507 1924 2574; baseline -0.004 -12"><span class='ocrx_word' id='word_1_241' title='bbox 135 2516 339 2563; x_wconf 86' lang='lat' dir='ltr'>rubeum</span> <span class='ocrx_word' id='word_1_242' title='bbox 361 2514 449 2563; x_wconf 89' lang='lat' dir='ltr'>sub</span> <span class='ocrx_word' id='word_1_243' title='bbox 469 2513 626 2562; x_wconf 89' lang='lat' dir='ltr'>verbis</span> <span class='ocrx_word' id='word_1_244' title='bbox 653 2512 704 2559; x_wconf 90' lang='lat' dir='ltr'>in</span> <span class='ocrx_word' id='word_1_245' title='bbox 723 2510 1034 2561; x_wconf 84' lang='lat' dir='ltr'>ceremoniali</span> <span class='ocrx_word' id='word_1_246' title='bbox 1063 2508 1250 2574; x_wconf 83' lang='lat' dir='ltr'>positis.</span> <span class='ocrx_word' id='word_1_247' title='bbox 1278 2510 1381 2564; x_wconf 86' lang='lat' dir='ltr'>Quo</span> <span class='ocrx_word' id='word_1_248' title='bbox 1413 2507 1562 2568; x_wconf 83' lang='lat' dir='ltr'>facte,</span> <span class='ocrx_word' id='word_1_249' title='bbox 1588 2507 1924 2557; x_wconf 88' lang='lat' dir='ltr'>Macloviensis</span> 
     </span>
     <span class='ocr_line' id='line_1_28' title="bbox 138 2592 1922 2661; baseline -0.004 -15"><span class='ocrx_word' id='word_1_250' title='bbox 138 2597 234 2661; x_wconf 85' lang='lat' dir='ltr'>egit</span> <span class='ocrx_word' id='word_1_251' title='bbox 262 2597 437 2661; x_wconf 86' lang='lat' dir='ltr'>gratias</span> <span class='ocrx_word' id='word_1_252' title='bbox 469 2595 685 2660; x_wconf 91' lang='lat' dir='ltr'>pontifici</span> <span class='ocrx_word' id='word_1_253' title='bbox 716 2595 797 2658; x_wconf 92' lang='lat' dir='ltr'>qui</span> <span class='ocrx_word' id='word_1_254' title='bbox 821 2593 939 2641; x_wconf 89' lang='lat' dir='ltr'>dixit</span> <span class='ocrx_word' id='word_1_255' title='bbox 970 2592 1072 2656; x_wconf 87' lang='lat' dir='ltr'>regi</span> <span class='ocrx_word' id='word_1_256' title='bbox 1094 2592 1306 2655; x_wconf 87' lang='lat' dir='ltr'>agendas</span> <span class='ocrx_word' id='word_1_257' title='bbox 1338 2608 1469 2650; x_wconf 82' lang='lat' dir='ltr'>esse3</span> <span class='ocrx_word' id='word_1_258' title='bbox 1495 2608 1659 2641; x_wconf 89' lang='lat' dir='ltr'>coram</span> <span class='ocrx_word' id='word_1_259' title='bbox 1684 2608 1778 2656; x_wconf 88' lang='lat' dir='ltr'>quo</span> <span class='ocrx_word' id='word_1_260' title='bbox 1808 2608 1922 2655; x_wconf 90' lang='lat' dir='ltr'>rege</span> 
     </span>
     <span class='ocr_line' id='line_1_29' title="bbox 137 2675 1924 2745; baseline -0.003 -17"><span class='ocrx_word' id='word_1_261' title='bbox 137 2681 241 2745; x_wconf 91' lang='lat' dir='ltr'>ipse</span> <span class='ocrx_word' id='word_1_262' title='bbox 261 2680 596 2728; x_wconf 89' lang='lat' dir='ltr'>Macloviensis</span> <span class='ocrx_word' id='word_1_263' title='bbox 624 2678 926 2743; x_wconf 82' lang='lat' dir='ltr'>genuflexuS,</span> <span class='ocrx_word' id='word_1_264' title='bbox 951 2676 1210 2724; x_wconf 89' lang='lat' dir='ltr'>immemor</span> <span class='ocrx_word' id='word_1_265' title='bbox 1231 2680 1299 2742; x_wconf 90' lang='lat'>(1)</span> <span class='ocrx_word' id='word_1_266' title='bbox 1321 2692 1442 2724; x_wconf 89' lang='lat' dir='ltr'>nove</span> <span class='ocrx_word' id='word_1_267' title='bbox 1475 2676 1721 2740; x_wconf 87' lang='lat' dir='ltr'>dignitatis</span> <span class='ocrx_word' id='word_1_268' title='bbox 1751 2675 1924 2740; x_wconf 87' lang='lat' dir='ltr'>adepte</span> 
     </span>
     <span class='ocr_line' id='line_1_30' title="bbox 138 2758 1924 2827; baseline -0.003 -15"><span class='ocrx_word' id='word_1_269' title='bbox 138 2769 186 2813; x_wconf 86' lang='lat' dir='ltr'>et</span> <span class='ocrx_word' id='word_1_270' title='bbox 208 2763 515 2827; x_wconf 90' lang='lat' dir='ltr'>episcopalis,</span> <span class='ocrx_word' id='word_1_271' title='bbox 540 2762 638 2827; x_wconf 87' lang='lat' dir='ltr'>egit</span> <span class='ocrx_word' id='word_1_272' title='bbox 658 2762 702 2811; x_wconf 92' lang='lat' dir='ltr'>ei</span> <span class='ocrx_word' id='word_1_273' title='bbox 724 2761 922 2826; x_wconf 88' lang='lat' dir='ltr'>gratias.</span> <span class='ocrx_word' id='word_1_274' title='bbox 952 2759 1031 2808; x_wconf 91' lang='lat' dir='ltr'>Sic</span> <span class='ocrx_word' id='word_1_275' title='bbox 1056 2759 1207 2807; x_wconf 86' lang='lat' dir='ltr'>tlexus</span> <span class='ocrx_word' id='word_1_276' title='bbox 1229 2759 1455 2818; x_wconf 87' lang='lat' dir='ltr'>surrexit,</span> <span class='ocrx_word' id='word_1_277' title='bbox 1480 2763 1528 2808; x_wconf 88' lang='lat' dir='ltr'>et</span> <span class='ocrx_word' id='word_1_278' title='bbox 1549 2775 1577 2807; x_wconf 92' lang='lat' dir='ltr'>a</span> <span class='ocrx_word' id='word_1_279' title='bbox 1598 2758 1798 2823; x_wconf 92' lang='lat' dir='ltr'>singulis</span> <span class='ocrx_word' id='word_1_280' title='bbox 1819 2775 1924 2807; x_wconf 87' lang='lat' dir='ltr'>car-</span> 
     </span>
     <span class='ocr_line' id='line_1_31' title="bbox 140 2841 1929 2910; baseline -0.005 -12"><span class='ocrx_word' id='word_1_281' title='bbox 140 2849 379 2898; x_wconf 90' lang='lat' dir='ltr'>dinalibus</span> <span class='ocrx_word' id='word_1_282' title='bbox 409 2847 470 2896; x_wconf 89' lang='lat' dir='ltr'>ad</span> <span class='ocrx_word' id='word_1_283' title='bbox 497 2847 595 2896; x_wconf 90' lang='lat' dir='ltr'>oris</span> <span class='ocrx_word' id='word_1_284' title='bbox 621 2846 841 2895; x_wconf 91' lang='lat' dir='ltr'>osculum</span> <span class='ocrx_word' id='word_1_285' title='bbox 869 2849 1096 2910; x_wconf 88' lang='lat' dir='ltr'>receptus</span> <span class='ocrx_word' id='word_1_286' title='bbox 1117 2846 1207 2893; x_wconf 89' lang='lat' dir='ltr'>est.</span> <span class='ocrx_word' id='word_1_287' title='bbox 1233 2843 1519 2892; x_wconf 87' lang='lat' dir='ltr'>Mantellum</span> <span class='ocrx_word' id='word_1_288' title='bbox 1540 2841 1728 2906; x_wconf 69' lang='lat' dir='ltr'>prelato</span> <span class='ocrx_word' id='word_1_289' title='bbox 1750 2844 1807 2890; x_wconf 89' lang='lat' dir='ltr'>D.</span> <span class='ocrx_word' id='word_1_290' title='bbox 1832 2845 1929 2890; x_wconf 88' lang='lat' dir='ltr'>Ma-</span> 
     </span>
     <span class='ocr_line' id='line_1_32' title="bbox 141 2927 1926 2995; baseline -0.004 -14"><span class='ocrx_word' id='word_1_291' title='bbox 141 2932 370 2983; x_wconf 89' lang='lat' dir='ltr'>cloviensi</span> <span class='ocrx_word' id='word_1_292' title='bbox 400 2935 594 2981; x_wconf 85' lang='lat' dir='ltr'>exutum</span> <span class='ocrx_word' id='word_1_293' title='bbox 621 2934 911 2995; x_wconf 87' lang='lat' dir='ltr'>receperunt</span> <span class='ocrx_word' id='word_1_294' title='bbox 947 2929 1038 2989; x_wconf 86' lang='lat' dir='ltr'>sui,</span> <span class='ocrx_word' id='word_1_295' title='bbox 1072 2943 1164 2977; x_wconf 89' lang='lat' dir='ltr'>nec</span> <span class='ocrx_word' id='word_1_296' title='bbox 1191 2943 1270 2976; x_wconf 92' lang='lat' dir='ltr'>me</span> <span class='ocrx_word' id='word_1_297' title='bbox 1302 2927 1599 2986; x_wconf 87' lang='lat' dir='ltr'>advertente,</span> <span class='ocrx_word' id='word_1_298' title='bbox 1631 2928 1688 2974; x_wconf 91' lang='lat' dir='ltr'>D.</span> <span class='ocrx_word' id='word_1_299' title='bbox 1718 2927 1926 2974; x_wconf 88' lang='lat' dir='ltr'>Jacobus</span> 
     </span>
     <span class='ocr_line' id='line_1_33' title="bbox 140 3009 1922 3076; baseline -0.004 -13"><span class='ocrx_word' id='word_1_300' title='bbox 140 3015 200 3063; x_wconf 86' lang='lat' dir='ltr'>de</span> <span class='ocrx_word' id='word_1_301' title='bbox 230 3019 351 3065; x_wconf 87' lang='lat' dir='ltr'>Casa</span> <span class='ocrx_word' id='word_1_302' title='bbox 378 3019 507 3066; x_wconf 92' lang='lat' dir='ltr'>Nova</span> <span class='ocrx_word' id='word_1_303' title='bbox 535 3020 583 3064; x_wconf 90' lang='lat' dir='ltr'>et</span> <span class='ocrx_word' id='word_1_304' title='bbox 616 3012 899 3063; x_wconf 90' lang='lat' dir='ltr'>Franciscus</span> <span class='ocrx_word' id='word_1_305' title='bbox 929 3013 1203 3076; x_wconf 87' lang='lat' dir='ltr'>Alabagnes</span> <span class='ocrx_word' id='word_1_306' title='bbox 1235 3011 1410 3060; x_wconf 80' lang='lat' dir='ltr'>secreti</span> <span class='ocrx_word' id='word_1_307' title='bbox 1442 3009 1724 3059; x_wconf 87' lang='lat' dir='ltr'>cubicularii</span> <span class='ocrx_word' id='word_1_308' title='bbox 1756 3014 1802 3057; x_wconf 89' lang='lat' dir='ltr'>et</span> <span class='ocrx_word' id='word_1_309' title='bbox 1831 3009 1922 3057; x_wconf 90' lang='lat' dir='ltr'>sibi</span> 
     </span>
     <span class='ocr_line' id='line_1_34' title="bbox 144 3093 1922 3164; baseline -0.002 -20"><span class='ocrx_word' id='word_1_310' title='bbox 144 3096 354 3149; x_wconf 90' lang='lat' dir='ltr'>indebite</span> <span class='ocrx_word' id='word_1_311' title='bbox 377 3104 667 3164; x_wconf 88' lang='lat' dir='ltr'>usurparunt</span> <span class='ocrx_word' id='word_1_312' title='bbox 688 3104 736 3147; x_wconf 90' lang='lat' dir='ltr'>et</span> <span class='ocrx_word' id='word_1_313' title='bbox 757 3102 1047 3163; x_wconf 90' lang='lat' dir='ltr'>receperunt</span> <span class='ocrx_word' id='word_1_314' title='bbox 1077 3113 1087 3144; x_wconf 87' lang='lat'>:</span> <span class='ocrx_word' id='word_1_315' title='bbox 1120 3094 1438 3160; x_wconf 88' lang='lat' dir='ltr'>capuccinum</span> <span class='ocrx_word' id='word_1_316' title='bbox 1460 3098 1623 3143; x_wconf 86' lang='lat' dir='ltr'>autem</span> <span class='ocrx_word' id='word_1_317' title='bbox 1645 3097 1693 3142; x_wconf 86' lang='lat' dir='ltr'>et</span> <span class='ocrx_word' id='word_1_318' title='bbox 1714 3093 1922 3141; x_wconf 87' lang='lat' dir='ltr'>biretum</span> 
     </span>
     <span class='ocr_line' id='line_1_35' title="bbox 146 3182 449 3245; baseline 0 -15"><span class='ocrx_word' id='word_1_319' title='bbox 146 3196 236 3245; x_wconf 85' lang='lat' dir='ltr'>ego</span> <span class='ocrx_word' id='word_1_320' title='bbox 258 3182 449 3230; x_wconf 90' lang='lat' dir='ltr'>retinui.</span> 
     </span>
    </p>

    <p class='ocr_par' dir='ltr' id='par_1_3' title="bbox 211 3260 1924 3330">
     <span class='ocr_line' id='line_1_36' title="bbox 211 3260 1924 3330; baseline -0.002 -19"><span class='ocrx_word' id='word_1_321' title='bbox 211 3265 406 3312; x_wconf 84' lang='lat' dir='ltr'>Interim</span> <span class='ocrx_word' id='word_1_322' title='bbox 428 3267 633 3314; x_wconf 89' lang='lat' dir='ltr'>surrexit</span> <span class='ocrx_word' id='word_1_323' title='bbox 652 3266 870 3330; x_wconf 83' lang='lat' dir='ltr'>pontifex</span> <span class='ocrx_word' id='word_1_324' title='bbox 890 3270 937 3314; x_wconf 90' lang='lat' dir='ltr'>et</span> <span class='ocrx_word' id='word_1_325' title='bbox 959 3265 1076 3314; x_wconf 83' lang='lat' dir='ltr'>dixit</span> <span class='ocrx_word' id='word_1_326' title='bbox 1098 3281 1148 3313; x_wconf 90' lang='lat' dir='ltr'>se</span> <span class='ocrx_word' id='word_1_327' title='bbox 1170 3263 1289 3312; x_wconf 92' lang='lat' dir='ltr'>velle</span> <span class='ocrx_word' id='word_1_328' title='bbox 1318 3277 1485 3325; x_wconf 86' lang='lat' dir='ltr'>regem</span> <span class='ocrx_word' id='word_1_329' title='bbox 1508 3277 1660 3324; x_wconf 91' lang='lat' dir='ltr'>usque</span> <span class='ocrx_word' id='word_1_330' title='bbox 1684 3260 1745 3309; x_wconf 91' lang='lat' dir='ltr'>ad</span> <span class='ocrx_word' id='word_1_331' title='bbox 1768 3260 1924 3324; x_wconf 80' lang='lat' dir='ltr'>regias</span> 
     </span>
    </p>
   </div>
   <div class='ocr_carea' id='block_1_3' title="bbox 147 3383 1874 3497">
    <p class='ocr_par' dir='ltr' id='par_1_4' title="bbox 147 3383 1919 3497">
     <span class='ocr_line' id='line_1_37' title="bbox 194 3383 1874 3434; baseline 0.005 -11"><span class='ocrx_word' id='word_1_332' title='bbox 194 3387 226 3423; x_wconf 93' lang='lat'>1.</span> <span class='ocrx_word' id='word_1_333' title='bbox 255 3386 354 3423; x_wconf 66' lang='lat' dir='ltr'>Tulle</span> <span class='ocrx_word' id='word_1_334' title='bbox 374 3392 432 3424; x_wconf 84' lang='lat' dir='ltr'>est</span> <span class='ocrx_word' id='word_1_335' title='bbox 451 3387 484 3423; x_wconf 82' lang='lat' dir='ltr'>la</span> <span class='ocrx_word' id='word_1_336' title='bbox 505 3387 604 3434; x_wconf 63' lang='lat' dir='ltr'>leqon</span> <span class='ocrx_word' id='word_1_337' title='bbox 624 3390 668 3426; x_wconf 91' lang='lat' dir='ltr'>de</span> <span class='ocrx_word' id='word_1_338' title='bbox 682 3394 764 3427; x_wconf 85' lang='lat' dir='ltr'>tons</span> <span class='ocrx_word' id='word_1_339' title='bbox 787 3390 839 3427; x_wconf 88' lang='lat' dir='ltr'>les</span> <span class='ocrx_word' id='word_1_340' title='bbox 854 3402 942 3426; x_wconf 80' lang='lat' dir='ltr'>mss.</span> <span class='ocrx_word' id='word_1_341' title='bbox 966 3389 1050 3425; x_wconf 78' lang='lat' dir='ltr'>saus</span> <span class='ocrx_word' id='word_1_342' title='bbox 1066 3389 1115 3425; x_wconf 90' lang='lat' dir='ltr'>dn</span> <span class='ocrx_word' id='word_1_343' title='bbox 1134 3390 1240 3432; x_wconf 70' lang='lat'>5260,</span> <span class='ocrx_word' id='word_1_344' title='bbox 1260 3386 1317 3423; x_wconf 76' lang='lat' dir='ltr'>sol.</span> <span class='ocrx_word' id='word_1_345' title='bbox 1334 3386 1404 3422; x_wconf 69' lang='lat'>216</span> <span class='ocrx_word' id='word_1_346' title='bbox 1420 3391 1471 3430; x_wconf 58' lang='grc' dir='ltr'>ν’),</span> <span class='ocrx_word' id='word_1_347' title='bbox 1495 3383 1554 3432; x_wconf 66' lang='grc' dir='ltr'>(ΙΠῙ</span> <span class='ocrx_word' id='word_1_348' title='bbox 1570 3385 1690 3421; x_wconf 61' lang='grc' dir='ltr'>(ῙΟΙΗΝ</span> <span class='ocrx_word' id='word_1_349' title='bbox 1708 3402 1724 3418; x_wconf 76' lang='grc'>“</span> <span class='ocrx_word' id='word_1_350' title='bbox 1742 3397 1874 3421; x_wconf 62' lang='grc' dir='ltr'>”ὶ(”””’”</span> 
     </span>
     <span class='ocr_line' id='line_1_38' title="bbox 147 3447 1079 3497; baseline 0.002 -15"><span class='ocrx_word' id='word_1_351' title='bbox 147 3447 190 3483; x_wconf 83' lang='lat' dir='ltr'>de</span> <span class='ocrx_word' id='word_1_352' title='bbox 212 3450 325 3483; x_wconf 72' lang='lat' dir='ltr'>memo</span> <span class='ocrx_word' id='word_1_353' title='bbox 347 3447 490 3484; x_wconf 78' lang='lat' dir='ltr'>Rinaldi</span> <span class='ocrx_word' id='word_1_354' title='bbox 511 3448 572 3494; x_wconf 79' lang='lat' dir='ltr'>qui</span> <span class='ocrx_word' id='word_1_355' title='bbox 593 3448 662 3485; x_wconf 89' lang='lat' dir='ltr'>cite</span> <span class='ocrx_word' id='word_1_356' title='bbox 682 3462 722 3486; x_wconf 87' lang='lat' dir='ltr'>ce</span> <span class='ocrx_word' id='word_1_357' title='bbox 743 3461 915 3497; x_wconf 79' lang='lat' dir='ltr'>passage,</span> <span class='ocrx_word' id='word_1_358' title='bbox 938 3460 973 3495; x_wconf 86' lang='lat' dir='ltr'>p.</span> <span class='ocrx_word' id='word_1_359' title='bbox 997 3450 1079 3485; x_wconf 72' lang='lat'>231.</span> 
     </span>
    </p>
   </div>
  </div>
 </body>
</html>
