2202 3926
174 307 508 350 [Septembre1494]
610 306 780 346 RERUM
812 305 1116 343 URBANARUM
1151 306 1497 345 COMMENTARII.
1882 311 1949 347 187

176 411 409 469 CusanuS,
443 426 594 475 nepos
637 427 696 460 ex
737 425 903 459 sorore
948 409 1072 458 Rmi·.
1116 411 1173 458 D.
1216 409 1471 458 cardinalis
1515 410 1834 473 Neapolitani,
1869 413 1947 475 qui

176 492 338 542 omnia
355 493 549 557 reliquit
569 495 629 542 ad
656 493 1019 558 dispositionem
1046 492 1219 557 prefati
1253 495 1309 541 D.
1345 492 1625 551 cardinalis;
1651 493 1788 557 cujus
1809 494 1949 557 jussu

175 579 221 624 et
254 576 554 626 ordinatione
585 593 671 641 per
702 592 924 627 cursores
957 580 1150 624 nostros
1182 579 1345 640 rogate
1384 580 1431 624 et
1460 580 1628 624 vocate
1664 575 1856 624 fuerunt
1889 576 1949 624 ad

174 659 508 707 associandum
529 661 669 709 funus
688 677 774 726 pro
789 660 953 719 hodie,
968 659 1091 708 hora
1103 659 1333 723 vigesima
1346 659 1518 724 prima,
1536 659 1715 707 familie
1732 659 1947 708 omnium

176 744 466 790 RRmorum.
500 746 600 792 DD.
633 744 949 793 cardinalium
987 743 1048 791 ad
1079 743 1277 791 domum
1313 743 1525 792 defuncti
1551 743 1663 807 (que
1698 747 1769 791 est
1797 759 1947 808 prope

174 826 328 889 spolia
355 826 569 886 Christi),
595 833 643 876 et
678 831 941 877 conventus
975 828 1202 887 Minerve‚
1234 844 1273 875 s.
1304 826 1557 890 Augustini
1594 826 1653 874 de
1690 827 1874 891 Populo
1900 831 1948 875 et

174 909 379 969 Araceli,
410 910 731 974 parochianus
763 927 875 960 cum
906 912 1122 975 pluribus
1165 910 1496 959 sacerdotibus
1538 914 1584 958 et
1622 925 1719 957 non
1750 914 1945 958 vocatus

175 991 298 1039 venit
331 992 625 1040 camerarius
656 992 772 1040 cleri
806 993 947 1041 Urbis
980 1008 1090 1040 cum
1124 991 1220 1039 suis
1251 992 1535 1055 pluvialibus
1569 1011 1576 1040 :
1611 992 1765 1041 vocati
1801 994 1946 1041 etiam

173 1075 367 1124 fuerunt
394 1092 483 1140 per
508 1091 621 1124 suos
655 1074 1000 1124 exclamatores
1022 1075 1149 1123 cives
1180 1075 1384 1123 romani.
1411 1078 1614 1124 Lavatus
1634 1075 1724 1123 fuit
1744 1075 1946 1123 defunc—

178 1163 253 1206 tus
279 1163 328 1207 et
356 1158 528 1206 habitu
550 1173 637 1206 suo
665 1157 944 1221 quotidiano
971 1157 1163 1206 indutus
1187 1162 1231 1205 et
1250 1157 1460 1220 desuper
1480 1172 1632 1219 cappa
1661 1171 1757 1219 qua
1775 1156 1947 1219 prelati

173 1246 369 1290 utuntur
401 1242 449 1289 in
480 1241 682 1305 capella,
706 1241 819 1304 quia
842 1241 1056 1289 nondum
1086 1245 1187 1289 erat
1205 1243 1540 1297 consecratus3
1564 1239 1751 1303 positus
1772 1240 1857 1288 fuit
1878 1239 1946 1287 sic

171 1330 366 1389 paratus
388 1342 531 1390 super
562 1340 780 1374 mensam
808 1325 855 1372 in
885 1325 1046 1373 medio
1077 1324 1249 1373 domus
1280 1323 1343 1369 ibi
1378 1327 1594 1391 paratam
1624 1337 1735 1370 cum
1757 1322 1946 1370 duobus

172 1410 424 1458 intorticiis
446 1408 744 1467 ardentibus,
764 1423 861 1457 uno
883 1408 942 1456 ad
963 1413 1126 1471 caput,
1147 1407 1240 1455 alio
1263 1406 1323 1454 ad
1345 1406 1492 1469 pedes
1519 1420 1528 1452 :
1555 1403 1737 1452 circum
1752 1404 1880 1451 circa
1899 1404 1947 1451 in

173 1497 300 1541 terra
320 1492 548 1542 sederunt
576 1508 713 1541 soror
742 1491 1103 1556 consanguinea
1130 1495 1177 1539 et
1201 1491 1292 1539 alie
1313 1489 1464 1537 multe
1491 1487 1719 1536 mulieres
1741 1487 1946 1534 multum

172 1576 344 1624 flentes
367 1579 412 1624 et
433 1575 671 1624 ululantes
696 1591 898 1625 romano
920 1590 1074 1624 more.

237 1659 410 1707 Prelati
445 1659 671 1708 sederunt
700 1660 749 1707 in
781 1659 999 1708 inferiori
1028 1663 1165 1722 parte
1202 1658 1374 1706 domus
1409 1658 1521 1721 quia
1557 1657 1723 1706 stricta
1759 1662 1862 1706 erat
1896 1662 1945 1705 et

169 1746 395 1806 angusta;
422 1742 597 1790 funesti
627 1742 677 1789 in
707 1742 801 1790 alia
825 1747 960 1807 parte
988 1743 1161 1790 domus
1184 1757 1234 1790 se
1252 1745 1482 1805 pararunt
1503 1746 1550 1790 et
1574 1741 1639 1790 ibi
1661 1747 1945 1790 manserunt

171 1841 420 1890 quousque
454 1826 598 1873 funus
628 1831 758 1873 esset
786 1825 1162 1890 deportandum3
1188 1830 1303 1873 tunc
1331 1826 1688 1874 descenderunt
1717 1830 1766 1874 et
1790 1826 1945 1874 vocati

175 1909 368 1958 fuerunt
395 1909 510 1957 hinc
543 1914 590 1957 et
623 1909 733 1957 inde
764 1909 813 1956 in
839 1909 1024 1972 platea3
1051 1908 1272 1957 similiter
1292 1908 1438 1956 locati
1471 1913 1580 1957 sunt
1595 1908 1947 1957 intorticiorum

171 1996 458 2056 portatores,
504 1992 899 2056 archiepiscopus
941 1994 1195 2056 Capuanus
1229 1996 1277 2040 et
1311 1992 1566 2055 episcopus
1598 1994 1867 2051 Massanus,
1903 1996 1950 2040 et

172 2077 267 2124 duo
289 2076 415 2124 cives
436 2075 623 2138 romani
645 2076 992 2139 consanguinei
1014 2075 1228 2124 defuncti
1250 2075 1478 2124 sederunt
1499 2077 1548 2123 in
1574 2075 1788 2123 inferiori
1810 2078 1956 2139 parte·

171 2161 344 2208 domus
377 2159 438 2207 ad
469 2159 715 2207 dexteram
746 2159 985 2219 intrantis,
1012 2160 1091 2207 alii
1124 2160 1294 2223 prelati
1325 2161 1386 2208 ad
1407 2159 1668 2217 sinistram,
1701 2158 1881 2206 ibidem
1903 2162 1949 2206 et

169 2247 277 2308 post
307 2258 391 2291 eos
416 2241 532 2290 hinc
567 2245 614 2290 et
648 2241 760 2290 inde
797 2243 1032 2306 capellani
1067 2243 1402 2302 cardinalium,
1438 2243 1696 2306 episcopus
1727 2242 1949 2305 Segobri-
1978 2288 1983 2292 .

170 2327 329 2376 censis
343 2326 582 2391 ⁴magister
599 2327 771 2375 domus
794 2327 956 2390 palatii
985 2329 1133 2391 Pape,
1158 2332 1206 2376 et
1227 2327 1358 2376 venit
1383 2343 1494 2375 cum
1525 2343 1621 2375 uno
1652 2326 1947 2376 cubiculario

172 2416 219 2460 et
240 2416 446 2475 quatuor
469 2410 544 2459 vel
571 2410 698 2460 circa
719 2410 962 2459 scutiferis
984 2413 1141 2475 Pape;
1166 2411 1247 2474 qui
1269 2411 1485 2460 scutiferi
1506 2416 1791 2460 manserunt
1816 2415 1950 2460 extra

170 2495 366 2543 domum
387 2509 499 2543 cum
524 2494 628 2542 aliis
658 2494 898 2543 scutiferis
929 2495 1244 2543 cardinalium
1269 2510 1279 2542 :
1305 2495 1428 2543 hora
1454 2495 1759 2544 convenienti
1785 2499 1948 2559 porta-

171 2583 271 2627 tum
299 2578 388 2626 fuit
414 2578 560 2627 funus
579 2594 674 2643 ⁸per
700 2579 870 2627 decem
903 2580 1214 2643 presbyteros
1246 2579 1487 2628 seculare-s
1518 2578 1579 2626 ad
1610 2579 1706 2627 hoc
1738 2593 1827 2642 per
1857 2593 1947 2625 nos

171 2662 437 2721 ordinatos,
465 2662 578 2726 quia
605 2662 776 2710 fratres
808 2662 1017 2721 Araceli,
1046 2663 1095 2710 in
1125 2679 1331 2726 quorum
1363 2663 1619 2711 ecclesiam
1654 2661 1946 2726 portandum

171 2748 292 2804 erat,
319 2745 578 2794 noluerunt
605 2746 720 2794 illud
745 2750 956 2809 portare,
983 2746 1198 2795 dicentes
1226 2746 1353 2810 apud
1377 2762 1460 2794 eos
1491 2761 1589 2794 non
1617 2745 1666 2794 id
1694 2760 1800 2794 esse
1829 2759 1947 2792 con-

171 2833 379 2888 suetum,
414 2832 462 2878 et
484 2828 695 2893 positum
729 2845 874 2894 supra
903 2830 1198 2878 catalectum
1228 2829 1277 2877 in
1303 2829 1464 2877 medio
1497 2829 1569 2876 vie
1594 2832 1711 2879 ante
1749 2828 1948 2876 domum

169 2917 405 2975 paratum.
429 2915 677 2963 Venerunt
700 2913 909 2977 religiosi
941 2916 988 2961 et
1015 2913 1173 2961 clerus
1195 2916 1303 2977 post
1333 2927 1527 2961 crucem
1554 2914 1947 2975 pertranseuntes

171 2999 217 3042 et
239 2996 567 3060 regredientes
588 3015 598 3044 ε
623 2996 765 3061 primi
787 2997 979 3046 fuerunt
998 2996 1187 3045 Araceli
1216 3012 1327 3044 cum
1350 3011 1436 3044 sua
1462 3011 1625 3055 cruce,
1650 3010 1771 3059 quos
1794 2995 1946 3043 secuti

171 3082 282 3125 sunt
309 3094 348 3127 s.
377 3079 524 3128 Marie
557 3079 616 3128 de
647 3080 848 3144 Populo,
873 3098 911 3128 s.
943 3080 1219 3145 Augustini,
1250 3079 1481 3138 Minerve‚
1512 3078 1779 3144 presbyteri
1805 3093 1947 3125 secu-

168 3159 294 3207 lares
313 3165 360 3208 et
381 3164 673 3211 camerarius
695 3164 812 3212 cleri
830 3164 1043 3222 ultimus,
1076 3168 1184 3227 post
1208 3163 1314 3211 illos
1343 3167 1547 3227 quatuor
1573 3163 1621 3209 in
1641 3162 1942 3226 pluvialibus,

171 3247 279 3307 post
310 3258 394 3292 eos
432 3247 678 3309 sexaginta
716 3248 811 3295 duo
839 3247 1082 3296 intorticia
1115 3263 1226 3295 cum
1271 3247 1362 3294 illis
1395 3246 1581 3294 duobus
1620 3262 1714 3309 que
1753 3246 1803 3293 in
1839 3245 1948 3292 aula

170 3330 411 3385 arserunt3
447 3326 590 3375 funus
626 3334 867 3392 portatum
897 3334 970 3379 est
1009 3346 1175 3393 supra;
1212 3334 1321 3393 post
1348 3329 1507 3392 ipsum
1532 3328 1699 3392 viginti
1738 3333 1943 3391 quatuor

172 3410 346 3459 funesti
372 3409 471 3457 bini
499 3415 547 3458 et
576 3411 692 3470 bini,
716 3428 923 3475 quorum
952 3413 1112 3460 nullus
1140 3418 1243 3460 erat
1271 3412 1679 3474 consanguineus,
1704 3411 1942 3458 conditio-
