2222 3926
136 318 412 359 [havian-1495]
594 315 765 353 RERUM
799 314 1104 353 URBANARUM
1137 315 1489 355 COMMENTARII.
1857 317 1929 352 227

137 420 302 484 palatii
324 419 581 484 apostolici
600 419 727 484 apud
748 432 786 468 s.
812 409 1006 468 Petram
1025 435 1111 483 pro
1131 420 1322 483 publico
1341 417 1630 468 consistorio
1652 433 1740 482 pro
1762 433 1929 482 recep-

137 504 268 554 tione
298 504 425 569 regis
454 504 656 554 Francie
687 509 735 554 et
758 503 1034 553 obedientia
1059 518 1145 567 per
1175 518 1286 551 eum
1314 500 1591 567 prestanda,
1625 500 1838 565 pontifex
1867 501 1927 549 ad

141 587 386 652 publicum
422 605 481 638 ex
515 604 652 638 more
686 581 1171 653 paratuS,‘''commisit
1202 587 1322 635 mihi
1352 586 1483 651 quod
1515 585 1637 634 irem
1669 585 1731 633 ad
1760 599 1927 649 regem

139 672 339 721 Francie
373 673 433 720 ad
462 672 801 721 instruendum
830 672 988 736 ipsum
1021 671 1080 718 de
1111 670 1186 719 his
1217 687 1310 735 que
1340 675 1470 721 esset
1499 670 1712 719 facturus
1745 673 1794 718 et
1825 668 1927 718 dic-

142 760 275 805 turus
308 756 440 805 circa
472 757 888 806 deosculationem
924 754 1059 819 pedis
1094 757 1221 819 Pape
1258 760 1307 804 et
1342 755 1670 805 obedientiam
1703 759 1926 819 prestan-

132 840 275 899 .dam;
306 840 366 889 de
392 840 502 889 loco
531 846 692 889 autem
719 855 806 888 suo
832 839 959 888 inter
985 838 1255 887 cardinales
1283 855 1371 889 seu
1400 843 1509 905 post
1535 839 1746 903 primum
1768 838 1926 888 cardi-

139 923 300 973 nalem
331 924 453 972 nihil
485 924 575 972 sibi
606 923 837 982 dicerem,
874 939 985 971 cum
1016 938 1101 971 rex
1130 923 1233 986 ipse
1265 939 1376 971 cum
1409 923 1508 972 suis
1540 922 1830 972 decrevisset
1859 921 1925 970 ibi

140 1023 237 1056 non
260 1007 450 1067 sedere,
483 1007 569 1055 sed
589 1006 718 1070 apud
743 1006 1031 1054 Pontificem
1060 1005 1109 1052 in
1130 1006 1251 1054 solio
1274 1012 1404 1055 stans
1426 1007 1588 1071 aliqua
1604 1005 1926 1070 paucaoverba

137 1090 443 1156 prestationis
459 1090 735 1139 obedientie
747 1090 981 1154 proferre.
997 1089 1061 1137 Ivi
1077 1105 1189 1137 cum
1204 1093 1342 1139 Rmo.
1360 1093 1417 1139 D.
1434 1089 1778 1139 Concordiensi
1790 1088 1925 1139 missi

135 1187 224 1240 per
260 1190 434 1239 papam
469 1172 782 1238 condeputati
818 1173 878 1221 ad
915 1188 1101 1236 regem,
1137 1189 1282 1236 quem
1319 1173 1367 1221 in
1402 1189 1597 1221 camera
1629 1189 1717 1221 sua
1748 1172 1924 1223 calceis

129 1259 353 1309 *nondum
384 1258 563 1308 strictis
603 1262 813 1307 stantem
834 1256 1124 1316 invenimus,
1149 1257 1227 1305 cui
1249 1257 1390 1305 nobis
1412 1256 1674 1305 commissa
1697 1256 1922 1320 exposui-

135 1360 262 1403 mus,
299 1343 535 1392 addentes
568 1345 749 1407 Papam
778 1344 999 1406 paratum
1024 1356 1150 1400 esse,
1185 1343 1234 1393 et
1260 1341 1566 1404 Majestatem
1587 1356 1724 1388 suam
1746 1356 1924 1405 expec-

126 1433 256 1478 tare.
286 1427 551 1492 Respondit
569 1442 669 1485 reX,
694 1430 951 1490 postquam
973 1426 1166 1474 nescius
1189 1429 1336 1485 esset,
1363 1441 1414 1474 se
1434 1425 1555 1475 velle
1574 1424 1706 1489 prius
1725 1424 1774 1472 in
1795 1425 1924 1474 basi-

135 1513 230 1563 lica
262 1529 301 1561 s,
338 1511 467 1560 Petri
499 1511 697 1559 missam
729 1510 912 1570 audire,
946 1510 1121 1559 deinde
1154 1510 1411 1575 prandere,
1450 1514 1622 1574 postea
1650 1508 1711 1558 ad
1744 1511 1924 1573 Papam

138 1597 302 1647 venire
331 1613 341 1646 :
378 1594 508 1645 aliud
529 1595 619 1644 sibi
650 1594 941 1659 persuadere
971 1610 1068 1642 non
1090 1594 1336 1659 potuimus
1370 1594 1500 1658 quod
1528 1597 1659 1642 esset
1691 1593 1920 1642 facturus.

141 1681 392 1731 Relatione
432 1678 656 1729 Pontifici
695 1694 783 1742 per
826 1693 916 1727 nos
962 1678 1104 1738 facta,
1148 1678 1473 1727 cardinalibus
1518 1678 1643 1726 intra
1681 1693 1924 1726 cameram

142 1770 381 1816 secretam
402 1763 598 1824 vocatiS,
622 1763 776 1812 tenuit
797 1778 909 1810 cum
932 1762 1000 1812 eis
1031 1763 1091 1812 de
1113 1763 1257 1812 rebus
1289 1763 1658 1812 occurrentibus
1681 1767 1924 1813 secretum

142 1849 483 1899 consistorium
522 1863 609 1912 per
641 1846 814 1895 horam
861 1851 910 1895 et
955 1847 1173 1895 ulterius.
1223 1850 1356 1896 Tunc
1406 1848 1535 1898 venit
1583 1847 1645 1897 ad
1679 1863 1924 1897 cameram

130 1931 397 1998 -pa'pagalli,
435 1929 516 1980 ubi
544 1935 742 1995 'paratus
780 1930 979 1990 amictu,
1016 1931 1141 1991 alba,
1183 1931 1305 1981 stola
1338 1935 1387 1982 et
1419 1931 1612 1996 pluviali
1646 1932 1923 1981 inconsutili

138 2017 289 2066 rubeo
315 2015 537 2080 precioso
564 2030 652 2079 per
676 2014 1012 2063 Innocentium
1040 2015 1168 2064 facto
1199 2020 1248 2065 et
1277 2015 1421 2064 mitra
1449 2016 1671 2080 preciosa
1701 2017 1832 2066 venit
1861 2016 1923 2065 ad

137 2099 300 2150 aulam
328 2099 507 2164 publici
536 2098 827 2158 consistorii,
866 2097 946 2146 ubi
977 2098 1152 2147 sedens
1184 2099 1232 2146 in
1266 2103 1435 2164 parata
1468 2099 1558 2148 sibi
1593 2100 1707 2149 sede
1738 2100 1923 2165 recepit

139 2200 310 2235 omnes
331 2183 601 2232 cardinales
622 2182 684 2232 ad
713 2182 1034 2231 reverentiam
1063 2187 1367 2244 consuetam,
1390 2183 1717 2233 Alexandrino
1739 2187 1785 2232 et
1808 2187 1922 2234 Car-

137 2267 430 2333 thaginiensi
463 2267 670 2331 demptis
698 2282 784 2331 pro
814 2283 932 2331 rege
961 2267 1115 2316 ituriS.
1151 2267 1355 2318 Nolebat
1385 2268 1516 2317 enim
1548 2268 1772 2317 Pontifex
1793 2268 1922 2332 quod

135 2353 226 2405 iret
251 2352 585 2403 Macloviensis
610 2350 775 2416 junior
804 2352 1078 2413 cardinaliS,
1115 2368 1262 2416 quem
1290 2369 1349 2401 ex
1371 2352 1539 2402 ordine
1561 2352 1807 2418 tangebat,
1831 2369 1919 2418 pro

129 2454 195 2488 eo
217 2437 348 2502 quod
367 2441 497 2487 esset
517 2436 644 2500 regis
665 2440 911 2495 creatura3
943 2436 1030 2486 scd
1055 2437 1319 2486 nominavit
1341 2437 1460 2487 alios
1481 2436 1603 2485 duos
1630 2453 1717 2502 pro
1745 2437 1920 2502 maj0ri

136 2521 264 2586 regis
285 2522 472 2570 honore
494 2520 776 2570 mittendos
812 2523 959 2569 Facta
980 2521 1203 2570 Pontifici
1224 2537 1313 2586 per
1332 2522 1603 2570 cardinales
1630 2525 1679 2571 et
1704 2522 1921 2586 perfecta

136 2602 420 2665 reverentia,
474 2604 619 2668 Papa,
665 2604 864 2652 dimissa
908 2604 1051 2653 mitra
1099 2605 1337 2669 preciosa,
1390 2606 1579 2670 accepit
1624 2606 1912 2670 simplicem.

137 2689 236 2755 Ego
268 2689 429 2738 vocavi
459 2688 729 2737 cardinales
758 2692 805 2737 et
832 2689 1044 2752 prelatos
1075 2705 1241 2754 regem
1271 2690 1612 2750 associaturOS,
1646 2690 1867 2739 videlicet
1902 2707 1912 2738 :

135 2771 531 2832 Alexandrinum,
550 2772 1001 2836 Carthaginiensem
1018 2773 1097 2837 qui
1112 2774 1330 2823 nondum
1345 2774 1667 2823 reverentiam
1679 2774 1913 2833 fecerant,

138 2874 177 2905 S.
209 2856 402 2921 Georgii
420 2860 469 2905 et
489 2873 529 2904 s.
562 2856 777 2905 Severini
808 2857 1104 2916 cardinales3
1137 2858 1469 2907 Florentinum
1488 2862 1535 2907 et
1553 2849 1912 2919 patracensem,

137 2941 556 3006 archiepiscopos3
582 2941 1018 3005 Portugallensem,
1043 2942 1406 3002 Vulterranum,
1435 2943 1847 2992 Concordiensem
1870 2946 1918 2991 et

139 3025 542 3088 Segobricensem
563 3025 838 3089 episcopos,
869 3030 917 3074 et
937 3026 1357 3090 prothonotarium
1379 3027 1439 3076 de
1461 3029 1764 3087 Sermoneta,
1789 3030 1916 3091 Pape

139 3107 463 3158 assistentem.
489 3109 724 3159 Venimus
751 3113 862 3157 ante
885 3125 1130 3159 cameram
1158 3112 1285 3176 regis
1314 3111 1394 3175 qui
1416 3112 1464 3160 in
1491 3112 1693 3176 prandio
1715 3116 1836 3171 erat,
1870 3117 1919 3160 et

138 3191 204 3238 ibi
233 3191 462 3240 sederunt
492 3193 758 3241 cardinales
790 3193 838 3241 in
861 3194 1055 3243 sedibus
1083 3195 1312 3256 fenestre,
1338 3196 1536 3260 prelatis
1566 3196 1795 3260 predictis
1824 3195 1918 3243 cir-

137 3273 507 3332 cumstantibuS,
536 3276 901 3337 expectantibus
933 3276 1061 3340 regis
1083 3278 1342 3327 adventum
1363 3278 1424 3326 ad
1449 3279 1815 3339 consistorium,
1841 3279 1916 3327 cui

139 3355 359 3404 nunciari
396 3355 487 3403 feci
524 3356 791 3405 cardinales
829 3362 876 3407 et
932 3375 1020 3407 nos
1057 3361 1122 3407 ibi
1161 3378 1268 3410 esse
1305 3362 1464 3425 ipsum
1501 3362 1823 3411 associaturos
1859 3362 1919 3410 ad

143 3439 446 3497 Pontificem,
477 3453 533 3486 ac
560 3438 609 3485 in
629 3438 820 3503 publico
852 3441 1140 3491 consistorio
1172 3460 1283 3492 cum
1312 3444 1635 3494 cardinalibus
1657 3446 1813 3509 ipsum
1835 3461 1919 3493 ex-‘
