2202 3926
322 331 370 366 94
928 327 1163 364 JOHANNIS
1197 326 1495 373 BURCHARDI,
1887 329 1995 368 [Mars
2014 329 2107 368 1494]

328 436 504 490 tenteS,
528 432 611 494 qui
637 431 767 480 circa
794 434 1009 480 oratores
1038 430 1337 495 supradictos
1370 429 1647 478 Rhodianos
1672 444 1831 493 genua
1847 429 2104 480 flexerunt.

322 516 625 580 Secretarius
654 514 774 580 legis
805 515 987 575 literaS,
1022 518 1125 563 tum
1158 513 1556 577 archiepiscopus
1591 511 1805 562 recitavit
1837 514 2106 565 orationem

323 601 639 665 genuflexus3
674 615 766 662 qua
791 598 942 656 finita,
977 600 1108 661 Papa
1136 596 1385 661 respondit
1407 600 1454 645 et
1481 595 1602 660 ipse.
1625 598 1772 646 Facta
1792 597 2108 662 responsione

322 688 469 749 Pape,
506 687 721 733 oratores
756 685 852 730 tres
885 680 1090 745 predicti
1123 680 1373 730 redierunt
1410 680 1471 728 ad
1504 679 1805 744 pontificem,
1842 682 2015 746 quibus
2049 683 2110 732 ad

323 768 565 817 sinistram
592 764 876 831 genuflexiS,
910 764 1043 829 prior
1066 768 1114 813 et
1141 764 1218 812 alii
1243 763 1460 829 religiosi
1488 764 1670 813 ordinis
1696 766 1900 830 predicti
1927 767 2108 818 ibidem

322 853 582 902 existentes
601 850 802 901 osculati
824 852 934 898 sunt
951 849 1128 913 pedem
1147 851 1294 913 Pape.
1318 850 1458 909 Tum,
1478 848 1678 899 obtenta
1694 866 1723 899 a
1743 853 1874 916 Papa
1891 851 2106 902 licentia,

319 937 466 986 iidem
497 940 714 985 oratores
744 934 805 984 ad
831 934 1030 983 domum
1060 932 1337 991 redierunt;
1365 932 1447 996 qui
1477 932 1573 982 hoc
1606 949 1749 982 mane
1782 933 1843 982 ad
1874 934 2106 999 palatium

318 1019 567 1068 venientes
589 1034 617 1067 a
633 1017 826 1066 familiis
847 1016 972 1065 Rmi.
999 1019 1056 1065 D.
1080 1015 1483 1076 vicecancellarii,
1502 1016 1683 1066 ordinis
1697 1018 1903 1082 predicti
1918 1023 2109 1084 protec-

318 1102 454 1162 torIS,
486 1106 534 1151 et
559 1117 646 1166 per
674 1100 883 1165 plurium
917 1099 1123 1149 aliorum
1155 1099 1472 1148 cardinalium
1505 1099 1711 1149 familias
1744 1101 1941 1150 fuerunt
1970 1117 2106 1151 asso-

319 1185 447 1235 ciati.
478 1185 573 1251 Ipsi
600 1188 763 1234 autem
791 1190 887 1233 tres
918 1189 1133 1233 oratores
1161 1183 1305 1232 simul
1338 1183 1628 1248 equitarunt,
1653 1188 1752 1233 tam
1780 1185 1940 1235 eundo
1963 1203 2106 1252 quam

320 1269 588 1330 redeundO,
612 1268 807 1334 prelatis
828 1273 937 1332 post
960 1284 1043 1318 eos
1065 1267 1391 1332 equitantibus
1414 1266 1494 1333 (1).

365 1433 400 1472 1.
427 1432 573 1470 Marcus
600 1431 813 1477 Montanus,
840 1430 903 1480 qui
923 1441 1107 1480 prononca
1133 1429 1165 1466 le
1191 1429 1359 1467 discours
1387 1429 1637 1477 d’obedience,
1665 1430 1698 1468 16
1724 1430 1830 1468 dedia
1855 1434 1877 1468 a
1903 1431 2105 1471 Guillaume

316 1493 511 1538 Caoursin‚
532 1491 565 1528 le
584 1490 884 1528 vice-chancelier
903 1491 947 1527 de
968 1490 1132 1527 Rhodes.
1154 1490 1272 1539 Apres
1294 1489 1347 1526 les
1368 1490 1621 1539 compliments
1643 1490 1797 1539 d’usage
1816 1503 1862 1527 au
1883 1493 1982 1540 Pape
2003 1497 2038 1529 et
2051 1492 2105 1529 les

315 1551 577 1603 protestations
610 1551 655 1587 de
687 1552 928 1588 devouement
953 1550 1019 1599 des
1045 1549 1236 1586 Rhodiens
1269 1553 1306 1586 61
1337 1550 1385 1586 (111
1418 1551 1686 1598 grand—maitre
1717 1550 1955 1588 d'Aubusson
1989 1554 2029 1589 T.
2062 1553 2102 1591 S.

316 1617 483 1650 creatura
497 1612 833 1658 obsequentissima,
857 1610 1026 1647 l'orateur
1045 1608 1214 1658 poursuit
1234 1613 1270 1646 61
1288 1609 1443 1647 termine
1464 1621 1533 1646 son
1553 1610 1722 1647 discours
1742 1623 1807 1660 par
1836 1623 1908 1648 une
1935 1612 2103 1649 exhorta-

315 1672 391 1709 tion
411 1675 605 1721 pressante
624 1682 668 1707 au
692 1669 886 1708 souverain
905 1669 1044 1718 pontise
1062 1669 1358 1718 d'entreprendre
1379 1681 1451 1706 une
1470 1669 1638 1707 croisade
1657 1674 1782 1707 contre
1802 1670 1835 1708 16
1853 1670 1960 1710 Turc.

423 1747 442 1766 «
463 1732 673 1780 Nunquam,
694 1730 907 1768 beatissime
928 1731 1048 1775 Pater,
1071 1741 1259 1778 nunquam
1276 1728 1348 1766 fuit
1374 1741 1494 1766 rerum
1519 1733 1593 1767 tam
1612 1732 1870 1768 accomodatus
1898 1743 2099 1770 concursus

312 1805 335 1830 a
353 1792 477 1830 divina
496 1795 591 1828 certe
611 1790 840 1839 providentia
868 1788 1098 1826 incrustabili
1124 1789 1353 1826 connexione
1379 1801 1573 1827 causarum
1604 1791 1807 1839 procedens
1834 1791 2101 1829 Machumetam

313 1851 554 1901 extinguendi
588 1856 725 1888 sectam
759 1862 871 1899 reque
903 1849 987 1898 ipsa
1017 1849 1195 1886 conficere
1233 1849 1411 1886 hodierna
1447 1853 1666 1899 tempestate
1698 1851 1795 1899 quod
1827 1851 2102 1900 sapientissima

310 1916 374 1949 tua
401 1915 522 1948 mente
553 1910 747 1959 dijudicas.
775 1911 893 1947 Adest
924 1909 1020 1946 enim
1052 1909 1138 1946 Zem
1169 1908 1347 1946 Sultanus
1379 1908 1587 1956 incolumis,
1615 1910 1786 1959 Magistri
1824 1914 1861 1948 et
1891 1911 2096 1950 Cardinalis

309 1983 426 2020 nuper
445 1970 628 2007 industria
646 1971 798 2007 Romam
817 1970 1031 2019 perductus,
1052 1969 1115 2017 qui
1136 1981 1218 2006 cum
1239 1969 1288 2006 sit
1311 1973 1427 2006 terror
1454 1969 1636 2007 maximus
1656 1969 1757 2008 fratri
1778 1970 1983 2009 Bacziazith
2002 1972 2095 2010 Tur-

308 2043 432 2068 corum
463 2035 618 2079 tyranno
647 2035 804 2078 quantas
830 2029 928 2067 vires
961 2029 1096 2066 habeat
1132 2028 1235 2066 facile
1267 2028 1390 2066 norint
1415 2029 1592 2068 universi.
1625 2030 1743 2067 Adest
1772 2035 1946 2080 praeterea
1970 2032 2095 2070 multis

307 2092 460 2129 antehac
479 2090 704 2139 temporibus
731 2089 920 2138 incognita
946 2088 1182 2138 inauditaque
1208 2088 1407 2126 christiane
1432 2089 1623 2138 religionis
1650 2090 1796 2139 Regum
1823 2096 1859 2130 et
1884 2091 2094 2142 Principum

306 2151 508 2189 communis
530 2150 788 2199 unanimisque
807 2149 1001 2186 concordia
1023 2164 1119 2187 .....

354 2210 486 2247 Habita
520 2210 648 2248 Rome.
682 2210 729 2247 X.
764 2209 886 2247 Martii
918 2220 1014 2245 anno
1047 2207 1159 2245 Verbi
1188 2208 1366 2246 incarnati
1403 2208 1798 2249 MCCCCLXXXXIII.
1828 2211 2092 2251 assistentibus

306 2270 351 2308 R.
388 2269 553 2307 Dominis
581 2268 719 2306 ordinis
753 2267 1088 2316 Hierosolymitani.
1123 2268 1163 2305 F.
1198 2268 1308 2305 Petro
1340 2268 1456 2306 Stoltz
1487 2270 1624 2318 Magno
1655 2269 1847 2307 Germanic
1875 2269 2027 2311 Bailivio
2057 2277 2093 2310 et

304 2330 343 2368 F.
367 2329 590 2378 Berengario
611 2327 729 2366 Santii
748 2328 794 2364 de
815 2328 977 2376 Barospe
997 2326 1121 2364 Priore
1140 2327 1299 2364 Navarre
1313 2327 1468 2365 Rhodiis
1490 2327 1599 2365 etiam
1618 2329 1838 2368 oratoribus.
1862 2328 1980 2380 (Plaq.
1996 2331 2090 2368 111-8ο

304 2389 406 2437 goth.
431 2400 462 2426 S.
485 2387 509 2426 l.
531 2400 568 2425 n.
591 2387 644 2434 d.)

351 2448 424 2484 Sur
444 2447 478 2485 16
500 2445 679 2485 variation
713 2446 774 2495 qui
803 2450 864 2483 eut
883 2444 955 2483 lieu
982 2457 1027 2482 en
1047 2446 1169 2484 divers
1189 2451 1309 2496 temps
1330 2450 1352 2484 a
1371 2446 1406 2484 la
1427 2458 1516 2484 cour
1546 2448 1591 2484 de
1611 2447 1727 2486 Rome
1747 2449 1840 2486 dans
1867 2449 1903 2488 la
1929 2450 2090 2490 maniere

302 2507 363 2556 d'y
391 2506 517 2544 traiter
543 2506 673 2544 l'ordre
700 2507 745 2543 (16
765 2507 978 2544 Saint-Jean
997 2507 1042 2543 de
1062 2507 1278 2553 Jerusalem,
1299 2519 1384 2556 voy.
1407 2506 1442 2544 16
1460 2518 1650 2556 remarque
1672 2508 1718 2545 de
1735 2509 1949 2560 Brequigny
1972 2523 1980 2548 :
2002 2513 2086 2552 Not.

301 2570 337 2603 et
356 2571 429 2604 emt.
454 2568 517 2603 des
545 2578 631 2605 mss,
655 2569 698 2604 de
727 2568 762 2604 la
785 2568 880 2605 Bibl.
904 2568 955 2604 du
979 2569 1061 2613 Roi,
1083 2570 1111 2606 t.
1134 2567 1181 2613 II,
1202 2579 1240 2616 p.
1269 2567 1352 2605 582.
1376 2566 1481 2604 Paris
1507 2567 1552 2604 (16
1580 2567 1743 2615 Grassis‚
1774 2572 1797 2606 a
1816 2581 1952 2620 propos
1978 2571 2024 2609 de
2053 2572 2087 2610 16

301 2626 486 2674 reception
516 2627 581 2662 des
609 2626 893 2664 ambassadeurs
919 2626 1108 2672 rhodiens‚
1140 2626 1172 2663 le
1191 2628 1214 2663 6
1234 2638 1332 2663 mars
1367 2627 1472 2673 1514,
1502 2626 1614 2664 relate
1639 2627 1692 2664 les
1719 2628 1929 2667 differentes
1957 2631 2085 2677 facons

300 2685 390 2723 dont
409 2685 476 2722 elle
498 2698 537 2722 se
557 2685 599 2723 fit
619 2698 706 2723 sous
728 2686 781 2723 les
801 2686 1009 2735 pontificats
1029 2687 1246 2735 precedents
1268 2690 1304 2723 et
1324 2686 1518 2735 s'exprime
1538 2687 1635 2723 ainsi
1662 2699 1725 2724 sur
1747 2691 1841 2726 cette
1867 2689 2086 2728 ambassade

300 2745 390 2782 dont
414 2744 513 2794 parle
538 2744 584 2781 ici
611 2745 802 2783 Burchard
825 2758 834 2783 :
859 2761 878 2781 «
969 2747 1088 2795 [1514]
1109 2746 1175 2783 Die
1200 2749 1306 2783 sexta
1330 2746 1464 2791 martii,
1486 2747 1559 2783 duo
1584 2751 1746 2785 oratores
1767 2748 1895 2798 Magni
1914 2749 2085 2799 Magistri

299 2803 483 2841 Rhodiani
503 2805 744 2853 prestiterunt
763 2806 1008 2843 obedientiam
1028 2807 1141 2855 Pape,
1163 2810 1203 2843 ut
1218 2805 1323 2844 alias.
1342 2806 1388 2842 Et
1406 2806 1469 2842 isti
1489 2806 1575 2852 duo,
1594 2808 1814 2855 presentatis
1835 2808 1965 2856 literis,
1980 2822 2085 2847 oscu-

299 2862 360 2899 lati
386 2867 472 2900 sunt
496 2864 625 2912 pedem
653 2865 791 2912 solum;
819 2870 855 2903 et
881 2866 1082 2915 genuflexi,
1103 2866 1302 2903 recitarunt
1327 2865 1529 2902 orationem
1557 2878 1673 2912 suam,
1708 2867 1811 2905 lectis
1838 2868 1940 2924 prius
1966 2868 2082 2906 literis

299 2935 363 2972 per
383 2923 615 2960 secretarIum
632 2926 745 2974 Pape,
765 2926 900 2974 quibus
921 2927 1023 2975 Papa
1042 2926 1209 2963 absolute
1228 2924 1430 2973 respondit.
1453 2924 1601 2963 Electus
1631 2930 1688 2964 est
1712 2926 1894 2964 Fabritius
1917 2939 1963 2963 ex
1982 2939 2078 2964 mar-

300 2982 492 3019 chionibus
506 2983 654 3030 Finalis,
677 2985 786 3022 frater
799 2985 994 3024 cardinalis
1015 2986 1060 3022 de
1079 2984 1209 3030 Finali,
1232 2988 1270 3020 et
1289 2987 1453 3020 oratores
1475 2984 1538 3032 qui
1571 2985 1609 3021 in
1630 2985 1726 3022 Urbe
1748 2989 1863 3033 erant,
1885 2987 2078 3024 confirma-

299 3042 364 3080 vit.
384 3042 551 3078 Ceterum
571 3042 631 3080 isti
652 3044 835 3082 Rhodiani
854 3057 928 3081 non
954 3043 1110 3093 amplius
1135 3047 1311 3092 tanquam
1336 3042 1501 3091 religiosi
1529 3044 1594 3080 sed
1619 3044 1804 3093 principes
1824 3045 1928 3082 liberi
1953 3046 2080 3084 haberi

298 3100 504 3140 voluerunt.
526 3102 616 3139 Nam
638 3104 706 3141 sub
728 3104 831 3142 Sixto
851 3105 933 3152 1111,
954 3104 1102 3141 memini
1121 3116 1178 3140 me
1197 3103 1336 3141 vidisse
1357 3107 1518 3140 oratores
1533 3104 1746 3142 Rhodianos
1767 3106 1812 3142 ad
1832 3118 1914 3143 eum
1927 3119 2079 3156 presen-

298 3164 420 3198 tantes
442 3160 564 3198 literas
586 3164 730 3201 nomine
750 3163 878 3212 Magni
893 3163 1063 3212 Magistri
1081 3163 1143 3212 qui
1157 3175 1231 3200 non
1248 3162 1351 3200 aliter
1366 3174 1473 3211 quam
1487 3162 1670 3210 generalis
1691 3165 1920 3206 censebatur.
1938 3167 2079 3205 Deinde

302 3222 372 3259 sub
392 3224 602 3262 Innocentio
621 3225 759 3262 vidisse
779 3224 861 3261 illos
880 3227 1135 3272 presentantes
1155 3222 1279 3260 literas
1308 3221 1518 3271 simpliciter
1543 3223 1641 3271 Pape
1669 3236 1750 3261 cum
1779 3230 1936 3274 quatuor
1959 3226 2076 3265 cardi-

301 3282 462 3321 nalibus,
491 3284 535 3321 Et
561 3285 629 3321 sub
655 3284 876 3329 Alexandro,
901 3283 976 3321 vidi
1001 3283 1098 3332 quod
1124 3283 1226 3332 Papa
1257 3281 1409 3319 multum
1439 3280 1694 3320 blandiebatur
1726 3283 1832 3322 dictis
1857 3286 2075 3333 oratoribus,

302 3341 389 3391 quia
406 3343 515 3380 frater
535 3343 660 3392 Magni
680 3343 793 3380 Turce
814 3347 891 3380 erat
910 3342 947 3379 in
966 3341 1100 3391 palatio
1120 3344 1218 3391 Pape
1236 3343 1421 3387 detentuS,
1438 3344 1474 3378 61
1493 3354 1537 3378 ex
1558 3343 1636 3391 ejus
1657 3348 1805 3393 captura
1818 3345 1919 3394 Papa
1929 3345 2076 3395 singulo

297 3414 401 3439 anno
417 3402 450 3456 ξ
472 3404 551 3450 (sic)
573 3402 655 3441 duc.
678 3402 903 3450 percipiebat
921 3406 957 3439 61
974 3406 1168 3451 propterea
1193 3401 1409 3439 adulabatur
1428 3400 1535 3438 dictis
1556 3403 1760 3441 oratoribus
1780 3404 1843 3453 qui
1862 3404 1977 3442 Turce
1997 3417 2077 3443 cus-

303 3462 410 3500 todes
433 3466 548 3509 erant,
570 3466 607 3500 61
626 3461 764 3499 audivit
790 3473 853 3498 eos
881 3465 1043 3499 oratores
1070 3461 1313 3499 obedientiam
1332 3463 1538 3510 prestantes
1563 3461 1601 3499 in
1626 3463 1844 3501 consistorio
1871 3468 2022 3512 secreto,
2044 3470 2080 3503 et
