2202 3926
300 363 346 399 76
658 411 661 413 ‚
908 356 927 394 J
934 356 1142 395 OHANNIS
1176 355 1469 397 BURCHARDI.
1880 360 1964 400 [Mai
1986 362 2085 402 1493]

298 463 416 513 darii
448 462 627 511 Urbem
656 461 852 509 intranti
890 461 1046 524 ipsum
1074 461 1476 524 Andegavensem
1512 459 1603 524 ipsi
1641 460 1806 508 comiti
1837 477 1988 525 usque
2024 464 2084 511 ad

296 564 461 596 muros
481 551 615 596 extra
634 550 823 609 portam
843 544 1112 609 predictam
1143 545 1403 607 equitasse,
1431 545 1687 607 ipsumque
1719 545 1949 593 comitem
1969 562 2084 609 pre-

298 632 449 681 fatum
491 631 551 679 ad
597 630 840 678 sinistram
880 627 1099 691 ejusdem
1150 627 1407 675 cardinalis
1458 626 1773 689 equitantem,
1821 645 1974 693 usque
2025 632 2086 679 ad

298 716 496 765 domum
514 713 801 770 associasse,
826 725 913 774 pro
936 726 1029 773 quo
1052 711 1133 758 SS.
1161 713 1217 757 D.
1244 712 1300 757 N.
1326 710 1637 758 Innocentius
1655 712 1899 774 predictus
1921 714 2079 778 ipsum

297 798 591 847 cardinalem
631 794 895 857 redarguit,
942 808 1164 841 asserens
1208 796 1373 856 preter
1421 793 1527 856 ejus
1575 795 1856 844 mandatum
1896 796 2077 846 dictum

302 880 599 930 cardinalem
620 879 669 926 id
684 878 876 926 fecisse.
896 879 949 925 In
963 876 1040 925 die
1057 881 1219 925 autem
1234 877 1545 940 prestationis
1562 878 1838 928 obedientie
1855 882 2082 930 eumdem

298 966 592 1015 cardinalem
614 979 725 1012 cum
747 963 847 1010 suis
866 960 1230 1010 conoratoribus
1256 961 1596 1010 consistorium
1623 967 1722 1011 non
1745 963 1968 1026 intrasse,
1995 966 2080 1014 sed

299 1051 430 1115 prius
462 1049 584 1097 scire
612 1047 720 1095 illos
753 1046 880 1094 inter
910 1044 1175 1093 cardinales
1210 1045 1259 1092 in
1290 1045 1398 1094 loco
1433 1061 1516 1095 sue
1548 1048 1868 1110 promotionis
1896 1049 2080 1098 sedisse

300 1150 411 1181 cum
432 1132 499 1180 illi
526 1132 762 1179 intrarent
790 1134 836 1178 et
866 1129 1193 1178 obedientiam
1229 1134 1502 1193 prestarent
1534 1146 1544 1178 :
1576 1145 1741 1178 casum
1778 1136 2082 1181 autem'nos—

303 1223 426 1264 trum
465 1214 694 1279 predictis
734 1213 831 1260 dixi
872 1228 979 1261 esse
1021 1213 1165 1276 longe
1219 1212 1683 1262 exhorbitantiorem
1730 1230 1817 1279 pro
1858 1232 1915 1264 eo
1954 1217 2083 1280 quod

303 1297 560 1347 cardinalis
581 1296 757 1345 Montis
779 1295 970 1360 Regalis
989 1311 1087 1343 non
1108 1295 1166 1343 ab
1189 1300 1323 1344 extra
1339 1296 1514 1356 veniat,
1534 1296 1686 1345 sedin
1704 1296 1831 1346 Urbe
1852 1298 2077 1346 resideat.

303 1381 614 1446 Rogavit'me,
640 1380 769 1444 quod
792 1395 896 1428 rem
916 1379 1043 1427 hanc
1069 1380 1252 1428 nemini
1274 1380 1704 1440 communicarem,
1731 1381 1818 1430 sed
1842 1387 2080 1434 secretam

303 1465 565 1513 retinerem
613 1469 661 1512 et
697 1464 979 1528 cogitarem,
1018 1465 1102 1512 SS.
1143 1467 1199 1512 D.
1231 1467 1286 1512 N.
1327 1480 1405 1512 me
1438 1481 1582 1529 super
1616 1465 1711 1514 hoc
1754 1465 2081 1530 interrogante

309 1548 437 1611 quod
465 1547 619 1610 magis
651 1546 931 1595 conveniret
959 1547 1020 1595 ad
1057 1547 1302 1607 eflectum,
1337 1548 1466 1610 quod
1486 1549 1577 1613 ‘SS.
1615 1551 1672 1596 D.
1705 1551 1760 1597 N.
1798 1565 1853 1598 ac
1880 1550 2009 1614 regi,
2035 1555 2083 1599 et

303 1632 487 1695 regine,
513 1647 568 1679 ac
590 1630 822 1678 cardinali
844 1630 1072 1694 predictis
1095 1631 1443 1680 satisfacerem.

370 1720 483 1766 Post
514 1717 625 1775 hec,
658 1718 743 1765 SS.
775 1719 832 1764 D.
865 1718 921 1765 N.
963 1716 1039 1764 die
1065 1715 1250 1764 sabbati
1281 1716 1535 1777 hodierna,
1575 1717 1736 1781 vigilia
1752 1722 2079 1782 pentecostes,

303 1802 449 1849 finitis
470 1800 700 1865 vesperis,
738 1800 928 1848 RRmis.
965 1802 1022 1848 D.
1052 1799 1374 1847 cardinalibus
1401 1800 1639 1864 premissa
1666 1802 1917 1865 proposuit
1939 1818 2083 1866 super

303 1885 535 1933 missione
565 1883 820 1932 cardinalis
848 1883 1024 1930 Montis
1058 1883 1247 1948 Regalis
1276 1888 1322 1932 et
1357 1884 1459 1948 ejus
1486 1884 1685 1932 introitu
1711 1888 1958 1948 tamquam
1980 1901 2085 1934 ora-

300 1972 416 2020 toris
452 1970 580 2033 regis
620 1974 667 2018 et
704 1968 869 2031 regine
906 1967 1260 2032 predictorum,
1298 1966 1396 2028 ubi,
1437 1966 1565 2015 inter
1602 1967 1713 2027 alia,
1756 1967 1939 2016 dictum
1972 1967 2077 2029 fuit,

298 2061 517 2120 tempore
540 2054 694 2103 felicis
716 2053 1065 2102 recordationis
1089 2051 1157 2099 Pii
1188 2065 1310 2115 pape
1339 2049 1557 2110 secundi,
1583 2050 2013 2100 Constanciensem
2035 2055 2081 2099 et

298 2140 670 2189 Atrebatensem
691 2142 807 2186 tunc
834 2136 1102 2185 cardinales
1124 2151 1271 2183 novos
1293 2134 1353 2182 ad
1374 2133 1553 2182 Urbem
1574 2122 1781 2194 venisse,
1807 2150 1862 2182 ac
1883 2134 2080 2183 nomine

297 2224 425 2285 regis
448 2225 743 2270 Francorum
773 2218 977 2284 predicti
1004 2233 1165 2266 veram
1188 2217 1516 2266 obedientiam
1537 2217 1824 2280 prestitisse,
1850 2220 2081 2281 Pragma-

301 2306 490 2368 ticeque
531 2303 778 2353 Sanctioni
818 2301 1155 2359 renunciasse;
1199 2300 1330 2364 quod
1369 2316 1479 2347 cum
1510 2283 1705 2348 'honori
1739 2304 1784 2349 et
1824 2301 2081 2350 commodo

301 2392 465 2436 sancte
485 2402 686 2436 romane
707 2385 923 2435 Ecclesie
945 2385 1205 2448 plurimum
1228 2384 1439 2444 cederet,
1464 2383 1513 2431 id
1534 2383 1601 2431 sic
1622 2383 1728 2433 fieri
1749 2399 1838 2448 per
1854 2385 2079 2434 eumdem

297 2473 435 2521 Pium
458 2471 724 2520 admissum
744 2471 910 2518 fuisse.

359 2555 433 2603 Ad
450 2555 543 2603 hec
566 2554 761 2602 adduxit
789 2557 953 2602 Rmus.
986 2553 1242 2602 cardinalis
1266 2554 1494 2602 Senensis
1524 2554 1654 2618 quod
1686 2570 1797 2602 cum
1818 2555 1935 2603 alias
1955 2559 2079 2604 tem-

296 2654 414 2702 pore
436 2638 589 2686 felicis
612 2637 963 2686 recordationis
998 2637 1181 2686 Nicolai
1199 2653 1322 2701 pape
1351 2639 1523 2703 quinti,
1556 2639 1895 2689 serenissimus
1917 2641 2078 2690 Fride-

296 2721 420 2770 ricus
470 2724 800 2769 Romanorum
838 2736 938 2781 rex,
984 2721 1130 2769 rebus
1177 2721 1380 2784 publicis
1416 2723 1791 2772 christianorum
1828 2725 2076 2788 providere

295 2804 595 2862 desiderans,
639 2804 818 2852 dietam
856 2804 1117 2853 Ratisbone
1167 2805 1387 2853 omnihus
1435 2806 1732 2870 principibus
1778 2807 1968 2872 imperii
2007 2808 2077 2856 in-

294 2887 509 2946 dixisset,
534 2902 590 2933 ac
610 2887 737 2935 bone
759 2887 995 2936 memorie
1024 2888 1317 2936 cardinalem
1350 2889 1502 2938 sancti
1531 2891 1658 2938 Petri
1688 2890 1748 2938 ad
1767 2891 1987 2951 Vincula,
2013 2892 2072 2940 de

295 2972 418 3018 Cusa
439 2974 793 3032 nuncupatum,
824 2970 873 3016 in
906 2972 1167 3019 Germania
1193 2976 1306 3020 tunc
1336 2972 1648 3032 residentem,
1678 2978 1730 3020 ut
1757 2974 1846 3021 sub
1869 2975 2074 3038 impera-

292 3053 409 3101 toris
431 3052 628 3101 nomine
651 3052 963 3100 Ratisbonam
985 3069 1035 3100 se
1058 3054 1335 3114 transferre,
1361 3060 1409 3103 et
1438 3055 1566 3104 diete
1590 3055 1685 3119 sive
1708 3058 2072 3121 congregationi

291 3134 570 3199 hujusmodi
610 3135 937 3198 procuratoris
978 3135 1175 3185 nomine
1218 3138 1434 3202 ejusdem
1481 3139 1788 3203 imperatoris
1823 3142 2070 3204 presidere

288 3219 431 3268 vellet
463 3235 550 3283 per
581 3235 692 3267 suas
727 3219 891 3267 literas
931 3223 977 3267 et
1018 3224 1234 3268 oratores
1274 3226 1510 3285 rogasset,
1552 3226 1599 3271 et
1635 3223 1764 3272 idem
1805 3227 1971 3273 Rmus.
2010 3228 2065 3274 D.

291 3302 547 3350 cardinalis
569 3302 628 3351 de
651 3305 776 3351 Cusa
797 3303 956 3352 sciens
984 3304 1032 3351 id
1060 3303 1162 3352 sine
1192 3304 1319 3352 sedis
1347 3306 1610 3369 apostolice
1636 3307 1831 3356 licentia
1852 3308 2065 3372 speciali,

292 3387 380 3434 sibi
426 3402 523 3434 non
554 3386 701 3435 licere
742 3402 797 3435 ac
836 3387 903 3435 illi
949 3387 1036 3436 soli
1078 3388 1275 3438 obedire
1315 3389 1511 3449 debere,
1560 3395 1817 3455 propterea
1853 3406 1903 3439 se
1939 3392 2065 3455 apud

293 3470 532 3535 prefatum
553 3471 895 3535 imperatorem
918 3478 1212 3535 excusasset,
1237 3474 1366 3523 idem
1391 3474 1656 3540 imperator
1672 3475 1803 3523 misit
1823 3475 1884 3524 ad
1903 3478 2067 3524 sancte
