2222 3926
323 381 393 417 280
932 375 1166 412 JOHANNIS
1199 373 1495 419 BURCHARDI,
1900 375 1983 414 [Mai
2004 375 2099 415 1496]

325 486 458 530 recta
478 497 628 544 usque
653 480 712 527 ad
731 479 927 526 domum
944 495 983 525 s.
1006 477 1267 525 Clementis
1284 474 1558 532 cardinalis,
1576 473 1656 520 ubi
1678 475 2102 524 transversavimus

323 566 384 614 ad
404 566 634 629 palatium
658 567 802 625 Pape,
826 562 907 624 qui
930 565 1059 608 stans
1081 560 1130 606 in
1146 559 1357 607 secunda
1368 572 1559 605 camera
1579 572 1665 621 per
1685 556 1946 605 fenestram
1962 559 2101 607 unius

321 649 522 714 portelle
555 646 840 694 semiclause
867 643 983 691 vidit
1011 658 1099 689 nos
1129 642 1392 689 venientes
1418 642 1537 688 Cum
1571 656 1787 689 essemus
1815 641 1940 690 intra
1969 642 2123 705 pala-·

326 733 460 789 tium,
490 733 617 792 Papa
650 727 840 774 intravit
883 725 943 773 ad
982 725 1139 772 aulam
1183 724 1464 787 pontificum
1508 724 1557 770 in
1597 723 1763 772 sedem
1806 725 2101 773 eminentem

321 814 498 861 ibidem
528 813 575 859 in
607 810 767 858 medio
801 810 928 872 apud
955 824 1145 856 murum
1174 807 1233 855 ad
1261 807 1503 855 sinistram
1527 806 1749 854 intrantis
1772 808 1859 854 sibi
1887 812 2102 871 paratam

321 912 431 944 cum
453 895 596 960 pallio
629 893 761 941 viridi
789 893 837 940 in
867 892 1032 955 figuris
1061 891 1318 939 Salvatoris
1349 895 1395 939 et
1421 908 1459 938 s.
1486 891 1669 938 Thome
1700 891 1873 953 digitos
1900 891 1949 938 in
1977 892 2102 939 latus

321 995 460 1027 suum
500 977 734 1025 mittentis
775 975 1061 1039 postergali,
1093 980 1140 1022 et
1179 974 1271 1022 alio
1312 975 1454 1021 simili
1491 990 1636 1038 supra
1674 974 1839 1022 sedem
1879 979 2099 1034 extenso,

320 1063 512 1119 sedens,
539 1060 766 1108 undecim
807 1059 1127 1107 cardinalibus
1167 1058 1216 1105 in
1250 1073 1418 1106 eorum
1458 1057 1619 1121 cappis
1660 1058 2099 1118 circumstantibuS,

316 1143 536 1191 videlicet
575 1158 584 1189 z
624 1158 662 1189 5.
701 1141 955 1200 Praxedis,
992 1140 1168 1187 Montis
1212 1139 1422 1202 Regalis,
1455 1139 1801 1198 Alexandrino,
1839 1155 1877 1186 5.
1916 1141 2098 1199 Crucis,

318 1225 677 1290 Segobricensi‚
693 1223 1007 1288 Agrigentino
1030 1228 1077 1271 et
1099 1223 1331 1270 Perusino
1354 1239 1381 1270 a
1402 1222 1598 1281 dextriS,
1618 1227 1665 1270 et
1685 1223 2097 1284 vicecancellario‚

317 1327 354 1357 s.
382 1309 621 1367 Severini,
646 1307 904 1358 Valentino
927 1310 974 1355 et
995 1306 1243 1365 Farnesio,
1268 1322 1296 1353 a
1314 1306 1534 1354 sinistris.
1558 1306 1841 1355 Intravimus
1863 1308 1922 1355 ad
1944 1307 2100 1356 aulam

316 1393 583 1456 predictam
607 1406 693 1454 per
723 1394 821 1438 tres
850 1389 981 1437 aulas
1004 1389 1288 1447 ordinarias,
1320 1404 1535 1437 cameras
1568 1390 1835 1452 paramenti
1862 1391 2100 1453 papagalli

317 1479 363 1523 et
384 1478 660 1538 sequentes.
690 1475 812 1520 Ante
844 1472 1106 1520 scabellum
1127 1472 1305 1535 pedum
1326 1474 1452 1534 Pape
1474 1476 1577 1520 erat
1597 1477 1818 1534 paratum
1838 1473 2098 1521 scabellum

317 1575 461 1622 super
491 1573 584 1621 quo
615 1557 799 1620 positus
822 1561 923 1604 erat
946 1556 1166 1603 cussinus
1195 1555 1254 1603 de
1282 1555 1509 1603 broccato
1538 1559 1586 1603 et
1614 1560 1726 1604 ante
1755 1556 1869 1603 illud
1896 1562 2100 1619 quatuor

315 1642 494 1690 cussini
517 1641 725 1704 majores
749 1640 807 1688 de
829 1640 1004 1687 velluto
1028 1639 1300 1687 cremesino
1329 1639 1376 1685 in
1407 1643 1603 1697 terram,
1628 1640 1676 1687 in
1698 1642 1896 1689 modum
1918 1644 2093 1691 crucis.

317 1727 373 1772 D.
406 1724 674 1782 Goffredus,
700 1722 826 1770 facta
848 1725 974 1785 Pape
1002 1721 1270 1769 reverentia
1292 1721 1448 1779 solita,
1475 1722 1719 1770 osculatus
1751 1728 1824 1771 est
1844 1724 2018 1787 pedem
2051 1731 2096 1773 et

318 1824 517 1856 manum
551 1811 694 1870 Pape,
721 1812 767 1854 et
796 1809 924 1869 Papa
952 1804 1133 1867 recepit
1152 1809 1294 1867 caput
1317 1804 1431 1852 dicti
1460 1807 1518 1852 D.
1545 1806 1751 1855 Goffredi
1780 1807 1905 1855 inter
1932 1808 2097 1856 ambas

317 1907 489 1939 manus
510 1907 637 1950 suaS‚
658 1895 704 1939 et
720 1893 860 1953 caput
884 1889 973 1936 sibi
994 1888 1254 1947 inclinavit,
1274 1888 1360 1935 sed
1377 1904 1472 1936 non
1493 1893 1565 1937 est
1582 1889 1903 1938 deosculatus.
1924 1893 2099 1940 Secuta

317 1979 389 2024 est
415 1974 589 2022 Sancia
619 1990 753 2032 uxor,
779 1988 871 2036 que
898 1973 1117 2020 similiter
1136 1972 1311 2036 pedem
1335 1977 1382 2019 et
1400 1986 1598 2019 manum
1622 1974 1747 2035 Pape
1770 1975 1843 2020 est
1863 1973 2094 2032 osculata,

316 2063 361 2107 et
400 2059 543 2106 simili
582 2059 726 2106 modo
769 2058 874 2121 ejus
910 2060 1053 2120 caput
1094 2056 1220 2103 inter
1255 2072 1425 2103 manus
1461 2071 1570 2103 suas
1603 2056 1799 2119 recepit.
1837 2058 1958 2104 Item
1985 2057 2097 2105 fecit

316 2142 541 2190 Lucretia
559 2141 674 2199 filia,
702 2156 794 2203 que
816 2139 917 2203 pari
934 2139 1079 2187 modo
1101 2155 1129 2186 a
1150 2141 1276 2202 Papa
1299 2142 1370 2186 est
1389 2143 1600 2202 recepta.
1626 2138 1808 2186 Deinde
1832 2141 1889 2186 D.
1916 2139 2098 2187 Goffre-

316 2225 403 2273 dus
427 2224 642 2288 singulos
669 2223 936 2271 cardinales
966 2223 1188 2281 accessit,
1210 2222 1483 2285 incipiendo
1505 2238 1533 2269 a
1553 2238 1591 2269 5.
1619 2221 1844 2268 Praxedis
1863 2226 1910 2270 et
1932 2222 2096 2285 singu-

313 2308 471 2356 lorum
511 2323 682 2354 manus
715 2306 1021 2354 deosculatus
1053 2310 1142 2365 est,
1175 2310 1222 2353 et
1251 2305 1425 2368 singuli
1472 2306 1628 2368 ipsum
1655 2306 1716 2353 ad
1749 2306 1844 2353 oris
1874 2307 2093 2354 osculum

315 2394 618 2454 receperunt.
646 2392 822 2437 Secuta
840 2393 912 2437 est
933 2389 1089 2451 ipsum
1113 2388 1286 2436 Sancia
1307 2404 1397 2451 que
1421 2388 1640 2436 similiter
1660 2405 1858 2437 manum
1880 2390 2096 2438 cardina-

315 2474 432 2521 lium
454 2473 734 2522 deosculata
755 2476 842 2531 est,
868 2477 915 2519 et
943 2471 1212 2519 cardinales
1235 2472 1340 2535 ejus
1370 2475 1512 2535 caput
1534 2472 1584 2518 in
1606 2487 1775 2519 manus
1803 2473 2094 2536 recipientes

316 2573 423 2604 eam
446 2556 582 2619 quasi
602 2555 1022 2613 deosculabantur,
1047 2555 1145 2602 filia
1167 2558 1292 2618 Pape
1320 2554 1515 2602 interim
1545 2570 1710 2602 coram
1731 2571 1788 2603 eo
1811 2560 1983 2604 stante.
2010 2556 2094 2603 His

315 2641 471 2699 factis,
504 2643 561 2688 D.
600 2639 852 2687 Goffredus
878 2639 1007 2687 stetit
1029 2638 1155 2686 inter
1185 2637 1455 2686 cardinales
1486 2654 1525 2685 5.
1558 2639 1773 2686 Severini
1802 2643 1849 2687 et
1877 2638 2093 2689 Valenti-

315 2739 447 2781 num,
470 2722 668 2770 fratrem
701 2738 867 2779 suum;
900 2725 946 2769 et
975 2723 1197 2770 Lucretia
1229 2722 1352 2770 sedit
1387 2738 1532 2785 super
1561 2723 1809 2770 cussinum
1840 2723 1888 2770 in
1907 2727 2048 2771 terra
2067 2740 2095 2772 a

316 2805 517 2869 sinistris
539 2805 779 2868 pontificis
804 2809 851 2852 et
881 2805 1054 2852 Sancia
1083 2821 1229 2869 super
1259 2805 1389 2852 aliud
1415 2806 1662 2852 cussinum
1690 2805 1737 2851 in
1758 2810 1887 2853 terra.
1906 2821 1935 2853 a
1958 2806 2094 2854 sinis-

315 2887 399 2934 tris
439 2887 698 2950 pontificis,
737 2892 784 2935 et
824 2889 1054 2937 mulieres
1094 2889 1185 2937 alie
1232 2904 1418 2948 omnes,
1456 2889 1528 2936 vel
1567 2889 1702 2951 quasi
1743 2889 2003 2938 existentes
2042 2891 2090 2937 in

317 2970 543 3018 societate
574 2970 918 3033 predictarum,
953 2977 1190 3020 venerunt
1222 2973 1281 3019 ad
1314 2972 1533 3020 osculum
1570 2972 1706 3035 pedis
1741 2974 1886 3035 Pape.
1921 2974 2093 3022 Habita

316 3054 461 3101 etiam
485 3058 595 3102 sunt
624 3054 762 3118 plura
780 3054 926 3102 verba
948 3054 1071 3102 inter
1093 3057 1271 3118 Papam
1298 3058 1346 3103 et
1375 3055 1597 3103 Sanciam
1616 3059 1664 3104 et
1691 3057 1960 3105 Lucretiam
1989 3059 2091 3122 ejus

315 3137 461 3184 filiam
480 3138 649 3200 jocosa
670 3142 717 3185 et
740 3136 925 3185 risoria.

383 3220 464 3267 His
497 3221 721 3283 peractis,
753 3224 1060 3270 recesserunt
1087 3223 1143 3268 D.
1182 3220 1433 3268 Goffredus
1474 3220 1647 3268 Saucia
1682 3225 1730 3270 et
1769 3223 2006 3282 Lucretia,
2044 3227 2091 3272 et

315 3303 393 3351 alii
429 3319 616 3362 omneS‚
642 3306 770 3368 Papa
803 3305 850 3351 in
881 3304 1008 3352 dicta
1038 3304 1144 3351 aula
1174 3303 1358 3362 relicto,
1391 3307 1438 3351 et
1467 3319 1525 3352 eo
1555 3304 1722 3353 ordine
1752 3322 1846 3369 quo
1874 3307 2090 3354 venimus

315 3386 627 3449 equitavimus
656 3403 804 3450 usque
832 3388 891 3435 ad
923 3388 1121 3435 domum
1153 3386 1267 3435 olim
1297 3387 1551 3435 cardinalis
1579 3388 1839 3436 Aleriensis
1866 3403 1953 3452 pro
1973 3389 2088 3436 hos-

316 3469 430 3533 pitio
453 3474 500 3519 et
520 3470 797 3533 receptione
821 3474 877 3518 D.
902 3471 1111 3519 Goffredi
1127 3475 1174 3519 et
1196 3472 1367 3519 Sancie
1385 3470 1737 3535 predictorum3
1763 3471 1859 3534 qui,
1883 3471 2088 3535 peractis
