2222 3926
338 339 408 375 332
945 336 1179 374 JOHANNIS
1212 334 1506 374 BURCHARDI.
1774 335 1995 378 [Septembre
2016 338 2111 377 1496]

407 441 495 490 Die
522 440 652 500 lune,
681 442 706 488 3
731 439 915 488 mensis
942 439 1171 497 octobris,
1196 438 1530 486 serenissimus
1558 453 1640 485 rex
1660 437 1771 485 fecit
1789 437 2043 499 prandium
2063 439 2112 487 in

337 525 447 574 villa
476 522 639 587 Campi
669 523 751 570 ubi
782 522 1046 585 expectavit
1076 521 1332 568 adventum
1358 519 1666 568 illustrissimi
1695 520 1875 568 Alberti
1907 523 2110 571 Saxonie

337 608 490 668 ducis,
517 606 755 670 capitanei
781 604 853 651 sui
874 603 1130 667 generalis,
1155 618 1265 650 cum
1285 617 1345 650 Dc
1369 602 1625 665 equitibus,
1649 603 1723 651 vel
1744 603 1888 663 circa,
1917 603 2113 652 venien-

338 692 464 740 tibus
489 690 570 753 qui
592 689 763 737 eadem
782 688 857 734 die
874 686 1020 745 venit,
1042 690 1090 734 et
1108 701 1217 733 cum
1240 685 1547 734 serenissimo
1569 701 1683 749 rege
1704 686 1889 749 prefato
1908 689 2111 734 Januam

341 773 584 837 equitavit,
621 771 702 818 ubi
738 770 787 817 in
829 769 1045 818 sacristia
1077 769 1280 817 ecclesie
1317 769 1704 832 metropolitane,
1747 769 1867 832 regi,
1911 769 2110 818 ducibus

338 856 552 921 prefatis,
574 854 694 902 mihi
720 857 766 902 et
787 852 1010 901 omnibus
1030 852 1207 900 ibidem
1228 852 1559 911 existentibus,
1584 867 1785 915 quorum
1807 856 1970 901 tamen
1990 853 2112 901 ultra

338 956 435 988 non
470 941 622 996 erant,
662 952 752 985 nec
785 939 855 984 tot
887 936 1098 999 quidem,
1142 940 1363 983 ostensus
1406 935 1490 983 fuit
1529 935 1716 983 catinus
1759 934 1856 983 sive
1893 937 2110 999 paropsis

338 1023 512 1071 Christi
540 1022 587 1069 in
609 1035 703 1083 quo
731 1020 843 1068 fecit
872 1020 1087 1068 ultimam
1116 1035 1286 1067 cenam
1315 1034 1424 1066 cum
1447 1018 1690 1081 discipulis
1719 1019 1818 1067 suis
1843 1019 1924 1083 qui
1945 1019 2111 1067 inesti-

336 1105 523 1153 mabilis
551 1104 691 1168 pretii
723 1107 830 1152 esse
862 1103 1051 1163 dicitur,
1080 1103 1319 1166 longeque
1352 1102 1458 1165 plus
1485 1102 1645 1150 valere
1673 1119 1818 1166 quam
1847 1103 1996 1167 possit
2025 1119 2112 1167 per

336 1203 674 1252 quemcunque
697 1187 910 1235 estimari
930 1203 938 1234 :
960 1191 1032 1234 est
1054 1190 1215 1234 autem
1238 1185 1424 1233 catinus
1452 1185 1553 1249 ipse
1574 1186 1694 1250 lapis
1717 1187 2000 1250 smaragdus
2022 1187 2108 1252 (1).

399 1272 619 1322 Vidimus
638 1271 780 1319 etiam
800 1271 1127 1334 superioribus
1146 1269 1333 1328 diebus,
1356 1285 1466 1317 cum
1486 1269 1663 1318 fuimus
1681 1271 1889 1331 Muncie,
1911 1272 1959 1319 in
1981 1272 2112 1335 prin-

339 1355 555 1419 cipaliori
593 1353 797 1402 ecclesia
833 1353 1011 1401 ibidem
1049 1367 1140 1415 que
1178 1351 1557 1414 collegiataest,
1588 1353 1799 1415 pretiosa
1829 1357 2114 1402 ornamenta

341 1438 464 1486 illius
485 1442 531 1487 et
548 1437 750 1501 Jocalia;
776 1437 971 1500 pallium
998 1435 1159 1483 altaris
1181 1439 1482 1498 argenteum,
1514 1450 1682 1483 cruces
1711 1438 1757 1482 et
1785 1439 1882 1483 tres
1910 1451 2112 1484 coronas

340 1537 511 1569 aureas
538 1536 648 1569 cum
679 1521 843 1568 multis
872 1520 1110 1583 lapidibus
1140 1519 1382 1582 pretiosis,
1416 1518 1642 1581 gallinam
1675 1534 1818 1566 unam
1847 1534 2044 1567 auream
2066 1524 2112 1568 et

341 1604 618 1668 quantitatis
647 1603 916 1651 communis
948 1603 1141 1666 galline,
1175 1607 1361 1665 septem
1388 1602 1545 1665 pullos
1573 1617 1744 1650 aureos
1773 1602 1954 1652 circum
1985 1602 2110 1651 circa

340 1704 390 1736 se
420 1687 682 1736 habentem
712 1689 760 1735 in
790 1687 951 1736 tabula
978 1701 1141 1744 aurea,
1172 1685 1328 1749 capita
1354 1685 1402 1732 in
1431 1685 1550 1732 solio
1569 1684 1728 1732 tabule
1751 1688 1974 1733 tenentes
1996 1700 2052 1733 ac
2075 1686 2113 1733 si

305 1764 309 1768 ’
340 1770 653 1818 comederent
687 1770 781 1818 sive
810 1785 1012 1833 granum
1033 1773 1313 1832 quererent3
1340 1783 1515 1831 cappas
1535 1782 1724 1825 aureas,
1745 1766 1922 1814 calices
1941 1782 2113 1816 aureos

342 1859 389 1901 et
416 1854 508 1901 alia
536 1869 650 1901 vasa
677 1853 1012 1916 reliquiarum3
1039 1853 1155 1900 item
1183 1857 1229 1900 et
1259 1867 1406 1899 unum
1439 1851 1703 1915 zaphyrum
1733 1850 1781 1897 in
1811 1850 1971 1898 medio
1998 1866 2116 1900 con-

341 1938 540 1986 charum
577 1937 638 1984 ad
680 1936 877 1984 modum
912 1936 1125 1984 hostarie
1160 1934 1472 1999 longitudinis
1508 1938 1714 1997 quatuor
1749 1934 2006 1998 digitorum
2043 1936 2120 1984 velv

341 2022 469 2070 circa
491 2025 537 2069 et
559 2020 824 2069 altitudinis
847 2020 1058 2068 duorum'
1077 2019 1336 2083 digitorum
1365 2023 1412 2067 et
1433 2019 1571 2078 ultra,
1597 2019 1717 2068 mire
1743 2019 2113 2082 pulchritudinis

341 2104 390 2151 in
419 2104 582 2152 colore
608 2120 617 2151 ε
643 2119 736 2166 que
765 2104 927 2151 omnia
952 2103 1146 2152 fuerunt
1172 2103 1329 2153 eidem
1357 2102 1561 2151 ecclesie
1591 2118 1677 2166 per
1703 2103 1962 2166 quamdam
1990 2103 2115 2166 regi.-

342 2204 454 2236 nam
476 2187 655 2235 ibidem
678 2188 914 2251 sepultam
935 2187 1133 2245 dudum,
1160 2187 1351 2235 donata.

409 2271 548 2318 Feria
571 2274 722 2329 sexta,
749 2273 807 2318 23
831 2271 1134 2334 septembris,
1160 2274 1466 2318 recesserunt
1491 2281 1549 2318 ex‘
1568 2269 1830 2333 Viglevano
1851 2270 2115 2319 illustrissi-

343 2372 450 2404 mus
473 2356 569 2403 dux
599 2359 646 2402 et
669 2354 859 2402 ducissa
878 2354 1155 2413 Mediolani,
1188 2354 1299 2402 ituri
1327 2356 1603 2402 Tortonam.
1638 2357 2046 2404 Pernoctaverunt
2067 2356 2115 2403 in

392 2506 424 2541 1.
453 2504 503 2540 Le
523 2502 767 2548 Saint-Graal,
791 2517 810 2536 «
830 2514 918 2539 vase
935 2502 1267 2551 prodigieusement
1280 2502 1419 2538 celebre
1439 2514 1485 2538 au
1504 2514 1635 2551 moyen
1656 2505 1738 2551 age,
1761 2502 1852 2540 dans
1873 2502 1990 2552 lequel
2009 2506 2118 2542 Jesus

344 2565 383 2601 tit
408 2564 442 2600 la
468 2562 578 2608 Cene,
607 2561 668 2610 qui
696 2561 808 2598 servit
833 2564 850 2596 a
875 2561 1012 2608 Joseph
1044 2560 1278 2597 d’Arimathie
1304 2572 1396 2608 pour
1421 2560 1597 2597 recueillir
1624 2561 1655 2597 16
1687 2573 1783 2610 sang
1807 2562 1869 2610 qui
1894 2563 2028 2601 coulait
2051 2564 2117 2601 des

343 2624 457 2673 plaies
477 2623 526 2658 du
546 2621 682 2666 Christ,
705 2625 740 2657 et
759 2620 832 2668 qui,
853 2623 958 2668 apres
979 2620 1078 2657 avoir
1092 2620 1156 2656 fait
1174 2621 1239 2656 des
1252 2621 1416 2657 miracles
1437 2633 1480 2657 en
1502 2622 1610 2658 Terre
1624 2622 1762 2665 Sainte,
1785 2625 1806 2659 a
1820 2623 1944 2668 Rome,
1958 2627 1995 2660 et
2015 2624 2116 2661 selon

343 2682 516 2727 d’autres,
539 2682 630 2717 dans
649 2681 681 2716 la
709 2679 1068 2727 Grande-Bretagne,
1092 2680 1260 2716 semblait
1284 2681 1398 2729 perdu
1425 2680 1569 2729 lorsque
1597 2682 1688 2718 dans
1708 2681 1740 2718 Ie
1762 2694 1823 2718 sac
1843 2683 1887 2719 de
1911 2682 1945 2719 la
1969 2683 2053 2721 ville
2072 2684 2117 2720 de

346 2742 514 2785 Cesaree,
537 2752 579 2776 en
604 2741 709 2784 1102,
731 2738 829 2775 illut
854 2743 1035 2785 retrouve,
1057 2739 1181 2776 devint
1205 2739 1237 2776 le
1263 2745 1412 2788 partage
1435 2741 1499 2776 des
1528 2740 1661 2778 Genois
1688 2746 1724 2778 61
1747 2742 1908 2790 pendant
1934 2742 2117 2791 plusieurs

345 2800 475 2836 siaeles
503 2800 557 2834 fut
580 2802 721 2835 montre
748 2811 820 2835 aux
846 2798 972 2835 fideles
997 2799 1040 2834 de
1066 2799 1205 2847 l'eglise
1231 2799 1435 2835 cathedrale
1465 2800 1509 2835 de
1532 2800 1651 2836 Genes
1680 2812 1767 2836 sous
1787 2800 1820 2837 le
1840 2813 1924 2838 nom
1943 2803 1988 2838 de
2008 2803 2117 2838 Sacro

345 2861 484 2896 Catina.
508 2858 728 2906 Transporte
749 2860 770 2893 6
790 2857 908 2903 Paris,
931 2860 952 2894 6
978 2857 1142 2906 l'epoque
1163 2859 1228 2894 des
1249 2870 1398 2905 guerres
1419 2863 1455 2894 et
1474 2862 1673 2906 conquetes
1693 2860 1738 2896 de
1764 2859 1798 2896 la
1816 2860 2049 2906 Revolution,
2070 2871 2117 2897 on

344 2917 537 2955 l'examina
550 2921 586 2953 61
606 2927 652 2952 on
673 2916 862 2952 demontra
882 2928 968 2953 sans
990 2917 1182 2953 difficultes
1203 2917 1288 2964 qu'il
1314 2917 1439 2954 n'etait
1459 2929 1525 2964 pas
1546 2917 1640 2954 taille
1660 2918 1753 2954 dans
1779 2931 1851 2955 une
1874 2919 2118 2968 gigantesque

346 2977 551 3022 emeraucle‚
572 2975 663 3012 mais
685 2974 749 3011 fait
770 2976 814 3010 (16
834 2987 950 3020 verre,
967 2976 1083 3012 colore
1104 2976 1189 3012 d'un
1205 2977 1297 3012 beau
1311 2981 1401 3021 vert,
1423 2981 1458 3013 61
1477 2976 1511 3012 16
1529 2977 1639 3013 forme
1660 2978 1766 3025 qu'en
1782 2978 1901 3014 donne
1916 2978 1950 3014 la
1965 2979 2118 3027 planche

344 3037 440 3074 alors
460 3035 604 3084 publiee
623 3034 688 3070 fait
707 3033 819 3070 croire
840 3034 926 3082 qu'il
947 3039 1004 3071 est
1025 3035 1200 3082 d'origine
1221 3035 1412 3083 antique...
1438 3051 1456 3069 «
1479 3036 1531 3072 De
1552 3048 1638 3072 sanc
1660 3036 1669 3071 i
1690 3036 1785 3074 avoit
1798 3037 1847 3074 tel
1868 3037 1989 3086 plante
2012 3039 2118 3084 (dans

344 3097 378 3134 la
402 3097 576 3143 mosquee
605 3095 649 3130 de
676 3094 846 3140 Cesaree)
873 3105 943 3140 que
975 3093 1045 3129 l'en
1072 3094 1083 3129 i
1106 3095 1252 3131 avenoit
1272 3095 1428 3143 jusques
1455 3095 1488 3131 el
1519 3095 1642 3132 milieu
1667 3096 1711 3132 de
1732 3096 1767 3133 16
1781 3097 1922 3145 jambe3
1945 3097 2118 3134 hideuses

344 3155 501 3191 estoient
526 3166 547 3190 a
571 3153 671 3190 veoir
691 3152 875 3189 enscmble
901 3156 1021 3189 toutes
1049 3165 1139 3200 genz
1159 3153 1313 3191 occisas.
1336 3155 1387 3190 La
1412 3154 1550 3191 dedens
1570 3155 1607 3191 fu
1634 3160 1778 3193 trouvez
1798 3168 1867 3193 uns
1887 3156 2055 3194 vessiaus
2075 3157 2119 3193 de

343 3214 479 3262 pierres
499 3225 582 3250 vers
603 3217 639 3249 et
659 3211 772 3248 cleres
800 3223 918 3257 assez,
940 3212 984 3248 de
1011 3215 1089 3260 trop
1118 3217 1226 3260 grant
1251 3212 1386 3259 biaute,
1408 3213 1459 3249 fez
1487 3214 1632 3251 aussint
1653 3226 1790 3252 comme
1812 3227 1889 3263 ung
1907 3215 2116 3253 taellouerS.

342 3274 381 3310 Li
403 3272 582 3309 Genevois
601 3271 801 3308 cuidierent
825 3275 860 3307 61
880 3270 1026 3308 0111(16111
1045 3283 1174 3308 encore
1197 3283 1265 3319 que
1286 3284 1326 3308 ce
1351 3272 1423 3310 soit
1446 3274 1722 3312 esmeraude....
1747 3273 1793 3310 Ils
1811 3273 2080 3322 l'emporterent
2099 3286 2120 3310 a

340 3332 415 3368 leur
441 3331 508 3367 cite
535 3331 701 3367 mistrent
728 3342 773 3366 en
806 3331 839 3366 la
865 3334 996 3367 mestre
1023 3330 1143 3379 yglise
1169 3342 1214 3367 ou
1247 3331 1300 3368 ele
1333 3337 1390 3369 est
1422 3344 1564 3370 encore.
1597 3335 1724 3380 (Trad.
1753 3345 1834 3371 ane.
1869 3333 1914 3370 de
1948 3332 2043 3370 Guil.
2072 3333 2120 3369 de

338 3390 438 3438 Tyr).
466 3405 483 3422 »
514 3391 563 3426 De
587 3389 764 3435 Laborde,
791 3390 917 3427 Notice
947 3391 1007 3427 des
1034 3394 1206 3428 emaum...
1236 3392 1286 3427 du
1318 3394 1438 3428 Museo»
1468 3393 1518 3428 (ἰιι
1544 3394 1694 3438 Louvrc,
1723 3396 1750 3430 1.
1774 3393 1821 3438 Il,
1851 3404 1886 3441 p.
1915 3392 1997 3429 333.
2020 3391 2115 3440 Voy.

340 3451 479 3486 Leroux
502 3450 545 3485 (16
566 3449 691 3496 Lincy,
715 3450 873 3485 Histoire
887 3451 929 3485 de
950 3451 1109 3494 t’abbaye
1130 3451 1173 3486 (te
1197 3452 1356 3496 Fe'camp,
1379 3451 1483 3498 chap.
1509 3464 1595 3489 iii-v.
