2216 3886
271 279 341 314 528
878 277 1112 314 ιῘΟΙ-ΙΑΝΝΙΞ
1146 276 1443 320 BURCHARDI,
1826 276 1937 316 [Avril
1960 278 2054 317 1499]

339 379 476 427 Feria
505 379 734 437 secunda,
770 383 828 426 29
863 379 1048 443 aprilis,
1079 379 1167 427 fuit
1201 376 1543 426 consistorium
1578 381 1837 435 secretum,
1874 378 1923 424 in
1956 393 2049 441 quo

276 464 361 511 SS.
387 467 445 511 D.
475 466 531 511 N.
559 462 759 511 absolvit
789 466 981 510 Rmum.
1012 464 1069 509 D.
1088 460 1392 508 ‘cardinalem
1420 461 1719 506 Gurcensem
1740 457 1927 507 vinculo
1959 475 2053 522 quo

275 547 527 594 tenebatur
560 545 764 594 ecclesie
787 562 826 592 s.
851 545 1020 594 Vitalis
1043 543 1101 590 de
1130 543 1258 591 Urbe
1288 547 1336 591 et
1357 540 1713 590 commendavit
1742 539 1831 587 sibi
1860 555 1984 600 eam,
2007 546 2054 590 et

272 630 425 677 evexit
448 627 651 677 ecclesie
673 627 812 676 beate
835 627 984 675 Marie
1013 629 1143 674 Nove
1163 625 1213 673 in
1240 625 1497 674 ecclesiam
1524 628 1572 673 et
1591 623 1782 672 titulum
1803 624 2055 688 presbyte-

272 712 436 770 ralem,
472 715 519 759 et
555 710 686 758 dedit
721 726 828 759 eam
863 709 953 758 sibi
989 710 1039 756 in
1073 709 1265 758 titulum
1302 724 1412 757 cum
1446 707 1805 772 dispensatione
1843 706 1902 754 de
1936 707 2054 756 reti-

270 794 448 852 nendo,
465 797 517 841 ut
530 793 662 856 prius
681 793 938 841 ecclesiam
958 795 1278 852 Gurcensem,
1294 797 1341 840 et
1363 808 1662 855 quecumque
1682 792 1776 840 alia
1789 791 2044 841 beneficia.

296 879 300 881 ’
336 877 515 925 Eadem
548 876 641 934 die,
674 877 803 924 circa
831 876 1004 924 horam
1032 892 1132 934 xvi,
1162 876 1212 923 in
1245 875 1422 940 palatio
1454 875 1591 924 solite
1626 875 1887 924 residentie
1920 874 2045 923 Rmi.

270 963 326 1007 D.
361 959 616 1008 cardinalis
644 960 962 1024 Neapolitani,
998 959 1115 1008 obiit
1148 962 1204 1007 R.
1241 961 1296 1007 D.
1322 959 1567 1007 Johannes
1589 959 1860 1018 Malatesta,
1897 958 2045 1007 abbas
2073 990 2076 992 -

270 1061 308 1091 s.
335 1043 586 1092 Gaudentii
615 1048 750 1092 extra
776 1059 941 1091 muros
973 1043 1321 1102 Ariminenses,
1347 1042 1527 1090 ordinis
1551 1059 1589 1090 s.
1615 1042 1884 1102 Benedicti,
1906 1042 2046 1106 cujus

269 1143 442 1190 corpus
465 1127 591 1175 circa
610 1127 781 1175 horam
803 1131 862 1174 24
892 1127 1113 1191 ejusdem
1145 1126 1239 1175 diei
1261 1131 1505 1191 portatum
1532 1126 1622 1174 fuit
1648 1142 1676 1174 a
1707 1125 1936 1174 fratribus
1958 1124 2050 1172 Mi-

267 1226 409 1259 nerve
431 1211 479 1258 in
503 1210 759 1259 ecclesiam
782 1214 1044 1259 conventus
1068 1210 1352 1259 eorumdem
1377 1214 1424 1258 et
1444 1209 1624 1258 ibidem
1645 1209 1872 1273 positum.
1896 1211 2051 1257 Inter-

268 1295 461 1342 fuerunt
490 1294 659 1343 fratres
693 1294 879 1343 Araceli
915 1297 963 1342 et
996 1310 1035 1342 s.
1071 1293 1344 1357 Augustini,
1380 1297 1427 1342 et
1461 1293 1619 1342 clerus
1651 1309 1690 1340 s.
1729 1292 1975 1341 Laurentii
2005 1293 2054 1341 in

270 1381 500 1438 Damaso,
533 1378 621 1426 sub
661 1379 796 1442 cujus
835 1377 1065 1441 parochia
1101 1376 1272 1424 domus
1310 1377 1514 1441 predicti
1555 1376 1811 1424 cardinalis
1847 1392 1876 1424 a
1915 1381 2052 1440 parte

268 1461 497 1511 anteriori
518 1461 774 1509 constituta
797 1465 888 1520 est,
909 1476 937 1508 a
956 1464 1088 1524 parte
1107 1459 1362 1524 posteriori
1382 1475 1495 1508 vero
1518 1459 1606 1507 sub
1623 1459 1855 1524 parochia
1875 1475 1914 1506 s.
1933 1461 2054 1507 Pan-

268 1546 470 1594 taleonis
491 1562 500 1605 ;
527 1546 695 1609 quibus
718 1546 826 1594 date
848 1546 1043 1594 fuerunt
1074 1545 1292 1606 candele,
1317 1560 1453 1594 more
1477 1545 1638 1603 solito,
1663 1544 1713 1591 in
1741 1544 1870 1591 exitu
1892 1543 1950 1591 de
1973 1542 2056 1590 illa

271 1629 432 1677 domo.
459 1629 781 1677 Interfuerunt
802 1629 948 1678 etiam
974 1629 1153 1677 familie
1176 1629 1300 1676 Rmi.
1326 1631 1384 1676 D.
1409 1627 1663 1677 cardinalis
1684 1626 2050 1685 Recanatensis,

267 1730 307 1760 s.
333 1713 498 1761 Crucis
534 1718 582 1760 et
615 1729 654 1760 s.
681 1713 912 1761 Severini.
946 1712 1232 1771 Defunctus,
1262 1716 1456 1775 paratus
1489 1711 1623 1775 [erat]
1656 1710 1880 1758 omnibus
1912 1725 2054 1773 para-

267 1796 443 1845 mentis
474 1796 831 1860 pontificalibus
862 1795 1062 1843 violacei
1094 1795 1270 1843 coloris
1302 1799 1349 1843 et
1373 1795 1515 1842 mitra
1544 1793 1680 1853 alba;
1714 1797 2056 1858 precesserunt

263 1879 506 1928 intorticia
530 1896 673 1939 xxxx,
698 1883 886 1943 portata
909 1894 996 1943 per
1024 1878 1282 1926 familiares
1303 1878 1426 1926 Rmi.
1451 1880 1507 1925 D.
1533 1877 1789 1926 cardinalis
1826 1875 2054 1940 Neapoli-

269 1963 392 2022 tani;
426 1963 566 2010 funus
595 1963 921 2026 sequebantur
947 1978 1031 2011 sex
1050 1962 1245 2021 funesti,
1270 1978 1392 2009 unus
1413 1965 1523 2026 post
1549 1960 1713 2021 alium,
1745 1964 1797 2009 et
1816 1959 1922 2008 illos
1943 1975 2056 2023 pre-

268 2046 367 2106 lati,
392 2046 488 2095 bini
518 2051 566 2094 et
586 2046 704 2105 bini,
730 2061 900 2095 omnes
921 2045 1189 2110 pedestres.
1213 2048 1265 2092 In
1289 2045 1440 2093 choro
1465 2044 1679 2092 Minerve
1715 2046 2057 2092 recusaverunt

266 2130 440 2178 fratres
459 2130 670 2178 Minerve
692 2145 750 2178 ex
772 2130 934 2178 debito
950 2134 1144 2193 portare
1166 2129 1327 2188 funus,
1355 2128 1440 2177 sed
1453 2128 1634 2176 'intuitu
1658 2127 1783 2175 Rmi.
1811 2131 1875 2176 D.
1899 2127 2055 2176 cardi-

265 2214 402 2272 nalis,
428 2214 717 2277 protectoris
739 2228 925 2272 eorum,
952 2212 1000 2260 in
1022 2228 1115 2276 quo
1138 2228 1221 2261 eos
1247 2212 1421 2276 arguit,
1446 2227 1557 2261 cum
1575 2211 1637 2260 ad
1657 2225 1741 2259 eos
1763 2210 1924 2259 debite
1946 2225 2053 2273 per-

264 2296 415 2343 tineat
436 2295 577 2342 funus
603 2294 809 2343 deferre.

327 2381 578 2428 Venerunt
599 2394 719 2426 nove
744 2378 820 2426 his
848 2378 1018 2427 diebus
1042 2378 1277 2426 illustrem
1313 2377 1583 2437 Herculem,
1610 2377 1785 2426 ducem
1813 2376 2048 2436 Ferrarie,

264 2466 492 2525 tanquam
528 2463 758 2511 arbitrum
799 2478 887 2526 per
924 2461 1195 2510 dominium
1234 2465 1532 2511 Venetorum
1569 2464 1616 2509 et
1659 2461 2052 2515 Florentinorum

266 2545 512 2593 communi
543 2561 784 2594 consensu
818 2546 1057 2604 electum3
1090 2545 1347 2609 probatum
1381 2544 1530 2592 fuisse
1562 2550 1610 2593 et
1639 2544 1890 2592 laudatum
1922 2544 2052 2607 quod

266 2629 424 2677 Pisani
456 2621 620 2677 essent
638 2629 794 2688 liberi,
815 2629 882 2678 ita
911 2634 1074 2678 tamen
1100 2629 1231 2693 quod
1258 2615 1405 2676 unum
1436 2644 1495 2676 ex
1526 2628 1819 2677 Florentinis
1852 2628 2050 2691 singulis

266 2713 401 2761 annis
422 2714 724 2777 postularent
749 2714 798 2761 in
829 2713 1042 2762 civilibus
1064 2716 1112 2761 et
1138 2712 1284 2760 alium
1314 2712 1363 2759 in
1392 2711 1737 2772 criminalibus,
1754 2700 1943 2775 judices
1967 2728 1977 2771 ;
2003 2716 2050 2759 et

266 2795 303 2842 si
327 2796 440 2858 quid
470 2797 711 2844 redituum
734 2797 864 2860 quod
892 2813 990 2844 non
1019 2812 1106 2860 pro
1136 2796 1424 2844 necessitate
1457 2795 1675 2843 Pisarum
1707 2795 2047 2843 exbursaretur

267 2885 559 2940 superesset,
585 2879 872 2927 Florentinis
893 2879 1237 2942 assignaretur.
1264 2881 1434 2926 Portus
1463 2878 1656 2941 Ligurie
1685 2877 1905 2925 similiter
1923 2876 2046 2925 liber

267 2965 423 3020 esset,
448 2977 584 3010 arces
604 2965 766 3011 tamen
788 2965 836 3010 et
857 2961 1052 3009 castella
1072 2961 1121 3007 in
1147 2965 1387 3024 potestate
1409 2961 1801 3009 Florentinorum
1824 2975 2047 3009 remane·-

268 3050 393 3103 rent,
431 3049 479 3093 et
511 3045 776 3093 Florentini
810 3048 973 3093 essent
1011 3049 1240 3107 tanquam
1271 3048 1572 3107 protectores
1615 3043 1740 3092 illius
1772 3048 1961 3108 portus,
1998 3048 2047 3092 et

266 3128 452 3177 venetis
479 3128 528 3176 in
555 3129 699 3177 certis
729 3129 867 3176 annis
898 3131 990 3176 280
1013 3127 1161 3175 millia
1188 3128 1470 3176 ducatorum
1498 3128 1845 3192 persolverent.
1869 3126 2043 3177 Veneti

268 3216 429 3261 autem
456 3212 652 3266 laudum
679 3212 956 3276 hujusmodi
987 3227 1084 3258 non
1115 3215 1424 3275 acceptarunt
1452 3216 1497 3260 et
1524 3212 1848 3275 permiserunt
1867 3211 2041 3259 ducem

265 3295 534 3358 predictum
550 3296 767 3345 Venetiis
791 3294 1020 3344 recedere
1051 3311 1300 3359 quousque
1320 3296 1515 3345 laudum
1547 3300 1885 3355 revocaretur3
1910 3294 2039 3359 quod

269 3381 333 3436 et,
367 3378 480 3428 licet
512 3379 685 3428 invitus
715 3379 890 3428 dicitur
921 3395 1187 3436 revocasse,
1225 3385 1273 3428 et
1303 3379 1395 3428 nisi
1429 3396 1600 3430 novem
1634 3380 1827 3429 obsides
1857 3377 2037 3444 patritii
