2202 3926
137 327 243 379 [Mars
265 327 360 367 1493]
587 323 758 362 RERUM
785 323 1099 363 -L'RBANARUM
1133 324 1485 362 COMMENTARH.
1882 328 1929 363 55

131 432 217 480 SS.
256 433 313 479 D.
351 432 407 480 N.
443 444 554 483 cum
585 432 871 494 paramenta
908 427 1049 477 solita
1089 427 1349 492 reciperet,
1384 427 1566 476 vocavit
1596 444 1674 476 me
1706 429 1767 477 ad
1797 446 1847 478 se
1882 412 1937 479 et

135 514 472 579 interrogavit,
514 529 641 563 anne
685 517 976 563 consuetum
1024 516 1154 562 esset
1191 517 1240 562 et
1276 512 1569 562 conveniens
1611 513 1725 561 dare
1767 528 1930 561 rosam

131 599 413 665 imperatori
434 614 655 648 romano.
680 597 923 663 Respondi
946 597 1197 647 Sanctitati
1221 614 1306 646 sue
1336 600 1626 646 consuetum
1650 613 1776 658 esse,
1803 602 1850 645 et
1871 597 1921 644 in

131 686 289 750 prima
308 683 568 733 donatione
590 682 1120 733 convenientissimum.
1139 682 1373 747 Adjunxit
1389 686 1558 731 RmuS.
1578 685 1636 730 D.
1662 681 1920 731 cardinalis

136 768 383 829 Senensis,
408 768 561 817 felicis
598 766 949 817 recordationis
983 766 1235 817 Nicolaum
1268 766 1493 830 quintum
1523 765 1852 814 illustrissimo
1885 770 1931 814 et

136 853 450 903 invictissimo
490 851 736 900 Friderico
786 855 1118 900 Romanorum
1163 851 1447 916 imperatori
1493 850 1730 900 moderno
1785 851 1931 899 etiam

140 953 304 987 rosam
327 936 552 985 donasse.
579 939 780 985 Paratus
801 935 974 985 deinde
1003 936 1061 983 de
1090 936 1196 999 ejus
1224 935 1469 994 mandate,
1501 950 1672 984 omnes
1691 951 1716 983 e
1740 951 1934 985 camera

140 1022 271 1070 exire
303 1020 444 1085 jussi,
483 1019 597 1067 solis
631 1019 956 1068 cardinalibus
986 1034 1098 1067 cum
1130 1018 1393 1067 Sanctitate
1432 1035 1517 1067 sua
1547 1019 1928 1079 remanentibus,

139 1121 251 1154 cum
284 1103 458 1168 quibus
497 1103 755 1151 consilium
794 1102 965 1151 habuit
1004 1118 1151 1167 super
1188 1118 1299 1152 rose
1334 1103 1617 1162 donatione,
1653 1119 1933 1168 proponens

138 1187 287 1238 animi
321 1187 394 1235 sui
426 1186 791 1252 dispositionem
829 1203 945 1251 erga
990 1187 1359 1236 serenissimum
1393 1188 1742 1252 imperatorem
1774 1188 1934 1252 predi-

138 1279 287 1333 ctum,
313 1271 372 1319 de
392 1287 598 1337 quorum
619 1271 821 1320 consilio
844 1271 1057 1320 decrevit
1083 1287 1245 1320 rosam
1275 1272 1430 1336 ipsam
1463 1271 1622 1321 eidem
1651 1272 1932 1336 imperatori

141 1360 322 1408 donare
354 1362 402 1408 et
430 1357 641 1415 mittere,
672 1372 786 1405 rosa
820 1357 925 1421 ipsa
959 1357 1093 1422 prius
1130 1371 1267 1405 more
1305 1356 1446 1405 solito
1475 1357 1756 1416 benedicta;
1788 1372 1932 1420 quam

139 1460 251 1492 cum
271 1442 606 1502 benediceret,
641 1443 699 1490 D.
733 1441 1015 1506 SinulphuS,
1041 1457 1234 1490 camere
1258 1440 1524 1505 apostolice
1553 1441 1779 1499 clericuS‚
1805 1441 1932 1489 sedis

137 1527 404 1591 apostolice
437 1524 802 1590 protonotarius
835 1529 883 1574 et
903 1525 1124 1574 habitum
1145 1525 1463 1589 protonotarii
1495 1524 1738 1586 deferenS,
1769 1540 1933 1574 coram

140 1628 197 1661 eo
235 1611 555 1676 genuflexus,
576 1609 790 1658 tenebat.
825 1609 1078 1658 Premissis
1108 1608 1333 1673 peractis,
1375 1608 1615 1658 Sanctitas
1650 1625 1738 1658 sua
1773 1624 1933 1657 rosam

139 1697 187 1744 in
226 1711 372 1744 manu
401 1694 597 1743 sinistra
628 1694 845 1758 portans,
880 1699 928 1742 et
961 1694 1159 1743 dextera
1188 1693 1424 1758 populum
1461 1693 1759 1743 benedicens
1797 1710 1932 1741 more

142 1783 393 1839 consueto,
424 1778 553 1826 venit
589 1777 651 1826 ad
684 1777 919 1841 capellam
958 1779 1194 1842 maj0rem
1223 1778 1282 1826 de
1318 1778 1506 1827 stantiis
1547 1779 1681 1828 novis
1713 1782 1758 1828 et
1787 1779 1933 1827 misse

141 1864 347 1912 solemni
392 1862 629 1922 interfuit,
671 1878 816 1925 quam
856 1864 1022 1910 Rmus.
1073 1865 1131 1910 D.
1179 1862 1435 1911 cardinalis
1479 1864 1630 1911 sancti
1672 1863 1934 1912 Clementis

141 1947 399 1996 celebravit
425 1945 673 1995 consuetis
701 1945 1009 1994 ceremoniis.
1040 1948 1328 1995 Sermonem
1355 1946 1469 1995 fecit
1499 1950 1784 2010 procurator
1809 1946 1935 1994 ordi-

140 2032 214 2080 nis
237 2035 403 2080 sancte
424 2031 573 2080 Marie
597 2031 655 2078 de
677 2035 841 2079 monte
861 2030 1110 2095 {Carmelo
1141 2030 1298 2078 Finita
1318 2029 1485 2089 missa,
1517 2033 1648 2093 Papa
1675 2031 1934 2094 reportavit

140 2131 303 2165 rosam
320 2115 381 2164 ad
398 2130 661 2176 cameram,
697 2119 745 2163 et
771 2115 863 2164 alia
884 2129 1018 2162 more
1038 2117 1273 2162 consueto
1299 2117 1408 2161 sunt
1431 2113 1700 2162 observata.

208 2199 462 2249 Dominica
489 2199 655 2263 quinta
683 2197 1056 2263 quadragesime
1085 2198 1143 2246 de
1171 2197 1398 2262 passione
1426 2203 1721 2261 nuncupata,
1753 2199 1837 2246 SS.
1874 2200 1929 2246 D.

140 2290 309 2335 noster
332 2285 462 2334 venit
489 2285 549 2333 ad
576 2283 813 2349 capellam
846 2283 1085 2348 majorem
1116 2285 1313 2346 paratus
1345 2296 1482 2329 more
1514 2281 1655 2330 solito
1682 2298 1691 2330 :
1720 2282 1937 2330 interfuit

141 2371 287 2419 misse
334 2369 527 2435 publice
573 2385 718 2434 quam
770 2365 1028 2416 celebravit
1081 2367 1137 2413 R.
1181 2367 1239 2413 D.
1281 2364 1498 2429 Baptista
1541 2365 1936 2429 archiepiscopus

141 2454 430 2503 Cusentinus
453 2454 702 2514 assistenS,
727 2457 775 2502 et
796 2451 883 2499 fuit
905 2451 1008 2515 ejus
1027 2449 1185 2514 prima
1198 2449 1367 2509 missa,
1386 2452 1434 2498 et
1455 2449 1595 2513 petiit
1609 2449 1738 2498 idem
1754 2450 1939 2498 archie-

139 2540 368 2604 piscopus
389 2554 478 2604 per
497 2554 576 2588 me
602 2540 686 2587 SS.
719 2540 776 2586 D.
810 2540 977 2585 nostro
1006 2534 1096 2583 sibi
1121 2534 1256 2599 prius
1284 2534 1555 2598 plenariam
1585 2534 1936 2597 indulgentiam

144 2622 347 2672 concedi
369 2638 515 2687 quam
538 2623 623 2671 SS.
655 2624 713 2670 D.
747 2620 958 2685 gratiose
986 2619 1245 2668 concessit.
1278 2620 1566 2667 Sermonem
1596 2618 1710 2666 fecit
1739 2617 1935 2681 quidam

142 2708 290 2756 frater
324 2723 410 2756 seu
440 2710 727 2772 procurator
758 2704 1044 2754 servitorum
1069 2702 1212 2753 beate
1242 2702 1413 2762 Marie,
1444 2708 1491 2751 et
1525 2702 1618 2750 alia
1638 2717 1774 2749 more
1795 2702 1935 2750 solito

143 2796 254 2840 sunt
274 2792 542 2840 observata.
1020 2775 1026 2782 ’
1647 2855 1651 2859 .

211 2875 351 2924 Feria
378 2876 607 2935 secunda,
644 2879 704 2924 25
735 2873 916 2922 mensis
950 2872 1129 2932 martii,
1165 2871 1342 2921 festum
1372 2872 1762 2921 annunciationis
1793 2873 1933 2921 beate

142 2961 292 3010 Marie
327 2960 551 3025 virginiS,
586 2961 668 3009 SS.
707 2962 766 3008 D.
802 2962 860 3009 N.
896 2961 1092 3023 paratus
1131 2958 1332 3018 amictu,
1368 2957 1744 3022 precedentibus
1775 2957 1933 3021 ipsum

144 3063 286 3096 cruce
321 3050 369 3096 et
407 3046 751 3106 cardinalibUS,
795 3060 999 3095 ascenso
1043 3060 1169 3108 equo
1208 3059 1298 3108 per
1333 3043 1458 3091 viam
1496 3042 1634 3107 juxta
1674 3041 1933 3091 ecclesiam

145 3129 295 3176 sancti
322 3129 446 3177 Celsi
474 3145 561 3193 per
587 3129 778 3177 Turrim
809 3129 1152 3194 Sanguineam,
1185 3128 1445 3177 ecclesiam
1474 3127 1626 3176 sancti
1646 3126 1925 3185 Salvatoris,

146 3215 311 3260 sancte
330 3213 479 3262 Mai-ie
499 3213 783 3278 Magdalene
809 3217 856 3262 et
877 3214 1089 3263 Plateam
1112 3212 1403 3271 Rotundam,
1433 3211 1562 3263 venit
1586 3210 1647 3258 ad
1669 3210 1927 3259 ecclesiam

147 3298 310 3343 sancte
330 3297 479 3343 Marie
500 3298 559 3346 de
579 3298 791 3348 Minerva
823 3298 921 3358 ubi,
944 3299 1171 3348 fratribus
1200 3314 1309 3346 cum
1332 3313 1475 3346 cruce
1502 3296 1932 3361 processionaliter

146 3379 272 3427 intra
288 3377 465 3426 ostium
487 3381 692 3429 ecclesie
715 3383 1102 3446 expectantibus,
1123 3382 1316 3431 intravit
1338 3382 1616 3440 ecclesiam,
1642 3384 1690 3429 et
1715 3379 1928 3427 osculata

147 3478 290 3512 cruce
332 3478 420 3527 per
462 3463 755 3513 cardinalem
810 3469 1077 3516 Senensem
1121 3466 1211 3514 sibi
1250 3467 1496 3529 porrecta,
1538 3463 1764 3511 fratribus
1804 3460 1931 3508 Ecce
