2248 3906
182 331 294 372 [Αοῦῑ
315 330 410 369 149Ἱ]
627 326 797 364 RERUM
829 324 1130 363 URBANARUM
1163 324 1512 362 COMMENTARII.
1891 327 1960 363 393

184 432 404 482 videlicet
441 446 590 479 unum
628 429 689 478 ad
726 432 868 494 caput
907 431 955 476 et
995 427 1124 475 aliud
1160 426 1221 475 ad
1257 426 1406 491 pedes
1440 425 1554 475 lecti
1592 443 1736 492 super
1773 427 1959 477 duobus

187 516 374 580 magnis
410 513 710 563 candelabris
743 511 913 561 ferreis
954 516 1002 560 et
1034 514 1143 560 octo
1175 510 1414 559 intorticia
1445 510 1558 558 hinc
1593 514 1640 558 et
1672 510 1783 559 inde
1818 527 1963 576 super

188 602 350 658 funus,
390 598 612 647 videlicet
645 613 673 645 a
706 595 916 660 quolibet
945 595 1095 644 latere
1128 593 1240 643 lecti
1277 593 1520 642 intorticia
1547 609 1744 655 novem-3
1784 610 1813 642 a
1844 611 1962 658 qua-

188 687 298 729 tuor
333 682 567 731 lateribus
610 695 802 730 camere
844 695 1041 727 scamna
1069 678 1214 737 nuda,
1255 677 1305 725 in
1342 678 1498 742 capite
1538 677 1645 725 aule
1684 693 1771 742 pro
1807 679 1963 726 cardi-

188 766 376 813 nalibus
416 765 475 813 ab
515 764 619 812 aliis
659 764 809 812 tribus
849 762 1062 828 partibus
1103 777 1191 826 pro
1230 761 1450 825 prelatis;
1491 760 1685 809 fuerunt
1725 761 1868 810 etiam
1905 762 1964 810 ab

189 851 412 899 omnibus
438 848 667 897 lateribus
695 848 848 911 prime
876 861 1068 895 camere
1095 861 1245 908 prope
1277 844 1435 892 aulam
1462 848 1629 908 parata
1655 860 1852 893 scamna
1877 861 1964 909 pro

189 933 528 991 cardinalibus,
554 931 593 979 si
627 931 751 979 forte
778 933 976 993 propter
999 927 1368 991 incapacitatem
1394 927 1548 991 prime
1576 927 1684 975 aule
1712 927 1894 975 nollent
1917 928 1966 975 in

191 1034 248 1065 ea
285 1017 472 1065 sedere.
515 1017 711 1077 incepto
743 1012 904 1060 officio
934 1016 1255 1069 mortuorum,
1298 1010 1428 1070 dum,
1453 1011 1610 1059 adhuc
1642 1010 1966 1059 invitatorium

190 1105 483 1158 cantaretur,
506 1101 742 1147 venerunt
763 1095 1106 1159 Neapolitanus
1128 1098 1175 1142 et
1196 1094 1443 1154 SenensiS,
1466 1098 1514 1142 et
1528 1095 1603 1143 eis
1625 1095 1838 1158 exequiis
1857 1094 1967 1143 des-

190 1183 526 1243 cendentibus,
564 1181 692 1230 venit
726 1178 980 1228 cardinalis
1015 1179 1074 1226 de
1109 1177 1312 1225 Sabellis
1347 1193 1458 1226 cum
1491 1163 1587 1241 quo
1623 1178 1765 1226 simul
1798 1193 1969 1227 ascen-

192 1268 366 1315 derunt
401 1272 448 1315 et
483 1266 711 1314 sederunt
749 1263 798 1311 in
833 1262 988 1325 prima
1022 1261 1131 1309 aula
1165 1262 1214 1309 in
1254 1262 1428 1326 capite,
1472 1266 1615 1324 caput
1649 1262 1882 1310 facientes
1920 1261 1968 1308 in

190 1351 365 1414 angulo
393 1350 454 1398 ad
475 1339 723 1398 dexteram
749 1346 995 1405 intrantis;
1025 1351 1133 1409 post
1162 1360 1245 1393 eos
1271 1345 1400 1393 venit
1427 1344 1682 1392 cardinalis
1710 1361 1748 1392 s.
1782 1345 1966 1405 Crucis,

190 1439 306 1482 tunc
338 1431 595 1481 cardinalis
628 1429 879 1488 Ascanius,
915 1433 1024 1493 post
1051 1443 1162 1476 eum
1196 1427 1454 1476 cardinalis
1490 1427 1761 1487 Grimanus‚
1796 1427 1969 1477 deinde

189 1535 229 1566 s.
265 1516 545 1576 Clementis,
579 1514 938 1579 Agrigentinus,
964 1508 1313 1562 Alexandrinus
1338 1518 1386 1562 et
1411 1513 1676 1561 Perusinus
1706 1513 1971 1562 cardinales

192 1600 353 1660 simul,
376 1600 571 1648 tandem
594 1598 935 1648 Ulixbonensis
959 1601 1006 1646 et
1028 1613 1066 1645 s.
1093 1597 1320 1645 Praxedis
1345 1613 1355 1644 :
1378 1596 1553 1660 singuli
1575 1594 1844 1645 cardinales
1863 1601 1972 1660 post

176 1685 492 1733 ‘intraverunt
512 1683 690 1742 aulam,
713 1682 968 1730 firmarunt
989 1697 1041 1730 se
1062 1685 1174 1730 ante
1193 1681 1391 1740 lectum,
1415 1680 1639 1728 dixerunt
1655 1696 1805 1728 unum
1825 1680 1974 1728 Pater

196 1776 377 1824 noster,-
399 1766 572 1815 melius
600 1765 770 1813 fuisset
790 1765 951 1813 dicere
982 1765 1127 1813 etiam
1151 1765 1420 1813 orationem
1439 1763 1668 1812 ·videlicet
1692 1764 1880 1812 Inclina
1899 1766 1974 1814 vel

194 1849 422 1911 Absolve7·
455 1854 502 1898 et
533 1864 678 1913 super
706 1848 988 1897 defunctum
1019 1849 1209 1912 signum
1242 1848 1396 1896 crucis
1426 1847 1771 1911 perduxerunt,
1802 1848 1974 1896 deinde

194 1933 520 1982 ascenderunt
539 1932 600 1980 ad
626 1936 814 1981 ceteros
842 1931 1108 1980 cardinales
1131 1930 1374 2001 sedentes.
1400 1930 1554 1978 Finito
1576 1929 1738 1978 officio
1759 1936 1976 1979 mortuo-

197 2033 321 2073 rum,
347 2017 549 2066 cadaver
574 2020 819 2080 portatum
841 2015 928 2063 fuit
947 2030 1035 2079 per
1061 2015 1231 2063 fratres
1261 2014 1320 2062 de
1345 2014 1526 2078 Populo
1548 2014 1671 2061 infra
1690 2014 1975 2063 catalectum

193 2106 241 2149 et
277 2100 451 2149 deinde
490 2100 551 2148 ad
587 2114 754 2148 eorum
789 2099 1064 2158 ecclesiam,
1100 2098 1214 2147 licet
1247 2098 1513 2146 confratres
1547 2097 1751 2146 ecclesie
1785 2114 1824 2146 s.
1860 2100 1977 2146 Am-

192 2183 340 2232 brosii
369 2183 619 2247 hospitalis
648 2183 1048 2242 Lombardorum,
1079 2182 1138 2230 de
1165 2197 1370 2245 quorum
1397 2181 1694 2230 fraternitate
1721 2181 1977 2230 defunctus

194 2272 311 2326 erat,
348 2270 571 2331 peterent
602 2266 738 2314 illum
768 2270 981 2330 portare,
1015 2271 1289 2314 asserentes
1319 2266 1380 2314 ad
1413 2280 1496 2314 eos
1531 2269 1774 2330 spectare;
1813 2270 1978 2314 tamen

192 2366 280 2415 per
313 2354 487 2399 Rmum
519 2353 574 2399 D.
609 2350 890 2410 Ascanium,
927 2353 1256 2410 executorem,
1289 2350 1338 2397 id
1367 2350 1437 2398 eis
1479 2349 1568 2397 fuit
1600 2353 1846 2414 negatum.
1882 2352 1979 2397 De-

194 2434 359 2483 functo
387 2450 531 2498 super
557 2418 787 2483 feretrum
818 2435 975 2498 posito
1007 2435 1102 2483 sive
1136 2434 1386 2494 catalecto,
1421 2433 1780 2482 descenderunt
1808 2433 1977 2497 prelati

194 2517 254 2566 ad
273 2517 579 2566 vocationem
601 2534 761 2567 meam
789 2533 847 2567 ex
870 2518 979 2566 aula
999 2523 1047 2567 et
1068 2518 1257 2582 sequuti
1280 2522 1390 2566 sunt
1411 2517 1555 2565 funus
1578 2521 1843 2580 equestres,
1868 2521 1977 2580 post

195 2617 401 2665 quorum
424 2602 640 2650 omnium
662 2617 908 2650 recessum
931 2618 990 2650 ex
1011 2602 1146 2650 curia
1162 2601 1519 2650 descenderunt
1540 2601 1686 2649 etiam
1708 2600 1977 2648 cardinales

195 2689 242 2734 et
264 2685 605 2750 'equitaverunt
635 2685 836 2749 quilibet
866 2685 927 2734 ad
954 2686 1150 2734 domum
1179 2701 1334 2743 suam,
1368 2683 1574 2748 demptis
1605 2684 1664 2732 de
1700 2683 1902 2732 Sabellis
1933 2687 1980 2732 et

195 2770 402 2818 Ascanio
431 2769 771 2829 cardinalibus,
802 2769 882 2833 qui
909 2785 996 2834 per
1022 2769 1165 2817 aliam
1192 2769 1317 2817 viam
1345 2768 1621 2832 equitarunt
1642 2767 1703 2816 ad
1723 2767 1979 2817 ecclesiam

196 2853 337 2903 beate
359 2853 509 2902 Marie
532 2853 591 2901 de
614 2853 797 2917 Populo
826 2853 922 2913 ubi,
949 2854 1119 2902 funere
1142 2853 1192 2900 in
1219 2852 1378 2901 medio
1401 2852 1604 2900 ecclesie
1623 2851 1807 2916 posito,
1839 2851 1980 2900 sede-

200 2942 310 2986 runt
331 2938 421 3001 ipsi
449 2938 544 2986 duo
567 2937 837 2986 cardinales
864 2937 913 2986 in
942 2937 1098 2986 banco
1123 2952 1221 2986 non
1247 2937 1393 3000 longe
1414 2952 1442 2984 a
1461 2952 1613 2984 cornu
1640 2936 1840 3000 epistole
1862 2936 1980 2984 alta-

199 3020 267 3067 ris
288 3021 484 3084 maj0ris
505 3022 684 3085 posito,
708 3025 754 3070 et
780 3021 951 3085 prelati
971 3035 1085 3069 vero
1106 3020 1155 3067 in
1182 3019 1286 3068 aliis
1307 3019 1508 3068 banchis
1536 3034 1687 3083 prope
1715 3018 1976 3077 sinistram,

201 3105 248 3149 et
277 3102 446 3164 prelati
472 3087 651 3152 ibidem
679 3107 918 3153 steterunt
946 3119 1096 3166 usque
1125 3103 1186 3151 ad
1215 3103 1363 3152 finem
1385 3102 1550 3151 officii.
1583 3104 1685 3158 Quo
1717 3101 1976 3164 completo,

202 3186 346 3234 funus
384 3190 623 3250 portatum
667 3186 756 3235 fuit
793 3203 880 3251 per
917 3187 1039 3235 duos
1077 3187 1251 3235 fratres
1290 3187 1352 3234 ad
1390 3186 1624 3250 capellam
1663 3189 1792 3233 retro
1831 3185 1979 3234 altare

203 3270 379 3333 majus,
401 3269 513 3331 quia
529 3269 744 3318 nondum
763 3274 993 3319 venerant
1013 3271 1091 3333 qui
1112 3271 1229 3319 illud
1250 3269 1530 3334 sepelirent,
1548 3268 1609 3315 ad
1624 3283 1793 3316 eorum
1809 3268 1982 3316 adven-

205 3358 308 3400 tum
339 3351 403 3399 ibi
431 3351 819 3413 custodiendum,
853 3357 901 3402 et
932 3359 1241 3402 recesserunt
1271 3356 1372 3401 DD.
1410 3351 1677 3399 cardinales
1712 3355 1759 3399 et
1791 3352 1977 3415 prelati,

209 3434 379 3482 domos
401 3449 511 3482 suas
541 3434 758 3483 redituri.
785 3436 931 3483 Primi
957 3439 1066 3499 post
1091 3435 1235 3484 funus
1264 3436 1456 3483 fuerunt
1477 3434 1770 3497 gubernator
1790 3435 1929 3482 Urbis
1956 3449 1983 3480 a
