2202 3926
306 304 374 341 112
907 307 925 344 J
931 306 1089 345 OHANN
1096 310 1136 345 IS
1170 308 1463 355 BURCHARD1‚
1664 329 1667 333 -
1852 314 1964 354 [Avril
1987 316 2080 356 1494]

368 409 633 459 Videantur
654 409 816 458 omnia
834 414 1114 474 paramenta
1134 412 1426 475 pontificalia
1444 417 1493 460 et
1516 414 1717 475 regalia.

369 492 651 540 Faldistoria
672 492 766 540 duo
789 493 891 541 sine
920 493 1140 542 scabellis
1164 509 1276 541 cum
1306 509 1475 541 eorum
1508 497 1713 544 cussinis
1743 501 1790 546 et
1818 501 2077 562 coopertis.

369 576 511 625 Aliud
536 577 676 625 altius
713 591 823 623 cum
857 576 1084 636 scabello,
1111 580 1158 624 et
1187 576 1389 623 cussinis
1422 577 1625 638 duobuS,
1657 595 1742 643 pro
1772 581 2078 630 confessione

306 660 409 723 regi
432 659 662 707 serviens.

370 742 621 790 Avisentur
641 745 862 789 cantores
884 741 942 788 de
964 740 1113 787 missa
1136 740 1338 804 Spiritus
1360 743 1511 791 sancti
1531 743 1750 806 dicenda,
1779 752 1826 795 et
1845 748 1972 810 quod
1991 762 2077 812 pro

303 825 480 874 letania
500 825 594 872 duo
616 825 924 888 deputentur.

364 909 588 956 Pluvialia
608 908 716 956 alba
743 917 854 956 cum
883 907 1040 966 stoliS,
1066 908 1251 956 amictis
1274 913 1321 957 et
1352 913 1700 975 superpelliciis
1730 913 1797 960 ita
1821 913 1950 976 quod
1970 913 2077 977 pul-

305 992 495 1040 chriora
514 992 709 1056 prelatis
728 1007 837 1039 cum
857 991 1017 1055 legato
1039 992 1343 1040 venientibus
1363 1000 1661 1056 mutuentur,
1685 996 1907 1045 videlicet
1933 1015 1942 1044 :

371 1077 750 1140 Archiepiscopo
783 1075 1058 1124 Patracensi
1083 1081 1128 1124 et
1157 1077 1388 1140 episcopo
1416 1077 1714 1138 TorcellanO,
1740 1078 1968 1142 episcopo
1991 1080 2079 1127 Se-

307 1160 525 1224 guntino,
564 1160 791 1223 episcopo
828 1159 1130 1215 Cotronensi,
1162 1159 1389 1223 episcopo
1433 1160 1641 1220 Nolano,
1673 1162 1900 1225 episcopo
1937 1163 2077 1209 Cata-

305 1243 458 1301 nensi,
483 1243 710 1306 episcopo
731 1241 905 1289 Montis
927 1240 1090 1288 Pilosi.
1121 1239 1195 1305 (Hi
1217 1241 1310 1288 duo
1334 1241 1487 1288 ultimi
1510 1257 1607 1290 non
1628 1244 1896 1309 venerunt.)

368 1326 713 1374 Baldachinum
732 1340 818 1389 pro
841 1340 973 1388 rege,
996 1324 1142 1372 missa
1164 1324 1317 1383 finita,
1343 1329 1478 1373 extra
1500 1329 1687 1388 portam
1709 1327 1932 1376 ecclesie.

371 1412 644 1457 Portatores
665 1407 958 1467 baldachini,
981 1413 1029 1455 et
1055 1411 1206 1455 mute.
1239 1436 1302 1442 —
1330 1410 1489 1470 Equus
1510 1422 1597 1470 pro
1626 1424 1741 1472 rege
1772 1416 1985 1458 ornatus.
2016 1439 2079 1446 -—

307 1493 396 1548 Qui
417 1507 595 1555 equum
622 1492 751 1555 regis
772 1491 982 1539 habeant
1003 1490 1224 1538 dextrare
1254 1496 1300 1539 et
1327 1495 1478 1539 mute.
1502 1519 1567 1526 —-
1589 1492 1738 1539 Panni
1765 1497 1812 1541 et
1832 1494 1971 1557 palea
1989 1510 2076 1558 pro

306 1575 526 1632 ecclesia,
558 1575 694 1623 altari
720 1579 766 1623 et
798 1574 1027 1632 thalamo,
1052 1573 1247 1637 pallium
1274 1590 1361 1638 pro
1392 1574 1546 1621 altari.
1577 1603 1642 1610 —
1667 1578 1758 1623 Per
1785 1592 1928 1639 quam
1954 1577 2077 1625 viam

306 1665 351 1708 et
367 1675 462 1722 quo
481 1674 564 1707 rex
584 1659 755 1707 debeat
774 1658 986 1721 equitare
1007 1661 1115 1720 post
1132 1657 1515 1705 coronationem.
1532 1686 1596 1693 —-
1612 1659 1784 1706 Omnia
1797 1665 2080 1722 paramenta

273 1732 276 1734 ’
307 1740 604 1805 pontificalia
624 1747 669 1789 et
688 1757 773 1805 pro
796 1740 1026 1789 ministris
1049 1743 1096 1787 et
1117 1740 1468 1788 assistentibus.
1493 1770 1556 1776 —
1578 1744 1785 1790 Scamna
1813 1759 1899 1806 pro
1926 1743 2081 1807 prela-

308 1827 386 1875 tis.
409 1856 473 1863 —
496 1826 792 1874 Oratoribus.
813 1854 877 1860 -—
909 1824 1158 1873 Nobilibus
1189 1828 1236 1872 et
1264 1824 1542 1872 baronibus.
1568 1853 1632 1860 —
1655 1827 1956 1888 Deputentur
1985 1826 2080 1875 duo

303 1910 490 1958 nobiles
512 1910 592 1973 qui
614 1909 801 1973 singula
823 1908 931 1956 loca
954 1908 1201 1972 assignent
1222 1923 1280 1956 ex
1301 1908 1644 1956 commissione
1667 1908 1811 1971 regis.
1840 1937 1904 1943 -
1925 1911 2079 1958 Locus

303 2008 388 2057 pro
411 1993 703 2052 cantoribus,
728 1996 773 2040 et
803 1992 1039 2055 pulpitum
1060 2006 1147 2055 pro
1179 1991 1321 2039 libro.
1345 2020 1410 2059 ÷
1427 1994 1530 2040 Duo
1562 1991 1771 2040 scabella
1801 1991 1969 2040 viridia
1991 2008 2078 2056 pro

301 2076 496 2140 prelatis
518 2077 622 2139 regi
640 2075 994 2124 assistentibus.
1017 2074 1234 2122 —Aliud
1252 2075 1408 2122 simile
1423 2091 1509 2139 pro
1529 2075 1651 2122 libro
1668 2074 1846 2123 letanie
1869 2075 2079 2139 desuper

300 2160 543 2222 ponendo.
567 2188 631 2194 —
653 2162 888 2222 Cooperta
915 2174 1000 2221 pro
1029 2157 1292 2221 pontificali
1320 2173 1406 2220 per
1433 2158 1644 2220 legatum
1677 2157 1876 2206 utendo.
1900 2186 1963 2193 —-
1989 2158 2075 2214 Qui

301 2242 551 2290 brachium
574 2248 621 2290 et
648 2241 885 2306 spatulam
918 2241 1046 2304 regis
1081 2239 1267 2303 possint
1303 2239 1361 2287 de
1392 2239 1520 2287 facili
1555 2240 1783 2303 detegere
1818 2245 1865 2289 et
1895 2241 2074 2289 nudare

301 2342 388 2389 pro
410 2325 639 2375 unctione
659 2324 895 2373 facienda.

367 2410 632 2458 Bombaces
678 2413 724 2456 et
775 2407 1074 2471 pannicellus
1121 2422 1208 2470 pro
1254 2407 1481 2455 unctione
1529 2407 1738 2470 liganda.
1780 2436 1846 2443 —
1892 2408 2077 2456 Ostium

302 2493 505 2542 ecclesie
527 2493 574 2540 in
598 2506 739 2540 mane
761 2494 871 2538 ante
897 2490 1024 2538 diem
1047 2490 1362 2538 custodiatur.
1386 2519 1449 2525 ——
1477 2492 1782 2554 Deputentur
1802 2491 1881 2554 qui
1910 2491 2076 2539 locan-

300 2577 388 2625 dos
410 2577 747 2634 intromittant,
772 2579 818 2622 et
838 2578 1086 2623 serventur
1101 2573 1262 2622 omnia
1277 2573 1384 2621 loca
1403 2574 1537 2622 chori
1553 2590 1640 2638 pro
1667 2575 1927 2623 curialibus
1950 2575 2075 2638 regis
2133 2566 2140 2574 ’

301 2676 409 2708 cum
432 2676 543 2724 rege
564 2658 884 2716 venientibus,
910 2663 955 2706 et
978 2658 1044 2706 ita
1065 2657 1349 2706 ordinentur
1368 2658 1514 2721 quod,
1539 2659 1699 2723 legato
1729 2665 1914 2724 parato,
1938 2664 2074 2708 ante-

302 2761 445 2808 quam
466 2744 677 2792 officium
704 2741 1044 2791 coroniationis
1071 2741 1284 2805 incipiat,
1310 2741 1473 2790 omnia
1503 2742 1612 2791 loca
1639 2742 1733 2790 sint
1754 2741 2007 2790 distributa
2027 2745 2074 2790 et

299 2832 534 2890 occupata
555 2831 605 2874 ut
627 2825 790 2874 omnia
815 2825 864 2872 in
885 2824 1046 2887 quiete
1067 2824 1202 2872 fiant.

365 2914 666 2974 Deputentur
686 2909 828 2971 aliqui
844 2908 1030 2956 nobiles
1054 2909 1152 2972 qui,
1170 2908 1330 2971 legato
1350 2909 1573 2968 intrante,
1594 2907 1782 2956 nobiles
1798 2913 1844 2956 et
1865 2908 2071 2955 barones

298 2993 640 3057 Neapolitanos
663 2996 709 3040 et
730 2992 849 3040 alios
871 2992 1066 3051 faciant,
1085 2992 1426 3041 commissione
1450 2992 1595 3055 regis,
1618 3008 1703 3040 suo
1727 2990 1892 3039 ordine
1909 2990 2070 3039 debito

304 3076 518 3139 equitare
544 3091 553 3122 :
580 3074 793 3123 scutiferi
810 3079 857 3123 et
878 3075 1057 3123 familia
1075 3076 1220 3139 legati
1239 3076 1298 3123 sit
1319 3074 1600 3123 immediate
1625 3079 1737 3123 ante
1762 3074 1987 3123 baroneS.

362 3158 626 3221 Responsio
658 3157 785 3205 :hec
825 3139 986 3206 omnia
1017 3158 1164 3206 fuisse
1200 3158 1457 3207 commissa
1486 3161 1540 3205 R.
1574 3160 1630 3205 D.
1665 3157 1807 3217 Julio,
1844 3158 2071 3221 episcopo

295 3241 562 3305 Tropiensi,
588 3241 883 3289 serenissimi
906 3242 1031 3305 regis
1060 3242 1307 3305 capellano
1330 3240 1500 3304 majori
1522 3240 1702 3288 ibidem
1723 3241 1954 3304 presenti,
1978 3256 2074 3288 una

294 3339 403 3372 cum
425 3323 493 3371 eis
522 3323 578 3370 ad
607 3323 843 3386 premissa
874 3323 1019 3372 etiam
1047 3322 1294 3387 deputato,
1322 3323 1450 3387 quod
1482 3340 1575 3373 una
1605 3339 1799 3373 mecum
1833 3323 2071 3387 premissa

294 3406 479 3470 singula
497 3405 776 3454 ordinarent
799 3411 842 3454 et
866 3411 1099 3471 oportune
1116 3406 1439 3469 providerent.
