2216 3886
299 327 367 360 602
900 323 1132 359 JOHANNIS
1168 323 1460 367 BURCHARDI,
1752 327 1953 366 [Decembre
1977 329 2068 367 1499]

362 431 515 476 Nocte
539 426 775 489 sequenti,
800 439 968 487 parum
1008 429 1116 487 post
1143 425 1312 471 horam
1342 440 1538 483 nonam,
1563 426 1752 489 incepte
1778 431 1887 475 sunt
1909 434 2067 476 matu-

230 519 232 522 ’
298 512 394 560 tine
418 514 647 558 consuete
671 509 718 555 in
746 507 933 570 capella
959 507 1158 569 majore.
1187 508 1455 569 Antequam
1478 507 1820 571 inciperentur,
1847 524 1936 573 ego
1956 511 2063 559 veni

296 595 354 642 de
377 595 519 641 domo
541 607 651 639 mea
672 607 728 638 ex
751 590 876 637 Urbe
906 590 964 636 ad
992 590 1225 653 capellam
1248 590 1534 653 predictam,
1561 591 1607 638 in
1630 607 1724 654 qua
1741 595 1876 639 erant
1898 593 2060 640 RRmi.

297 679 394 723 DD.
421 674 686 722 cardinales
715 690 752 721 s.
784 672 1012 721 Praxedis
1037 678 1085 720 et
1113 673 1486 732 Alexandrinus3
1513 674 1570 720 ivi
1597 674 1657 722 ad
1685 690 1902 722 cameras
1931 668 2053 724 Rmi.

299 764 354 807 D.
382 757 591 822 Capuani
614 757 825 805 officium
844 757 1108 820 incepturi,
1133 758 1355 820 qui,post
1374 761 1557 805 sextam
1572 757 1742 806 horam
1764 774 1792 806 a
1812 760 1895 806 SS.
1927 761 1980 806 D.
2006 762 2060 808 N.

299 845 491 890 venerat
512 844 559 887 et
578 840 752 888 deinde
772 855 822 888 se
844 841 989 903 quieti
1012 840 1227 900 dederat,
1251 841 1296 888 in
1321 842 1456 904 cujus
1475 841 1676 888 cameris
1696 841 1841 889 etiam
1860 841 2065 890 dormie-

298 931 406 974 runt
428 926 594 973 RRmi.
621 927 718 972 DD.
745 940 782 971 s,
803 924 966 971 Crucis
987 928 1034 972 et
1053 923 1306 972 Farnesius
1328 924 1614 984 cardinales,
1640 925 1719 987 qui
1741 924 1935 972 tandem
1955 930 2062 988 post

300 1009 412 1057 satis
443 1024 669 1071 magnam
703 1022 889 1055 moram
922 1007 1067 1054 etiam
1095 1015 1141 1054 et
1176 1007 1236 1054 ad
1268 1007 1444 1056 dictam
1475 1007 1707 1071 capellam
1734 1012 1985 1066 venerunt,
2019 1012 2067 1056 et

294 1096 404 1140 ante
442 1106 526 1139 eos
556 1095 721 1138 Rmus.
764 1093 820 1138 D.
856 1090 1108 1138 cardinalis
1143 1091 1389 1148 Senensis,
1427 1091 1506 1153 qui
1544 1090 1592 1137 in
1629 1090 1756 1138 dieto
1789 1091 1984 1154 palatio,
2014 1091 2061 1138 in

293 1190 487 1222 ramera
521 1177 576 1221 D.
608 1177 821 1223 'Venture
860 1173 1086 1221 Benassai
1120 1174 1364 1232 Senensis,
1398 1189 1589 1222 camere
1618 1174 1881 1237 apostolice
1901 1174 2062 1222 clerici

293 1258 555 1306 dormierat
583 1261 630 1304 et
663 1256 814 1304 fuerat
847 1256 1134 1319 hospitatus.
1167 1259 1280 1304 Post
1302 1245 1558 1304 adventum
1587 1257 1711 1304 Rmi.
1744 1259 1800 1304 D.
1835 1257 2061 1320 Capuani,

295 1342 375 1404 qui
398 1340 559 1388 officio
589 1339 783 1403 prefuit,
813 1340 1000 1402 incepte
1029 1344 1138 1387 sunt
1165 1340 1416 1400 matutine,
1442 1344 1488 1387 et
1511 1344 1821 1403 prosecutum
1849 1339 2064 1388 officium

300 1429 439 1487 prout
461 1424 508 1471 in
538 1423 799 1470 ordinario.
835 1423 1155 1470 Interfuerunt
1186 1423 1415 1471 duntaxat
1442 1423 1710 1471 cardinales
1737 1419 1907 1487 prefati
1934 1424 2063 1472 vide-

299 1508 411 1555 licet
441 1523 449 1554 :
494 1523 532 1553 s.
571 1506 814 1565 Praxedis,
850 1506 1219 1564 Alexandrinus,
1253 1522 1291 1553 s.
1330 1507 1510 1565 Crucis,
1541 1507 1600 1554 ab
1632 1522 1728 1554 una
1760 1512 1912 1570 parte,
1953 1507 2060 1566 alia,

303 1589 530 1637 Senensis
558 1592 605 1636 et
633 1587 886 1636 Farnesius
920 1593 967 1635 et
1000 1590 1270 1651 Capuanus,
1291 1589 1428 1652 juxta
1465 1589 1612 1636 altare
1654 1588 1866 1636 officium
1897 1605 2064 1653 agens,

303 1675 431 1736 Papa
451 1673 668 1730 absente,
695 1676 741 1719 et
765 1675 861 1719 tres
882 1671 1068 1734 prelati,
1093 1670 1314 1719 videlicet
1342 1674 1398 1718 D.
1424 1671 1709 1718 Franciscus
1731 1672 1921 1733 Borgia,
1947 1672 2070 1734 epis—

303 1771 452 1818 copus
465 1754 769 1812 Cusentinus,
791 1752 1052 1800 Ludovicus
1069 1753 1324 1815 episcopus
1338 1753 1678 1801 Cabellicensis
1695 1757 1742 1801 et
1758 1753 1994 1802 Adrianus
2010 1754 2068 1802 de

303 1840 526 1895 Corneto,
552 1836 908 1900 protonotarius
939 1841 986 1883 et
1008 1835 1296 1883 secretarius
1327 1836 1638 1899 apostolicuS,
1665 1851 1853 1884 camere
1875 1841 2069 1900 aposto-

298 1922 408 1981 lice,
429 1920 655 1979 clericus;
677 1919 908 1967 intortitia
926 1935 988 1966 xn
1011 1923 1143 1966 tenta
1164 1918 1353 1966 fuerunt
1368 1934 1457 1982 per
1475 1935 1538 1966 ΧΠ
1561 1919 1816 1968 scutiferos
1830 1921 1912 1967 SS.
1936 1923 1992 1967 D.
2010 1922 2064 1968 N.
2135 1966 2137 1968 ,

301 2021 440 2068 pape,
470 2004 692 2052 videlicet
726 2019 809 2051 sex
840 2003 965 2051 inter
997 2019 1145 2050 cornu
1174 2003 1373 2066 epistole
1408 2004 1567 2051 altaris
1601 2008 1647 2052 et
1687 2009 1829 2068 caput
1862 2005 2069 2053 scamnis

303 2087 634 2147 cardinalium,
654 2091 698 2135 et
719 2102 802 2135 sex
822 2090 930 2150 post
952 2102 1200 2134 scamnum
1220 2087 1535 2135 transversale
1556 2088 1949 2152 presbyterorum
1970 2105 2071 2137 car—

301 2171 548 2229 dinalium,
575 2175 621 2218 et
643 2185 726 2217 sex
749 2174 857 2234 post
879 2185 1128 2217 scamnum
1151 2170 1466 2217 transversale
1494 2171 1886 2234 presbyterorum
1913 2171 2067 2219 cardi-

300 2253 498 2300 nalium.
529 2256 722 2316 Incepto
760 2253 899 2301 tertio
933 2257 1187 2311 nocturno,
1222 2256 1385 2300 Rmus,
1421 2256 1478 2300 D.
1522 2253 1776 2301 cardinalis
1815 2256 2067 2318 Capuanus

298 2336 625 2384 celebraturus
646 2336 834 2399 accepit
861 2336 1074 2384 sandalia
1107 2340 1154 2383 et
1182 2335 1298 2384 dixit
1319 2336 1530 2398 psalmos
1556 2336 1711 2393 Quam
1734 2337 1899 2385 dilecta
1925 2339 2070 2386 taber-

297 2419 466 2466 nacula
497 2403 608 2466 'cum
640 2419 831 2478 ceteris,
856 2424 998 2482 prout
1029 2420 1076 2466 in
1105 2419 1374 2478 ordinari03
1412 2419 1654 2468 orationes
1689 2425 1850 2468 autem
1878 2421 1997 2484 legit
2023 2426 2067 2470 et

298 2502 413 2549 dixit
436 2502 581 2550 etiam
603 2503 775 2551 sedens
797 2518 857 2549 ne
880 2506 1033 2550 totum
1053 2501 1318 2566 chorumfet
1336 2502 1547 2550 officium
1567 2503 1862 2551 ordinarium
1879 2508 2064 2567 pertur-

294 2585 448 2645 baret,
483 2589 647 2632 Rmus.
683 2588 738 2633 D.
781 2585 1035 2632 cardinalis
1060 2603 1098 2631 s.
1131 2585 1375 2646 Praxedis,
1401 2586 1590 2634 detecto
1619 2587 1792 2650 capite,
1817 2591 1947 2636 stans
1981 2588 2066 2636 be-

295 2667 473 2715 nedixit
520 2668 677 2716 eidem
724 2670 949 2731 Capuano
992 2668 1311 2727 celebraturo,
1358 2684 1536 2717 nonam
1573 2669 1834 2718 lectionem
1875 2671 2068 2719 matuti-

297 2766 465 2798 narum
486 2751 689 2803 lecturo,
715 2751 889 2799 ceteris
911 2751 1133 2798 omnibus
1155 2751 1477 2799 cardinalibus
1501 2768 1664 2800 secum
1682 2754 2064 2817 assurgentibus,

297 2833 377 2895 qui
400 2837 447 2880 et
468 2838 704 2880 steterunt
726 2849 877 2896 usque
899 2834 959 2880 ad
980 2834 1163 2881 finitam
1183 2834 1441 2881 lectionem
1456 2835 1742 2897 predictam,
1762 2839 1808 2881 et
1827 2835 1890 2881 Te
1906 2836 2064 2883 Deum

297 2915 543 2962 laudamus
568 2916 860 2978 completum
876 2919 922 2962 et
945 2916 1211 2963 orationem
1228 2919 1396 2978 postea
1415 2931 1502 2979 pro
1521 2917 1847 2965 celebrantem
1868 2918 2063 2979 dictam,

295 3002 550 3062 postquam
579 2998 768 3061 incepta
807 3003 880 3045 est
912 2998 1075 3056 missa,
1116 3002 1160 3044 et
1203 2998 1249 3044 in
1289 3013 1343 3046 ea
1383 3014 1437 3046 ac
1472 2999 1731 3059 matutinis,
1763 3001 1926 3048 omnia
1963 3005 2070 3050 acta

297 3085 438 3144 prout
459 3081 508 3127 in
529 3081 769 3129 ordinario
792 3081 980 3129 dicitur.

362 3167 414 3211 In
436 3164 566 3212 curia
587 3164 666 3212 ubi
689 3164 953 3212 cardinales
983 3165 1138 3213 solent
1171 3181 1320 3228 equos
1343 3181 1428 3213 seu
1459 3166 1613 3213 mulas
1643 3183 1753 3214 suas
1784 3167 2066 3226 ascendere,

297 3263 394 3294 non
414 3247 503 3295 fuit
523 3247 664 3310 ignis,
690 3263 847 3311 neque
870 3248 918 3295 in
937 3249 1148 3296 secunda
1169 3248 1277 3296 aula
1289 3248 1469 3311 palatii,
1490 3249 1602 3298 licet
1623 3250 1671 3297 in
1692 3249 1924 3298 ambobus
1946 3249 2068 3298 locis

297 3330 575 3392 hujusmodi
596 3329 687 3378 hac
715 3334 855 3378 nocte
878 3329 1000 3393 ignis
1028 3344 1133 3377 esse
1159 3334 1475 3377 consueverat
1499 3330 1738 3393 copiosus,
1765 3329 1894 3392 quod
1924 3333 2062 3377 Rmo.

302 3415 356 3459 l).
391 3413 618 3461 cardinali
661 3416 902 3476 Capuano,
934 3417 1042 3460 ante
1083 3413 1264 3460 exitum
1298 3415 1356 3461 de
1391 3414 1593 3461 cameris
1630 3414 1746 3471 suis,
1780 3411 2062 3475 significavi;
