2216 3886
294 245 362 279 608
1025 246 1309 283 APPENDICE.

300 345 457 397 Borgia
474 349 615 386 ortum
636 346 804 386 habens
820 358 873 386 ex
890 347 1086 399 Valentia
1108 347 1279 387 civitate
1293 346 1566 387 nobilissima
1587 357 1634 386 re
1656 350 1696 387 et
1719 348 1923 398 opinione
1943 350 2069 390 miles

298 411 502 463 egregius
521 423 530 450 :
553 411 804 452 Helisabeth
826 411 974 450 matris
990 413 1236 450 maternum
1253 420 1396 462 genus
1415 421 1467 450 ex
1487 411 1736 451 Porciorum
1756 411 1920 455 familia
1938 416 2071 456 Rome

296 479 468 516 vetusta
490 488 539 516 ac
556 476 760 527 precipua
783 476 909 527 quus
929 475 1074 527 gentis
1095 474 1256 514 familia
1278 477 1345 514 est
1365 486 1460 515 mea
1470 505 1567 515 ......

348 557 367 577 «
393 571 472 581 .....
497 541 663 582 Creavit
687 540 894 592 (Calixtus
922 539 993 592 Ill)
1014 539 1275 580 Ludovicum
1300 539 1456 580 Milano
1478 543 1520 580 et
1541 540 1800 582 Rodericum
1826 545 1981 597 Borgia
1997 557 2070 587 ne·

292 609 417 656 potes
438 606 678 645 cardinales
702 605 878 645 demum
894 605 1226 657 magistratibus
1247 615 1298 645 ac
1318 605 1460 646 Cinc10
1479 606 1626 646 Porcio
1650 610 1804 658 patruo
1828 620 1926 650 meo
1949 611 2072 652 urbis

288 674 392 710 tunc
412 672 622 720 perpetuo
653 669 910 710 cancellario
937 669 1173 721 reliquisve
1194 669 1352 710 Porciis
1379 672 1702 722 expetentibus.
1738 674 1974 715 Rodericus
1995 675 2072 728 ju-

288 735 383 774 nior
393 734 632 775 Cardinalis
645 737 802 774 sanctae
817 736 1021 775 Romanae
1031 734 1225 774 ecclesiae
1238 734 1632 786 vicecancellarius,
1647 739 1892 789 postposito
1904 741 2073 793 majore

287 802 444 850 nepote
465 811 488 839 a
513 799 676 840 Calixto
694 800 925 850 avunculo,
949 800 1208 852 designatur
1230 800 1299 852 cuj
1307 811 1358 840 us
1376 801 1646 842 cancellariae
1665 803 1986 854 amplissimum
2014 805 2072 846 of-

285 863 429 904 ficium
447 865 574 905 annis
593 867 759 905 XXXVI
783 865 901 905 omni
927 877 1026 905 cum
1058 865 1271 917 dignitate
1305 866 1493 907 servavit
1529 870 1571 907 et
1597 868 1738 917 auxit,
1764 869 1954 910 honores
1981 882 2069 912 non

285 929 415 969 modo
435 929 593 970 nimios
609 931 688 971 sed
704 931 949 983 legationes
969 944 977 970 :
996 930 1302 981 Hispaniarum
1324 932 1569 982 praesertim
1590 935 1632 972 et
1647 944 1797 973 curam
1813 939 2068 986 perpetuam

285 995 465 1047 recepit,
489 1006 622 1046 quam
641 996 696 1036 ob
711 1008 803 1036 rem
820 996 1081 1036 Ferdinandi
1098 996 1270 1036 illarum
1285 997 1402 1048 regis
1423 997 1696 1038 invictissimi
1711 999 2066 1042 benevolentiam

283 1071 459 1100 omnem
474 1064 516 1100 et
530 1060 752 1101 affinitatis
769 1061 991 1102 vinculum
1007 1061 1258 1112 reportavit.
1282 1061 1443 1102 Prefuit
1458 1074 1546 1102 una
1562 1064 1693 1103 simul
1709 1064 1952 1116 Valentino,
1970 1067 2068 1107 Car-

283 1124 505 1177 figmensi,
525 1127 815 1179 MaJ'oricensi,
832 1127 1034 1179 Agriensi
1049 1130 1091 1167 et
1109 1126 1338 1167 Portuensi
1358 1127 1534 1167 demum
1550 1128 1876 1180 episcopatibus
1891 1131 2073 1185 illisque

282 1190 518 1241 plurimum
540 1192 797 1232 restauratis
814 1204 837 1232 a
859 1191 1165 1232 Cardinalibus
1180 1190 1373 1232 Pontifex
1388 1193 1607 1233 maximus
1624 1193 1874 1248 deputatur,
1892 1198 2070 1251 eligitur

281 1256 559 1306 unanimiter,
578 1257 845 1298 unanimiter
863 1256 1306 1298 confirmatur.........
1333 1288 1341 1296 .

338 1337 357 1358 «
384 1351 465 1362 .....
488 1324 612 1363 Extat
640 1323 886 1363 Alexander
916 1326 1081 1363 statura
1115 1333 1338 1374 procerUS‚
1374 1324 1518 1364 colore
1544 1324 1703 1374 medio,
1727 1325 1865 1378 nigris
1898 1328 2066 1369 oculis:

282 1389 364 1427 Ore
384 1388 611 1438 paululum
643 1388 838 1439 pleniore
863 1401 871 1428 :
905 1388 1165 1429 Valetudine
1185 1399 1396 1440 prospera
1416 1389 1579 1430 laboris
1596 1390 1705 1430 altra
1721 1390 1818 1445 (sic)
1839 1391 1973 1434 fidem
1989 1405 2065 1446 pa-

284 1452 394 1493 tiens
427 1465 506 1494 seu
540 1454 604 1493 sol
633 1466 641 1493 :
682 1454 768 1494 Seu
796 1454 851 1494 sit
880 1454 1034 1494 imber.
1076 1454 1332 1505 Eloquentia
1367 1455 1564 1505 preditus
1597 1456 1824 1508 singularI,
1857 1469 1882 1498 a
1914 1459 2065 1500 sevitia

281 1518 397 1558 omni
417 1519 591 1570 penitus
613 1519 798 1569 alienus,
815 1519 1012 1560 omnium
1032 1530 1187 1571 expers
1203 1530 1289 1571 que
1308 1519 1366 1560 ad
1378 1521 1714 1572 gubernandam
1731 1533 1824 1562 rem
1842 1523 2064 1573 publicam

283 1583 517 1634 pertinent.
542 1584 787 1636 Principum
814 1596 863 1625 ac
897 1596 1052 1637 regum
1078 1585 1290 1625 amicitias
1317 1586 1598 1636 potissimum
1620 1587 1753 1626 coluit
1776 1600 1786 1627 ε
1816 1588 2069 1630 Delectatur

281 1649 496 1689 immensa
517 1649 710 1690 virorum
731 1649 893 1690 familia
915 1650 1184 1701 prelatorum
1206 1653 1248 1690 et
1263 1651 1415 1691 ordine
1442 1651 1574 1703 longo
1595 1664 1604 1690 ε
1630 1651 1745 1691 Varii
1770 1654 1947 1705 generis
1969 1654 2061 1695 edi-

280 1711 374 1753 ficia
403 1713 548 1754 divino
583 1725 631 1755 ac
656 1715 849 1755 humano
878 1715 978 1755 usui
1004 1715 1256 1755 necessaria
1287 1716 1528 1756 construxit
1559 1728 1569 1755 :
1601 1717 1817 1758 Habitavit
1845 1719 1985 1770 primo
2018 1719 2063 1759 in

280 1778 458 1830 regione
479 1780 626 1820 Pontis
649 1780 806 1819 edibus
821 1780 1008 1831 propriis
1028 1779 1151 1832 juxta
1170 1779 1257 1820 divi
1273 1780 1405 1820 Blasii
1426 1781 1651 1820 basilicam
1669 1783 1861 1824 maximo
1884 1787 2066 1836 sumptu

280 1844 533 1896 compositis
549 1856 628 1885 nec
650 1844 900 1885 carentibus
914 1857 1044 1896 auro;
1065 1849 1163 1899 post
1183 1849 1330 1887 autem
1347 1845 1648 1897 pontificatum
1670 1848 1909 1889 maximum
1925 1848 1969 1889 in
1984 1861 2062 1901 pa·

277 1909 380 1950 latio
401 1909 487 1950 divi
502 1910 614 1950 Petri
630 1911 810 1951 Basilice
825 1911 869 1950 in
883 1912 1087 1952 Vaticano
1102 1912 1336 1965 conjuncto
1356 1911 1475 1963 quod
1491 1923 1605 1963 pape
1624 1915 1796 1953 tantum
1813 1913 2061 1956 inhabitare

278 1974 559 2024 permittitur.
582 1977 705 2016 Nunc
725 1976 843 2017 illius
865 1977 1194 2018 coronationem
1216 1988 1267 2017 eo
1288 1987 1376 2029 quo
1403 1980 1530 2029 gesta
1561 1980 1629 2018 est
1647 1978 1798 2019 ordine
1819 1979 2058 2033 depingua-

279 2051 376 2080 mus
400 2054 408 2081 :
433 2043 583 2081 octavo
604 2041 703 2081 idus
722 2042 900 2094 augusti
914 2053 1032 2083 anno
1047 2046 1175 2083 antea
1199 2043 1428 2095 designato
1445 2043 1684 2083 Hostiensis
1707 2044 1941 2095 episcopus
1960 2045 2060 2086 Car-

279 2105 434 2146 dinalis
465 2117 665 2146 summus
698 2106 1031 2158 penitentiarius
1062 2108 1249 2159 Spiritus
1285 2108 1431 2148 Sancti
1460 2108 1733 2149 invocatione
1760 2120 1972 2161 sacraque
2001 2109 2056 2151 de

278 2182 398 2211 more
420 2171 601 2224 peregit.
625 2172 863 2224 Episcopus
885 2173 1094 2214 Pacensis
1111 2173 1372 2214 Ferdinandi
1399 2176 1441 2213 et
1471 2173 1723 2213 Helisabeth
1752 2173 2058 2225 Hispaniarum

277 2238 319 2276 et
339 2237 541 2277 Granatae
559 2247 712 2289 regum
731 2241 878 2278 orator
896 2239 1010 2279 bene
1024 2239 1206 2279 meritus
1222 2239 1361 2278 multa
1381 2238 1435 2279 de
1457 2239 1620 2289 optimo
1641 2237 1845 2279 Pontifice
1865 2240 2056 2280 maximo

276 2301 478 2353 eligendo
500 2302 749 2342 acutissime
775 2314 855 2344 nec
883 2302 1044 2344 frustra
1079 2304 1300 2344 disseruit.
1324 2305 1425 2344 Post
1448 2304 1542 2344 haec
1569 2303 1824 2344 CardInales
1851 2304 2056 2345 conclave

277 2366 524 2408 subintrant
542 2380 551 2407 ε
567 2367 688 2408 locus
704 2371 770 2408 est
790 2368 835 2408 in
857 2379 979 2409 sacro
1000 2369 1161 2420 palatio
1179 2370 1256 2410 ubi
1274 2369 1394 2409 nullo
1411 2369 1592 2420 pariete,
1609 2369 1731 2409 tenui
1745 2372 1917 2410 tantum
1930 2369 2056 2411 viridi

283 2432 499 2473 velamine
515 2433 764 2485 interJecto‚
788 2433 1005 2485 pontificis
1026 2435 1282 2475 electionem
1304 2433 1383 2475 soli
1404 2433 1652 2475 conficiunt.

277 2551 1991 2564 ·························

332 2639 351 2659 «
388 2623 522 2664 Valde
540 2635 667 2665 mane
684 2625 752 2665 die
770 2637 901 2677 quem
922 2625 1112 2666 diximus
1132 2626 1335 2678 Augusti,
1352 2628 1444 2666 erat
1460 2627 1610 2665 autem
1624 2624 1718 2665 dies
1738 2625 1927 2675 sabbati,
1946 2625 2052 2665 Pon-

276 2687 377 2728 tifex
399 2688 646 2729 Alexander
666 2701 718 2730 ex
745 2691 949 2731 conclave
969 2691 1194 2731 electionis
1214 2691 1308 2731 1000
1331 2694 1432 2731 ante
1453 2690 1600 2731 omnia
1617 2691 1753 2731 altare
1772 2691 1918 2743 maJus
1936 2689 2053 2741 quod

274 2753 410 2793 sancti
430 2753 542 2794 Petri
563 2755 744 2795 Basilice
764 2759 912 2806 preest
930 2756 1116 2796 :cunctis
1132 2758 1264 2796 Deum
1283 2756 1544 2807 appollinari
1558 2755 1749 2796 carmine
1765 2755 2051 2795 laudantibus

273 2818 553 2858 devotissime
580 2820 787 2860 salutavit
810 2833 818 2859 :
852 2821 1019 2860 Atrium
1040 2821 1197 2861 deinde
1228 2820 1485 2871 pontificum
1507 2821 1624 2871 quod
1653 2820 1811 2870 papale
1838 2819 2049 2870 palatium

272 2882 388 2922 curia
409 2886 534 2923 vocat
547 2883 794 2935 ingreditur
811 2896 950 2936 eoque
968 2885 1129 2936 quievit
1148 2898 1156 2924 :
1174 2889 1293 2925 sexto
1307 2896 1410 2926 vero
1427 2884 1632 2925 calendas
1652 2884 1912 2935 septembris
1934 2894 2051 2924 coro—

273 2947 390 2986 natio
410 2947 491 2987 hoc
508 2948 660 2988 ordine
679 2949 937 2989 celebratur.

327 3029 346 3047 «
378 3012 559 3053 Ministri
580 3014 771 3065 primum
792 3015 941 3055 sericis
960 3015 1158 3055 vestibus
1179 3015 1370 3066 cooperti
1391 3018 1626 3068 argenteos
1647 3015 1827 3056 baculos
1843 3015 2050 3055 manibus

268 3081 491 3129 gestantes
514 3090 646 3130 puras
668 3080 762 3120 vias
783 3083 1046 3132 apertasque
1068 3081 1323 3131 prestabant
1341 3092 1349 3120 :
1373 3081 1560 3133 singulis
1580 3081 1695 3121 binis
1711 3080 2047 3133 magistratibus

267 3145 521 3194 purpuratis
537 3131 875 3186 succedentibus
890 3145 1084 3186 seriatim
1104 3146 1404 3197 sequebantur
1419 3145 1611 3197 episcopi
1631 3157 1764 3186 aurea
1786 3146 2045 3186 vestimenta

267 3210 492 3255 portantes
513 3207 626 3250 albis
649 3211 788 3251 mitris
820 3211 1034 3262 impositis
1062 3212 1220 3262 capiti:
1248 3211 1320 3251 His
1350 3211 1572 3263 proximus
1602 3214 1669 3251 est
1701 3222 1824 3251 sacer
1843 3210 2044 3252 Cardina-

266 3270 375 3312 lium
409 3277 607 3325 senatus,
636 3276 911 3317 dalmaticam
943 3287 1123 3317 auream
1153 3277 1322 3317 diaconi
1348 3276 1476 3328 primi
1506 3287 1638 3327 super
1670 3287 1808 3328 equos
1837 3275 2042 3316 sedentes

266 3336 377 3376 albis
412 3342 572 3380 stratos
601 3342 883 3393 operimentis
912 3341 1172 3391 deferenteS,
1197 3342 1250 3382 de
1271 3353 1458 3393 quorum
1487 3342 1762 3382 institutione
1793 3339 2036 3381 necessaria
