2222 3926
309 341 375 377 190
933 341 1167 378 JOHANNIS
1200 340 1494 385 BURCHARDI,
1797 342 1961 381 [Octobre
1984 342 2077 382 1494]

303 442 491 490 innanzi
513 442 558 490 al
577 442 921 505 luogotenente
943 441 1021 489 del
1042 442 1262 504 capitano
1285 441 1411 488 della
1431 439 1629 502 guardia
1656 439 1701 486 di
1731 439 1861 487 detto
1884 441 2072 503 palazzo

305 530 430 573 sotto
453 540 579 588 pena
604 525 649 572 di
672 525 934 572 rebellione
957 540 982 571 e
1011 523 1354 571 confiscatione
1384 521 1430 568 di
1462 522 1568 569 tutti
1600 521 1738 570 iloro
1770 521 1882 570 beni
1909 522 2074 570 mobili

303 612 351 656 01
385 608 560 666 stabili,
598 622 623 655 e
657 606 970 654 demolitione
1003 605 1127 652 delle
1159 604 1264 651 loro
1308 619 1419 651 case
1454 620 1479 652 e
1518 604 1782 667 privatione
1823 604 1934 653 delli
1971 605 2074 653 loro

301 690 524 738 beneficii
554 694 600 737 et
626 689 793 746 officii,
817 688 945 735 nella
968 687 1079 750 qual
1109 702 1249 750 pena,
1275 691 1468 750 passato
1504 687 1634 740 (10110
1669 688 1873 736 termine
1901 687 1940 735 si
1974 687 2076 736 fara

303 772 427 820 reale
459 770 740 819 esecutione
774 776 943 818 contra
974 770 1020 817 di
1054 770 1132 817 chi
1164 773 1272 818 sara
1302 770 1627 830 inobediente,
1660 786 1686 818 e
1715 786 1742 818 a
1773 771 1879 819 tutti
1909 771 2070 833 quelli,

303 855 393 903 che
431 854 467 901 si
499 858 897 918 presentaranno,
933 868 959 901 0
995 868 1201 901 saranno
1234 853 1496 913 obedienti,
1532 854 1570 901 si
1604 854 1867 917 provedera
1894 853 2069 912 subito,

302 955 328 986 0
352 940 460 986 sara
482 938 591 985 dato
616 936 931 985 conveniente
954 936 1126 984 salario
1149 951 1174 984 e
1197 936 1435 999 stipendio
1458 937 1668 985 secondo
1686 936 1733 984 la
1748 936 1853 984 loro
1875 936 2068 999 qualita.

362 1023 487 1069 Item
507 1020 684 1084 perche
704 1020 736 1067 li
757 1019 962 1083 predetti
983 1022 1220 1083 Prospero
1237 1036 1262 1067 0
1284 1019 1491 1068 Fabritio
1514 1020 1728 1068 Colonna
1748 1024 1795 1067 et
1815 1019 2070 1068 Antonello

303 1104 489 1153 Savello
517 1103 680 1150 hanno
708 1102 1135 1166 proditoriamente
1163 1102 1358 1166 pigliato
1390 1118 1418 1151 o
1448 1102 1567 1151 fatto
1603 1103 1803 1167 pigliare
1834 1103 1882 1151 la
1916 1105 2074 1150 Rocca

304 1186 499 1245 d'Ostia‚
537 1201 562 1234 e
594 1185 823 1249 tengonla
854 1185 899 1233 di
932 1185 1048 1233 fatto
1083 1190 1316 1248 occupata
1350 1189 1398 1234 et
1437 1185 1599 1234 hanno
1639 1186 1862 1245 rubbato,
1897 1201 1924 1233 o
1954 1185 2071 1234 fatto

301 1270 524 1329 rubbare,
550 1274 597 1318 et
617 1270 947 1333 impediscono
973 1270 1017 1317 10
1038 1269 1339 1333 vettovaglie,
1365 1269 1455 1318 che
1479 1269 1518 1317 si
1539 1274 1805 1334 portavano
1827 1269 1918 1317 alla
1939 1272 2071 1317 corte

302 1356 348 1403 di
371 1358 541 1413 Roma,
565 1369 652 1417 per
678 1368 812 1401 mare
841 1369 866 1400 e
896 1368 984 1416 per
1010 1358 1163 1412 terra3
1190 1352 1228 1399 si
1249 1339 1478 1402 ba11disce
1509 1368 1535 1401 e
1563 1354 1801 1402 comanda
1825 1368 1911 1417 per
1935 1357 2071 1417 parte

301 1438 347 1485 di
369 1454 455 1485 sua
486 1438 671 1486 Santita
697 1453 723 1484 a
743 1437 950 1500 predetti
974 1439 1211 1500 Prospero
1235 1453 1260 1484 e
1282 1436 1491 1484 Fabritio
1520 1436 1786 1484 Colonnae
1816 1436 2070 1484 Antonello

302 1521 486 1569 Savello
528 1524 576 1569 et
606 1536 634 1568 a
665 1520 938 1583 qualunque
978 1520 1096 1568 altro
1130 1519 1232 1568 loro
1265 1519 1473 1578 fratello,
1508 1518 1778 1579 adherenti,
1810 1535 1836 1568 e
1876 1520 2070 1583 seguaci

303 1603 425 1662 loro,
450 1603 542 1651 che
561 1603 684 1650 infra
709 1603 913 1651 termine
931 1603 976 1650 di
997 1603 1064 1651 sei
1083 1603 1131 1650 di
1147 1603 1370 1666 pressimi
1392 1603 1453 1650 da
1472 1602 1656 1662 venire,
1681 1602 2068 1650 incominciando

301 1702 440 1735 come
470 1687 515 1733 di
548 1702 707 1750 sopra,
733 1686 842 1734 delli
874 1686 1000 1749 quali
1028 1686 1119 1733 due
1142 1702 1230 1749 per
1253 1685 1299 1733 lo
1321 1685 1495 1749 primo,
1522 1685 1613 1733 due
1634 1700 1721 1748 per
1740 1686 1787 1733 lo
1810 1685 2020 1733 secondo
2044 1701 2069 1734 e

299 1774 389 1822 due
410 1789 497 1837 per
515 1770 544 1817 l'
564 1769 750 1828 ultimo,
770 1785 795 1818 e
817 1768 1141 1832 peremptorio
1169 1768 1374 1816 termine
1397 1784 1425 1815 a
1444 1768 1567 1827 loro,
1593 1783 1619 1815 0
1647 1768 1873 1816 01050000
1897 1768 1942 1815 (11
1964 1768 2069 1816 loro

302 1856 337 1903 s’
361 1869 632 1918 assegnano
656 1857 781 1900 sotto
808 1867 934 1915 pena
954 1851 999 1898 di
1023 1851 1283 1899 rebellione
1312 1866 1337 1898 e
1363 1850 1710 1899 confiscatione
1736 1851 1783 1898 di
1805 1851 1912 1899 tutti
1932 1851 1946 1899 i
1966 1852 2071 1900 loro

297 1939 407 1987 beni
437 1937 602 1985 mobili
625 1952 650 1984 e
672 1934 924 1992 immobili,
956 1949 981 1982 e
1005 1934 1313 1982 demolitione
1342 1933 1388 1981 di
1414 1933 1518 1982 loro
1541 1950 1670 1993 case,
1694 1950 1720 1982 e
1750 1934 2069 1998 depertitione

297 2022 342 2069 di
375 2020 483 2069 tutti
515 2019 684 2067 indulti
718 2033 744 2066 e
775 2017 1026 2081 privilegii,
1061 2017 1235 2065 honori
1269 2033 1294 2065 e
1325 2017 1508 2080 dignita
1541 2032 1566 2064 e
1599 2017 1824 2076 diterre,
1861 2017 2066 2075 castelli,

295 2103 462 2167 luoghi
503 2118 529 2151 e
566 2101 765 2149 dominii
803 2101 893 2148 che
934 2099 1059 2147 dalla
1097 2105 1234 2147 santa
1272 2099 1387 2147 sede
1426 2099 1690 2162 apostolica
1722 2100 1981 2148 havessero
2022 2099 2069 2146 in

296 2187 439 2235 feudo
468 2202 494 2234 0
530 2185 580 2233 10
608 2183 914 2247 emphiteosi,
946 2182 1165 2230 debbano
1196 2182 1436 2231 restituire
1461 2183 1508 2230 la
1534 2182 1665 2231 detta
1698 2186 1857 2231 Rocca
1887 2183 2068 2230 d'Ostia

295 2270 611 2317 liberamente
646 2283 674 2314 a
704 2282 791 2314 sua
817 2265 1137 2324 Beatitudine,
1163 2265 1448 2313 altramente
1474 2269 1666 2328 passato
1697 2266 1828 2314 detto
1864 2265 2068 2313 termine

226 2352 236 2356 ”
298 2353 343 2400 (11
373 2352 443 2400 501
472 2351 520 2399 di
552 2350 599 2398 di
628 2348 832 2412 prefisso
863 2364 891 2396 a
917 2349 1047 2396 detta
1075 2348 1376 2396 restitutione
1409 2348 1532 2407 loro,
1570 2364 1596 2396 e
1630 2348 1856 2396 ciascuno
1891 2348 1937 2395 di
1968 2349 2072 2396 loro

297 2436 387 2484 che
415 2434 804 2491 contrafaranno,
841 2431 1085 2479 incurrant
1114 2431 1218 2494 ipso
1251 2430 1379 2479 facto
1402 2430 1492 2479 alle
1514 2431 1644 2479 dette
1671 2447 1795 2494 pene
1830 2447 1970 2479 senza
1990 2431 2071 2495 piu

297 2519 417 2567 altro
437 2533 687 2582 processo,
712 2521 941 2564 sentenza
966 2533 993 2563 0
1021 2516 1387 2576 dichiaratione,
1412 2520 1460 2565 et
1490 2531 1669 2564 ancora
1697 2516 1806 2564 tutti
1829 2516 1933 2564 loro
1961 2531 2072 2580 pre-

296 2601 414 2650 detti
431 2601 543 2648 beni
571 2601 606 2648 s'
628 2600 892 2648 intendano
920 2615 1082 2649 essere
1112 2599 1362 2648 confiscati
1395 2603 1442 2648 et
1473 2599 1696 2663 applicati
1728 2615 1756 2646 a
1780 2615 1866 2647 sua
1889 2599 2072 2648 Santita

298 2685 508 2733 siccome
530 2699 617 2747 per
636 2683 683 2731 10
701 2687 929 2747 presente
952 2683 990 2730 si
1011 2683 1235 2741 decerne,
1261 2698 1286 2731 0
1311 2682 1525 2731 dichiara
1547 2683 1651 2746 ipso
1672 2682 1798 2730 facto
1821 2682 2070 2730 confiscati

298 2783 323 2814 e
345 2765 553 2814 devoluti
577 2782 603 2813 e
626 2767 851 2830 applicati
878 2783 906 2815 a
933 2783 1019 2815 sua
1049 2766 1368 2826 Beatitudine,
1391 2783 1417 2814 e
1444 2763 1637 2815 camera
1663 2765 1926 2830 apostolica
1949 2765 2071 2814 libe-

297 2849 446 2897 rando
475 2854 522 2897 et
560 2849 849 2898 absolvendo
885 2850 934 2897 in
967 2850 1044 2898 tal⁷
1086 2865 1198 2898 caso
1233 2865 1318 2897 sua
1355 2849 1538 2898 Santita
1571 2849 1681 2897 tutti
1708 2848 1813 2896 loro
1844 2848 2019 2896 sudditi
2041 2864 2067 2897 0

298 2932 467 2981 vassali
486 2932 547 2981 da
562 2933 673 2996 ogni
695 2933 997 2996 giuramento
1016 2933 1062 2981 di
1082 2933 1177 2982 fide
1199 2932 1310 2980 data
1327 2947 1352 2981 e
1379 2931 1675 2991 obedienzia,
1698 2931 1788 2980 che
1809 2931 2066 2980 havessero

299 3019 509 3077 prestata
533 3014 611 3062 alli
634 3015 837 3079 predetti
868 3015 1095 3075 Fabritio,
1123 3018 1377 3078 Prospero,
1400 3013 1656 3063 Antonello
1687 3018 1735 3062 et
1761 3014 1865 3062 loro
1893 3011 2066 3062 fratelli

299 3100 346 3144 et
378 3098 583 3160 parenti,
619 3114 646 3145 0
680 3098 788 3146 altri
827 3099 917 3147 che
957 3099 1140 3147 fossero
1184 3096 1491 3155 intervenuti,
1530 3097 1730 3146 havesse
1773 3096 2064 3156 consentito,

300 3181 615 3244 consegliato,
649 3181 758 3229 dato
793 3182 924 3245 ajuto
947 3186 993 3229 et
1025 3181 1184 3229 favore
1218 3180 1266 3228 in
1296 3179 1427 3227 detta
1455 3179 1742 3243 proditione,
1782 3179 1963 3229 directe
1992 3178 2066 3228 vel

299 3261 548 3321 indirecte,
574 3267 621 3311 et
641 3279 727 3326 per
745 3262 792 3310 la
811 3267 1035 3325 presente
1057 3262 1202 3310 etiam
1224 3261 1262 3309 si
1285 3260 1564 3309 concedono
1587 3276 1611 3308 e
1632 3261 1831 3308 donansi
1850 3261 1897 3309 in
1918 3260 2067 3325 preda

301 3345 406 3392 tutti
425 3344 489 3407 gli
520 3344 715 3392 animali
747 3345 856 3393 delli
889 3344 1095 3408 predetti
1120 3360 1145 3392 e
1175 3345 1234 3393 de
1259 3344 1362 3392 loro
1388 3344 1557 3392 vassali
1585 3348 1632 3392 et
1654 3344 1829 3393 sudditi
1856 3344 1946 3392 che
1967 3359 2064 3391 non

303 3441 508 3475 saranno
539 3426 782 3474 obedienti
804 3443 831 3474 a
849 3443 935 3475 sua
961 3426 1160 3485 Santita,
1184 3430 1231 3474 01
1258 3426 1346 3475 che
1374 3427 1434 3475 ad
1462 3442 1655 3491 ognuno
1683 3426 1752 3475 sia
1776 3426 1919 3476 lecito
1947 3425 2063 3474 detti
