2216 3886
246 316 315 351 600
851 310 1083 346 JOHANNIS
1119 309 1411 355 RURCHARDI,
1695 313 1898 354 [Decembre
1922 318 2017 358 1499j

250 415 492 480 prosecuti
523 419 657 470 sunt,
692 427 881 459 murum
915 426 1066 472 usque
1105 411 1166 457 ad
1201 410 1516 472 quantitatem
1555 412 1854 477 designatam
1888 434 2017 467 rum-

249 505 419 564 pentes
439 515 449 557 ;
470 498 520 545 in
547 511 640 558 qua
668 498 879 557 ruptura,
905 492 1114 540 mediam
1142 493 1311 540 horam
1345 494 1414 541 vel
1445 493 1571 542 circa
1597 507 2016 561 consumpserunt,

252 581 527 631 cantoribus
561 576 737 624 nostris
770 574 999 623 continuo
1035 574 1323 638 antiphonas
1354 580 1401 622 et
1432 581 1625 624 cantum
1654 593 1822 627 eorum
1854 597 2020 645 supra-

251 664 481 726 scriptum
514 658 705 707 interim
737 657 1038 705 cantantibus
1072 661 1118 704 et
1153 658 1500 720 repetentibus.
1535 661 1901 724 Quamprimum
1933 666 2017 712 SS.

252 751 309 795 D.
334 748 390 793 N.
415 741 631 806 pervenit
659 740 720 789 ad
747 744 934 803 portam
961 739 1246 802 predictam,
1271 744 1529 803 antequam
1558 744 1817 792 versiculos
1846 752 1893 794 et
1914 763 2022 796 ora-

250 830 429 876 tionem
450 823 767 889 prescriptam
786 826 1051 882 cantarent,
1074 822 1239 870 RRmi.
1261 825 1361 870 DD.
1380 825 1647 874 cardinales
1665 828 2021 890 Ulixbonensis,

252 910 477 968 Ursinus,
518 911 573 955 R.
618 909 673 954 D.
715 906 1106 969 archiepiscopus
1148 906 1414 970 Ragusinus
1458 908 1537 970 qui
1584 910 1726 958 etiam
1771 911 1837 960 ibi
1872 915 2045 976 parati

250 995 531 1050 intererant,
556 993 863 1038 recesserunt
881 988 991 1036 ituri
1013 988 1072 1036 ad
1092 988 1315 1036 basilicas
1337 994 1383 1038 et
1408 990 1638 1039 ecclesias
1661 993 1721 1040 ad
1741 995 2025 1058 aperiendas

251 1077 430 1126 ibidem
450 1079 610 1140 portas
632 1089 819 1132 aureaS,
844 1077 986 1135 prout
1007 1089 1035 1121 a
1053 1075 1137 1122 SS.
1164 1076 1220 1121 D.
1241 1076 1297 1122 N.
1323 1074 1475 1123 fuerat
1497 1091 1801 1124 concessum.
1823 1078 1942 1126 Dedi
1965 1082 2021 1126 D.

252 1158 614 1223 archiepiscopo
644 1156 886 1220 Ragusino
915 1156 1102 1220 copiam
1123 1158 1467 1205 versiculorum
1490 1162 1536 1205 et
1558 1159 1787 1206 orationis
1811 1162 2025 1224 predicte

251 1258 338 1307 pro
360 1241 697 1289 informatione
717 1255 803 1287 sua
821 1244 867 1288 et
889 1240 1222 1300 instructione,
1245 1257 1336 1304 que
1361 1246 1408 1288 et
1429 1242 1670 1304 quomodo
1688 1242 1736 1289 in
1760 1244 2024 1306 aperitione

250 1330 388 1390 porte
411 1340 555 1372 auree
576 1323 771 1370 basilice
793 1339 832 1370 s.
859 1322 989 1370 Pauli
1010 1327 1202 1371 acturus
1224 1328 1375 1381 esset3
1401 1324 1487 1372 sed
1503 1339 1662 1386 neque
1684 1324 1849 1385 abbaS,
1869 1341 2024 1389 neque

255 1407 479 1456 monachi
511 1407 604 1454 ullo
626 1406 771 1454 modo
800 1405 1016 1453 sciebant
1042 1421 1133 1468 que
1157 1410 1285 1454 esset
1305 1411 1443 1469 porta
1471 1422 1617 1455 aurea
1644 1407 1693 1465 in
1722 1408 1849 1456 dicta
1870 1409 2027 1457 eccle-

256 1492 325 1540 sia
354 1509 366 1540 :
388 1490 574 1554 aperuit
595 1494 793 1553 propter
813 1504 887 1548 ea,
918 1494 968 1535 ut
991 1488 1107 1535 mihi
1131 1493 1298 1552 postea
1318 1490 1497 1549 retulit,
1522 1495 1617 1537 tres
1645 1495 1806 1554 portas
1835 1491 1883 1538 in
1906 1491 2025 1539 facie

257 1574 461 1623 ecclesie
495 1572 783 1630 obstructas,
807 1571 983 1635 potiuS,
1008 1576 1060 1618 ut
1088 1571 1326 1631 existimo,
1350 1573 1408 1619 ad
1439 1573 1816 1635 precludendum
1847 1575 2026 1622 malum

257 1675 419 1707 aerem
439 1672 582 1720 quam
603 1655 695 1702 alia
714 1654 901 1702 ratione
933 1658 1162 1702 muratas.
1189 1657 1258 1702 De
1278 1655 1355 1702 his
1377 1660 1540 1703 tamen
1563 1672 1732 1719 parum
1759 1661 1831 1704 est
1858 1673 2029 1705 curan-

259 1743 390 1801 dum,
409 1741 521 1804 quia
541 1739 642 1786 sola
663 1737 782 1784 fides
803 1737 949 1784 salvat
970 1737 1225 1794 rusticum3
1252 1737 1563 1786 ridiculosum
1584 1744 1745 1787 tamen
1768 1740 1884 1787 mihi
1902 1740 2030 1788 vide-

262 1826 401 1873 batur
435 1822 565 1887 quod
588 1837 756 1869 omnes
791 1820 1003 1883 religiosi
1032 1820 1145 1867 dicti
1178 1821 1458 1868 monasterii
1487 1826 1668 1870 tantam
1698 1838 1802 1870 rem
1838 1823 2031 1887 ignora-

260 1913 367 1956 rent
388 1907 471 1967 (1).
491 1908 575 1954 SS.
597 1907 652 1952 D.
678 1906 756 1961 N.,
777 1903 967 1951 interim
989 1903 1118 1965 quod
1132 1909 1272 1966 porta
1289 1904 1504 1967 predicta
1524 1921 1562 1952 s,
1583 1907 1709 1954 Petri
1728 1911 2031 1970 rumperetur

262 2007 346 2039 seu
373 1989 718 2054 perforaretur,
741 2002 934 2051 semper
957 1986 1205 2034 admonuit
1236 1992 1283 2035 et
1304 1987 1417 2035 fecit
1439 1988 1688 2037 admoneri
1716 1989 1844 2052 quod
1870 1989 2028 2037 nullus

261 2077 371 2120 ante
394 2071 707 2119 Sanctitatem
730 2085 866 2118 suam
886 2069 1233 2132 presumpserit
1251 2085 1358 2117 eam
1379 2071 1695 2133 pertransire;
1724 2088 1818 2135 quo
1833 2088 1928 2120 non
1951 2072 2034 2121 ob-

262 2159 435 2213 stante,
465 2170 586 2201 unus
616 2169 675 2200 ex
706 2153 1057 2200 laboratoribus
1093 2153 1152 2199 ab
1185 2153 1309 2200 intra
1341 2153 1651 2202 existentibus
1678 2155 2033 2214 inadvertenter

263 2242 310 2285 et
331 2237 552 2284 celeriter
572 2235 877 2298 pertransivit
897 2234 1175 2297 hujusmodi
1201 2239 1389 2297 portam
1420 2236 1740 2298 utquoddam
1766 2236 1951 2299 lignum
1973 2237 2031 2284 ab

263 2324 397 2366 extra
418 2317 628 2366 existens
657 2323 866 2382 caperet.
891 2321 931 2365 A
956 2333 1033 2366 me
1062 2318 1383 2381 reprehensus
1405 2333 1502 2366 non
1528 2319 1670 2367 rediit
1692 2320 1838 2378 intus,
1864 2319 1949 2367 sed
1976 2336 2034 2367 ex

263 2401 367 2449 aliis
387 2400 543 2448 nullus
566 2400 757 2449 intravit
783 2401 855 2449 vel
883 2401 1024 2449 exivit
1048 2405 1157 2449 ante
1181 2404 1375 2464 Papam.
1401 2404 1558 2464 Rupto
1576 2417 1712 2450 muro
1734 2402 1794 2449 ad
1814 2408 2036 2466 opportu-

263 2485 463 2531 nitatem
490 2499 577 2547 pro
601 2487 754 2546 porta,
780 2485 863 2531 SS.
891 2486 948 2532 D.
974 2486 1030 2531 N.
1054 2484 1112 2532 de
1140 2483 1255 2532 sede
1286 2483 1585 2532 descendens
1615 2483 1697 2531 ivit
1722 2484 1948 2547 pedester
1976 2484 2035 2532 ad

264 2571 470 2630 portam,
493 2566 552 2613 ad
586 2566 721 2629 cujus
752 2566 900 2613 limen
927 2567 1190 2629 genuflexit
1219 2566 1410 2614 detecto
1442 2567 1622 2630 capite3
1654 2567 1804 2615 oravit
1839 2567 1899 2614 ad
1926 2582 2036 2630 spa-

267 2650 383 2697 tium
419 2649 564 2697 medii
599 2649 832 2706 miserere,
868 2649 1119 2697 candelam
1160 2666 1296 2705 suam
1339 2649 1589 2698 ardentem
1628 2650 1857 2697 continuo
1890 2665 2035 2697 manu

267 2733 459 2779 sinistra
477 2733 706 2780 retinens
734 2733 949 2780 Surrexit
970 2737 1016 2780 et
1042 2747 1132 2795 ego
1161 2748 1272 2780 eum
1302 2733 1389 2779 sub
1416 2731 1615 2779 brachio
1638 2731 1830 2778 sinistro
1851 2731 1912 2778 ad
1932 2746 2034 2778 ma-

266 2829 381 2860 num
418 2814 658 2861 sinistram
696 2830 831 2861 suam
869 2830 977 2861 cum
1011 2815 1211 2862 candela
1244 2813 1464 2871 sustinui,
1494 2818 1541 2860 et
1569 2813 1759 2861 intravit
1791 2816 1918 2876 Papa
1948 2828 2036 2876 per

266 2901 455 2959 portam
477 2896 671 2943 basilice
690 2897 920 2959 predicte,
943 2899 991 2944 et
1010 2911 1116 2958 egO,
1140 2895 1367 2942 continuo
1390 2910 1499 2941 cum
1521 2909 1597 2954 eo,
1617 2910 1702 2941 seu
1724 2894 1844 2941 forte
1863 2909 2032 2956 parum

269 2983 379 3027 ante
407 2994 518 3026 eum
550 2983 598 3027 et
623 2981 680 3026 D.
713 2979 1035 3027 Bernardinus
1066 2978 1224 3025 socius
1259 2977 1512 3024 nobiscum
1543 2976 1604 3024 ad
1629 2976 1876 3024 dexteram
1906 2979 2034 3040 Pape

270 3062 528 3126 sustinenS,
561 3061 883 3124 processimus
924 3061 991 3108 sic
1031 3077 1140 3108 cum
1182 3060 1412 3108 Pontifice
1448 3075 1599 3123 usque
1633 3059 1692 3107 ad
1722 3059 2033 3108 medietatem

269 3145 393 3192 illius
414 3144 544 3191 navis
566 3144 645 3191 ubi
668 3146 795 3207 Papa
819 3160 869 3192 se
897 3144 1140 3208 paululum
1162 3143 1364 3191 firmavit
1391 3148 1438 3191 et
1468 3143 1620 3191 secuti
1646 3148 1756 3190 sunt
1785 3157 1896 3191 eum
1918 3158 2032 3190 crux

269 3244 355 3275 sua
375 3244 482 3276 cum
509 3227 828 3287 subdiaconis,
849 3227 1114 3274 cardinales
1137 3233 1183 3274 et
1204 3227 1371 3290 prelati
1395 3242 1505 3274 cum
1527 3242 1703 3289 magna
1722 3241 1965 3289 pressura,
1986 3229 2031 3273 et

305 3351 349 3386 -1.
379 3350 480 3387 Cette
507 3363 693 3399 remarque
719 3352 763 3387 (le
792 3351 977 3387 Burchard
1006 3351 1124 3387 donno
1155 3350 1188 3386 la
1219 3356 1302 3387 note
1329 3354 1452 3386 exacte
1484 3350 1532 3385 du
1560 3349 1786 3397 scepticisme
1807 3349 1872 3384 des
1900 3348 2033 3395 preiuts

272 3409 427 3447 romains
450 3410 509 3456 qui
531 3409 763 3457 exptoitaiont
785 3410 816 3445 le
838 3410 931 3447 culte
952 3410 1035 3445 ‹l‘uu
1058 3409 1139 3445 :lieu
1155 3410 1285 3456 auquel
1307 3409 1493 3455 beaucoup
1514 3421 1558 3443 ne
1580 3408 1763 3455 croyaient
1785 3419 1861 3454 pas,
