2222 3926
308 329 377 362 270·
913 327 1142 364 JOHANNlS
1179 327 1476 372 BURCHARDI,
1855 329 1964 368 [Avril
1987 330 2080 370 1496]

315 444 352 475 s,
377 429 607 492 Dionysii,
624 428 994 487 Alexandrinus,
1016 446 1054 475 s.
1075 429 1255 488 Crucis,
1276 428 1656 491 Segobricensis,
1675 428 2016 492 Agrigentinus
2035 436 2082 479 et

308 511 581 569 Perusinus,
611 512 903 575 presbyteri,
943 511 1188 569 Senensis,
1230 511 1522 558 camerarius
1557 511 1997 572 vicecancellarius,
2036 530 2075 561 s.

307 594 535 652 Severini,
549 594 847 651 Valentinus,
867 594 1138 651 Cesarinus,
1158 592 1429 652 Grimanus,
1452 593 1707 641 Farnesius
1724 598 1771 642 et
1791 595 1850 642 de
1870 597 2073 654 Lunate,

310 677 516 725 diaconi.
542 680 598 724 Et
619 677 754 724 finito
778 676 958 735 officio,
991 679 1119 739 Papa
1148 676 1194 722 in
1219 676 1334 723 sede
1353 675 1492 723 rediit
1514 676 1574 723 ad
1597 691 1856 725 cameram.
1882 681 1934 726 In
1953 693 2078 735 sere,

310 761 501 808 fuerunt
532 761 580 806 in
610 759 780 807 eadem
820 759 1005 821 capella
1037 758 1270 806 matutine
1312 759 1622 807 tenebrarum
1657 760 1829 823 quibus
1869 764 1998 825 Papa
2034 761 2080 808 in

308 859 458 906 cappa
484 843 715 902 interfuit,
752 843 800 889 in
834 842 991 889 eundo
1020 846 1067 890 et
1097 841 1346 890 redeundo
1380 842 1429 889 in
1457 842 1623 891 ordine
1655 848 1868 907 paratus.
1912 844 2087 892 Omnia

309 927 400 973 alia
417 943 549 974 more
578 926 716 974 solito
739 929 847 973 sunt
869 925 1135 973 observata.

374 1010 580 1057 Sabbato
612 1015 794 1068 sancto,
828 1012 854 1055 2
889 1008 1070 1072 aprilis,
1101 1012 1265 1057 Rmus.
1305 1012 1361 1057 D.
1393 1010 1646 1058 cardinalis
1683 1027 1720 1057 s.
1770 1009 1934 1057 Crucis
1968 1009 2083 1057 fecit

310 1092 524 1140 osticium
564 1094 611 1140 in
648 1094 832 1156 capella
869 1095 1059 1158 majori,
1097 1097 1226 1158 Papa
1269 1098 1492 1157 presente
1535 1110 1545 1141 :
1590 1098 1811 1142 cantores
1858 1093 2078 1142 dixerunt

309 1177 602 1239 prophetias.
643 1179 698 1223 D.
730 1178 1052 1225 Bernardinus
1099 1178 1355 1234 Gambara,
1405 1178 1725 1226 subdiaconus
1769 1176 2078 1240 apostolicuS,

310 1259 550 1308 nunciavit
573 1262 698 1322 Pape
719 1259 946 1319 Alleluia,
972 1261 1051 1323 qui
1074 1265 1236 1309 tamen
1262 1260 1414 1309 noluit
1433 1261 1551 1309 illud
1571 1261 1806 1320 intonare,
1839 1259 1926 1308 sed
1954 1258 2084 1307 cele-

310 1344 454 1391 brans
480 1343 598 1390 illud
625 1343 766 1391 tertio
789 1343 1041 1402 intonavit3
1065 1348 1112 1392 et
1140 1344 1302 1394 omnia
1322 1344 1415 1392 alia
1435 1360 1570 1393 more
1601 1345 1740 1393 solito
1775 1347 1885 1392 sunt
1919 1342 2086 1391 obser-

310 1432 432 1474 vata.
2008 1433 2012 1436 “

378 1510 464 1558 Die
501 1510 684 1558 Pasche
721 1510 1093 1558 resurrectionis
1134 1513 1192 1558 D.
1225 1513 1281 1558 N.
1319 1511 1367 1558 S.
1400 1510 1592 1569 Christi,
1631 1513 1656 1557 3
1691 1509 1872 1573 aprilis,
1911 1511 1994 1557 SS.
2023 1511 2081 1557 D.

312 1598 494 1652 noster,
522 1598 714 1657 paratus
735 1594 782 1641 in
806 1595 988 1658 capella
1021 1593 1257 1657 papagalli
1290 1608 1424 1641 more
1458 1593 1616 1652 solito,
1653 1593 1740 1640 sub
1763 1592 1934 1657 thyara
1959 1591 2087 1641 venit.

314 1677 373 1724 ad
415 1677 658 1725 basilicam
695 1695 733 1724 s.
790 1678 914 1725 Petri
959 1677 1055 1737 ubi,
1111 1677 1237 1724 facta
1281 1676 1368 1724 sibi
1419 1677 1701 1736 reverentia,
1747 1676 1887 1724 tertia
1942 1675 2084 1732 dicta,

316 1761 520 1823 receptis
545 1761 854 1824 paramentis,
881 1760 1137 1808 celebravit
1158 1759 1438 1807 solemniter
1473 1775 1608 1807 more
1643 1759 1800 1817 solito,
1824 1757 2092 1808 communi—

316 1844 438 1891 cavit
459 1859 626 1892 omnes
648 1844 876 1891 diaconos
899 1844 1182 1903 cardinales,
1202 1842 1407 1891 electum
1428 1841 1768 1900 Mutinensem,
1789 1840 2027 1889 datarium
2043 1843 2091 1887 et

317 1926 526 1975 electum
549 1927 968 1976 Constantiensem
991 1932 1037 1976 et
1064 1928 1182 1976 alios
1204 1928 1480 1987 nonnullos,
1514 1927 1594 1990 qui
1621 1931 1879 1991 propterea
1900 1924 1959 1972 ad
1977 1937 2088 1971 eum

317 2016 641 2058 accesserunt.
681 2014 845 2058 RmuS.
883 2013 938 2058 D.
980 2011 1232 2059 cardinalis
1263 2010 1607 2074 Neapolitanus
1641 2010 1758 2058 dixit
1788 2006 2087 2071 evangelium

317 2093 534 2150 latinum,
574 2099 619 2141 et
655 2097 712 2141 D.
750 2094 944 2141 vasinus
976 2095 1229 2154 Gambara,
1269 2093 1591 2142 subdiaconus
1626 2092 1935 2156 apostolicus,
1963 2089 2090 2153 epis-

321 2176 464 2223 tolam
490 2177 714 2235 latinam,
742 2180 907 2224 Rmus.
941 2177 1195 2241 episcopus
1231 2180 1282 2224 P.
1316 2179 1371 2224 D.
1399 2176 1632 2240 Georgius
1655 2175 1771 2223 dixit
1792 2173 2091 2237 evangelium

318 2275 533 2321 grecun‘l,
575 2263 622 2306 et
660 2260 950 2319 Demetrius,
992 2260 1307 2308 beneficiatus
1339 2259 1535 2307 basilice
1577 2276 1615 2306 s.
1655 2261 1800 2319 Petri,
1840 2258 2091 2323 epistolam

320 2358 531 2404 grecam.
559 2342 767 2390 Primam
785 2358 958 2406 aquam
985 2358 1072 2405 pro
1093 2343 1273 2390 lotione
1302 2358 1532 2390 manuum
1553 2346 1681 2407 Pape
1701 2343 1830 2392 dedit
1851 2346 1909 2391 D.
1935 2345 2096 2391 orator

321 2425 463 2472 Ducis
484 2425 760 2483 Mediolani,
798 2426 1059 2474 secundam
1091 2429 1145 2474 D.
1180 2426 1497 2490 Hieronymus
1533 2425 1786 2488 Georgius,
1818 2429 1980 2473 orator
2007 2423 2093 2470 do-

321 2508 453 2555 minii
474 2511 798 2568 Venetorum3
825 2509 1014 2557 tertiam
1036 2512 1091 2557 D.
1119 2510 1440 2573 Hieronymus
1462 2509 1763 2572 Sperandeo;
1789 2511 2007 2572 quartam
2032 2509 2090 2555 D.

323 2597 516 2638 senator
533 2592 688 2639 Urbis.
2088 2640 2091 2642 .

386 2677 532 2725 Missa
567 2678 718 2737 finita,
756 2680 884 2741 Papa
917 2679 1004 2725 sub
1043 2678 1329 2726 baldachino
1372 2677 1794 2741 processionaliter
1836 2675 1964 2724 venit
2004 2689 2091 2739 pel?

324 2776 491 2807 navem
531 2761 769 2809 Veronice
814 2761 910 2820 ubi,
954 2761 1124 2809 lancea
1156 2765 1203 2809 et
1238 2761 1368 2809 vultu
1410 2760 1602 2807 Domini
1632 2760 1762 2819 visis,
1795 2759 2010 2808 ascendit
2037 2757 2115 2806 ad-

323 2843 481 2890 locum
501 2843 690 2905 publice
720 2844 1088 2904 benedictionis,
1123 2844 1203 2891 ubi
1227 2844 1403 2907 populo
1435 2838 1717 2891 solemniter
1743 2840 1987 2890 benedixit
2007 2839 2095 2887 sub

326 2942 474 2985 regno
503 2926 597 2972 sive
630 2927 798 2990 thyara
822 2932 869 2974 et
895 2926 1133 2989 plenarias
1167 2926 1487 2989 indulgentias
1513 2923 1752 2973 concessit
1781 2938 1900 2986 quas
1928 2920 2092 2969 RRmi.

328 3010 426 3054 DD.
459 3024 498 3054 s.
525 3007 714 3069 Georgii
744 3007 891 3055 latine
914 3012 959 3055 et
994 3024 1031 3055 S.
1064 3009 1275 3057 Severini
1305 3008 1570 3056 cardinales
1597 3006 1856 3070 vulgariter
1882 3020 2098 3068 pronun-r

328 3090 597 3147 ciaverunt3
647 3089 757 3138 inde
798 3090 936 3138 rediit
984 3091 1043 3138 ad
1088 3107 1305 3139 cameras
1345 3106 1476 3150 suas,
1517 3089 1836 3139 cardinalibus
1870 3087 1918 3135 in
1968 3086 2101 3135 curia

326 3172 594 3219 licentiatis.
641 3175 767 3235 Papa
801 3173 848 3220 in
881 3173 1007 3220 dicto
1048 3173 1155 3231 loco
1192 3173 1540 3222 benedictionis
1575 3173 1828 3230 existente,
1867 3173 2098 3219 venerunt.

326 3253 462 3301 litere
485 3270 512 3301 a
533 3256 826 3303 Lucensibus
851 3257 938 3303 sub
960 3256 1070 3304 data
1091 3261 1149 3304 29
1173 3257 1346 3316 martii,
1376 3257 1548 3320 quibus
1568 3255 1817 3305 Sanctitati
1839 3270 1924 3304 sue
1947 3252 2095 3317 signi-

327 3337 531 3385 ficarunt
566 3354 615 3386 se
644 3343 854 3386 castrum
893 3342 1030 3387 Petre
1071 3342 1244 3388 Sancte
1273 3356 1383 3388 cum
1420 3356 1529 3388 arce
1574 3344 1621 3388 et
1653 3337 1955 3403 pertinentiis
1995 3336 2094 3391 suis

330 3420 628 3469 rehabuisse.
661 3422 824 3469 RRmi.
863 3425 961 3469 DD.
999 3423 1267 3471 cardinales
1306 3424 1364 3471 de
1406 3423 1661 3482 Farnesiis,
1697 3422 1755 3470 ad
1782 3436 1930 3470 cornu
1961 3434 2099 3468 evan-
