2216 3886
171 308 387 348 [Novemhre
409 310 504 350 1499]
620 308 789 346 RERUM
822 308 1123 346 URBANARUM
1156 308 1506 346 COMMENTARII.
1883 312 1954 346 579

170 409 416 458 venenatis
438 425 557 473 quas
586 410 634 458 in
662 426 808 460 unam
829 426 1033 460 cannam
1054 415 1280 476 posuerat
1301 413 1386 460 SS.
1413 414 1470 459 D.
1498 414 1555 459 N.
1583 411 1951 474 presentandaS‚

168 493 258 541 sub
277 492 512 542 velamine
535 495 664 557 quod
684 500 848 544 essent
863 496 1225 544 communitatis
1242 495 1596 554 ForoliviensiS,
1615 494 1824 558 petentis
1839 511 1950 543 cum

169 576 402 625 Pontifice
442 579 861 643 compositionem.
906 582 1033 636 Quas
1075 580 1113 627 si
1153 582 1282 644 Papa
1319 579 1608 643 accepisset,
1648 594 1759 627 eum
1801 594 1947 627 vene-

166 659 409 708 navissent
450 666 499 709 et
535 662 943 723 intoxicavissent,
987 663 1109 712 adeo
1148 663 1279 727 quod
1318 663 1422 712 sine
1466 679 1551 727 spe
1594 661 1796 712 remedii
1836 666 1946 726 post

167 743 383 792 modicos
415 745 517 793 dies
547 745 620 794 vel
649 746 795 795 horas
827 747 1077 795 recidisset
1103 751 1347 806 mortuus3
1380 750 1427 796 et
1457 751 1509 794 ut
1535 745 1945 796 introductionem

166 825 366 876 haberet
385 828 444 876 ad
467 828 770 889 Pontificem,
798 829 927 879 misit
947 846 1034 894 pro
1056 830 1266 893 quodam
1286 830 1443 878 amico
1465 845 1551 879 suo
1572 829 1866 878 Thomasino
1887 830 1948 878 de

166 911 420 970 Forolivio,
440 916 666 960 sonatore
687 915 711 960 J
716 913 921 961 ohannis
941 913 1114 977 Borgie
1129 913 1188 962 de
1208 913 1468 977 Aragonia,
1487 912 1717 977 principis
1738 913 1948 976 Squilla-

165 988 261 1053 cie,
291 994 378 1042 filii
401 997 527 1058 Pape
558 1000 606 1044 et
627 997 896 1046 successive
918 1013 1005 1061 pro
1028 996 1236 1060 quodam
1267 997 1361 1044 alio
1388 996 1714 1061 provisionato
1743 996 1944 1046 custode

161 1081 299 1140 porte
328 1078 491 1141 palatii
525 1081 671 1143 Pape,
706 1080 877 1144 quibus
909 1085 1012 1128 tum
1042 1081 1101 1129 de
1139 1096 1227 1129 suo
1259 1081 1510 1145 proposito
1547 1081 1938 1140 communicavit,

164 1161 294 1224 quod
318 1162 537 1226 pervenit
563 1163 624 1211 ad
653 1179 793 1213 aures
821 1167 968 1228 Pape,
1001 1165 1141 1229 cujus
1165 1165 1306 1229 jussu
1335 1165 1530 1213 fuerunt
1558 1164 1861 1223 incarcerati,
1894 1169 1945 1213 ut

163 1246 425 1309 prefertur,
465 1251 512 1296 et
550 1248 609 1296 ad
649 1248 809 1297 statim
830 1248 1114 1312 interrogati
1157 1264 1260 1296 rem
1305 1248 1499 1297 fuerunt
1538 1249 1596 1297 de
1640 1249 1786 1314 plano
1827 1265 1944 1299 con-

158 1330 276 1379 fessi
306 1329 388 1394 (1).
421 1331 685 1395 Subjuncto
712 1332 779 1379 illi
800 1331 1071 1396 principali,
1104 1331 1144 1379 si
1171 1331 1452 1395 cogitaverit
1479 1349 1539 1381 ne
1569 1345 1783 1396 unquam
1810 1335 1944 1381 tanto

159 1411 374 1461 facinore
396 1418 692 1477 perpetrato,
726 1430 838 1463 eum
859 1430 954 1463 non
978 1414 1194 1478 potuisse
1223 1414 1393 1463 mortis
1419 1415 1689 1479 periculum
1718 1416 1939 1466 evadere.

161 1496 424 1560 Respondit
458 1513 595 1562 spem
629 1498 718 1546 sibi
752 1498 944 1547 firmam
976 1498 1142 1558 fuisse,
1181 1498 1417 1548 Pontifice
1450 1504 1661 1559 mortuo,
1700 1500 1943 1550 civitatem

162 1579 452 1628 Imolensem
475 1585 522 1629 et
541 1581 917 1631 Foroliviensem
935 1581 995 1630 ab
1017 1581 1268 1631 obsidione
1290 1583 1498 1642 Cesaris,
1523 1583 1658 1631 ducis
1676 1583 1938 1644 Valentini,

156 1662 242 1711 filii
279 1666 406 1728 Pape
444 1665 664 1725 liberari,
707 1671 756 1714 et
794 1666 1040 1714 dominam
1080 1665 1365 1714 eorumdem
1405 1665 1674 1726 civitatum,
1716 1666 1936 1715 relictam

156 1746 399 1809 quondam
430 1747 619 1796 comitis
647 1749 947 1814 Hieronymi,
979 1755 1234 1814 patronam
1262 1766 1416 1809 suam,
1448 1765 1540 1813 que
1568 1765 1680 1798 eum
1709 1766 1739 1798 a
1762 1751 1935 1814 juven-

156 1832 256 1877 tute
284 1830 534 1891 nutrierat,
568 1831 717 1880 fuisse
747 1832 1075 1896 pacificatam3
1110 1849 1198 1897 pro
1225 1850 1321 1897 qua
1347 1834 1385 1881 si
1416 1838 1582 1898 posset
1602 1832 1765 1882 decies
1787 1834 1930 1894 mori,

155 1918 362 1962 mortem
385 1914 545 1964 subire
566 1919 759 1979 paratus
781 1922 912 1966 esset
932 1921 979 1966 et
998 1932 1096 1966 non
1116 1917 1326 1966 timeret.

218 2000 333 2046 Post
349 2014 528 2063 paucos
547 1999 650 2048 dies
668 2001 870 2049 recessit
890 2000 950 2050 de
969 2003 1134 2050 Monte
1155 2001 1378 2050 Rotundo
1400 2005 1563 2050 Rmus.
1589 2003 1647 2049 D.
1673 2001 1927 2050 cardinalis

151 2098 191 2129 s,
216 2083 429 2147 Georgii,
458 2088 507 2131 et
527 2099 614 2147 per
639 2083 791 2144 devia,
816 2084 964 2132 colles
996 2089 1044 2133 et
1064 2085 1230 2146 valleS,
1261 2102 1374 2134 cum
1400 2101 1498 2134 non
1529 2085 1754 2134 omnibus
1775 2085 1931 2133 confi-

152 2165 309 2225 deret,
350 2167 678 2231 pertransiens
714 2183 824 2217 cum
860 2169 1026 2233 paucis
1063 2170 1374 2218 servitoribus
1413 2169 1511 2217 suis
1547 2169 1608 2217 ad
1644 2171 1931 2217 Sarazanam

149 2250 383 2313 pervenit,
411 2250 490 2298 ubi
511 2250 722 2300 decrevit
743 2251 1093 2315 aliquantulum
1114 2253 1312 2301 morari.
1334 2252 1624 2301 Incarcerati
1647 2250 1853 2315 predicti
1874 2250 1924 2298 in

152 2338 308 2382 castro
330 2350 370 2381 S.
393 2334 563 2398 Angeli
586 2334 780 2383 fuerunt
800 2334 925 2384 bene
947 2336 1191 2385 custoditi.

215 2417 484 2476 Dominica,
518 2421 579 2465 24
611 2418 726 2466 dicti
756 2419 938 2467 mensis
970 2419 1264 2479 novembriS,
1295 2421 1354 2470 de
1391 2421 1619 2471 mandato
1653 2423 1736 2470 SS.
1771 2423 1827 2469 D.
1865 2423 1923 2469 N.

150 2515 289 2563 pape,
315 2501 374 2547 D.
398 2501 614 2565 Raphael
639 2501 698 2550 de
724 2504 883 2562 Mena,
905 2502 1136 2551 diaconus
1167 2504 1369 2568 capelle,
1395 2503 1599 2553 cantavit
1627 2503 1825 2551 missam
1847 2519 1928 2551 so-

148 2581 362 2631 lemnem
388 2583 436 2631 in
454 2584 660 2633 ecclesia
680 2585 728 2634 b.
752 2586 903 2634 Marie
921 2587 981 2635 de
1002 2602 1120 2651 pace
1142 2588 1201 2636 de
1225 2588 1370 2647 Urbe,
1391 2588 1453 2636 ad
1469 2587 1688 2652 ejusdem
1710 2587 1757 2634 b.
1778 2587 1929 2636 Marie

148 2664 342 2715 laudem
372 2671 419 2716 et
446 2667 666 2731 gloriam,
700 2684 812 2717 cum
842 2669 944 2734 ipse
979 2673 1037 2718 D.
1071 2674 1239 2718 noster
1269 2669 1539 2734 periculum
1568 2670 1929 2720 intoxicationis

148 2748 425 2814 hujusmodi
448 2751 677 2802 evasisset
698 2752 778 2819 (2)

195 2901 229 2938 1.
257 2899 560 2938 L'ambassadeur
584 2901 759 2949 ve‘mitien,
779 2905 885 2950 apres
911 2901 1011 2939 avoir
1036 2905 1204 2950 rapporte
1224 2906 1318 2939 cette
1337 2902 1511 2940 tentative
1530 2903 1924 2953 d‘empoisonnement,

147 2960 268 3008 ajoute
289 2961 379 3008 qu’il
395 2974 420 3010 y
449 2962 538 2999 croit
550 2973 635 3011 peu,
658 2967 695 2999 et
718 2961 805 3011 qu'il
831 2973 1041 3010 soupconne
1068 2961 1100 2998 le
1126 2974 1218 3011 pape
1238 2961 1351 2999 d’etre
1370 2962 1523 3000 l'auteur
1542 2963 1587 3000 de
1609 2967 1702 3002 cette
1722 2963 1925 3014 imposture

148 3020 302 3067 (vania).
324 3020 479 3066 Sanuto,
500 3025 528 3059 t.
550 3022 614 3067 III,
637 3022 706 3060 col.
726 3023 786 3058 58.

192 3079 229 3117 2.
256 3079 349 3128 Voy.
377 3081 478 3116 Petri
506 3082 672 3128 delphini
690 3084 827 3129 Epist„
849 3081 874 3120 l.
902 3081 965 3126 VI,
993 3081 1100 3130 epist.
1125 3083 1184 3120 22.
1211 3083 1312 3120 Dans
1342 3080 1375 3119 le
1404 3082 1487 3119 bref
1503 3083 1649 3133 suivant
1667 3084 1817 3120 adresse
1844 3086 1865 3119 a
1892 3083 1926 3119 la

147 3137 354 3186 seigneurie
383 3139 428 3175 de
449 3139 635 3186 Florence,
655 3140 688 3177 le
719 3141 817 3190 Pape
838 3141 947 3178 relate
978 3140 1013 3177 la
1044 3141 1217 3179 tentative
1251 3141 1627 3190 d'empoisonnement
1660 3143 1750 3179 dont
1776 3142 1801 3178 il
1827 3155 1848 3179 a
1868 3145 1925 3179 ete

144 3197 267 3246 l'objet
285 3198 331 3234 de
352 3197 386 3234 la
405 3202 486 3246 part
505 3198 550 3235 de
570 3198 605 3235 la
623 3204 803 3237 comtesse
823 3199 1018 3237 Catherine
1038 3199 1176 3245 Riario,
1198 3205 1285 3237 cette
1302 3201 1375 3247 fille
1395 3202 1439 3238 de
1454 3202 1661 3248 perdition.

804 3311 822 3329 «
838 3296 1049 3333 Alemander
1067 3297 1170 3343 Papa
1194 3297 1255 3333 VI.

178 3386 212 3413 ἀ
234 3375 363 3416 Dilecti
382 3378 447 3415 filii
468 3377 622 3434 salutem
643 3383 680 3417 et
699 3379 947 3429 Apostolicam
973 3378 1280 3416 Benedictionem.
1310 3378 1365 3414 Ex
1385 3378 1515 3416 litteris
1535 3379 1669 3417 vestris
1694 3391 1787 3429 quas
1814 3379 1925 3421 hodie

147 3438 303 3477 dilectus
317 3437 415 3476 filius
434 3442 555 3477 orator
573 3443 694 3477 vester
713 3439 809 3488 apud
829 3451 898 3476 nos
912 3450 1028 3488 agens
1039 3438 1144 3476 nobis
1155 3437 1327 3484 ostendit,
1343 3449 1386 3475 ac
1397 3449 1462 3487 per
1472 3438 1592 3488 ipsum
1605 3444 1784 3478 oratorem
1798 3452 1920 3478 coram
