2222 3926
308 347 379 382 232
930 344 1163 382 JOHANNIS
1189 343 1495 393 [BURCHARDL
1813 346 1968 386 [Janvier
1988 349 2081 389 1⁴95]

308 449 522 511 jusmodi
550 453 650 497 erat
682 446 906 496 distantia
931 446 1135 493 duorum
1168 447 1345 509 pedum
1375 446 1448 493 vel
1478 444 1606 493 circa
1634 445 1683 492 in
1714 445 1885 493 eodem
1914 447 2075 510 plano.

311 532 510 580 Stabant
539 533 586 580 in
615 531 835 580 omnibus
867 530 1101 592 equaliter
1131 529 1323 576 cussina
1351 528 1563 576 broccati
1594 527 1816 592 desuper.
1850 531 1901 576 In
1932 530 2079 579 missa

307 614 586 682 hujusmodi
621 614 738 661 nihil
771 618 1006 661 mutatum
1039 616 1127 670 est,
1163 611 1248 660 sed
1278 612 1441 659 omnia
1470 628 1605 662 more
1637 612 1776 661 solito
1807 613 2075 676 observata,

309 702 511 760 excepto
540 697 669 759 quod
697 699 841 758 Papa,
873 699 1070 758 recepta
1099 711 1184 742 sua
1214 695 1554 744 communione
1591 695 1678 744 sub
1710 697 1868 759 specie
1898 697 2075 758 hostie,

307 796 393 844 per
428 778 825 827 inadvertentiam
862 777 992 825 dedit
1028 778 1421 826 communionem
1459 778 1665 827 diacono
1703 783 1750 826 et
1785 779 2077 830 subdiacono

308 862 538 910 ministris
573 862 669 910 suis
706 866 752 909 et
785 876 884 909 non
918 860 1048 908 dedit
1086 861 1154 909 eis
1191 861 1410 909 osculum
1445 861 1595 925 pacis,
1634 877 1725 910 nec
1757 862 1847 926 ipsi
1883 879 2078 914 manum

308 948 436 1009 Pape
462 945 728 993 deosculati
751 949 883 1002 sunt;
910 944 1083 992 deinde
1106 947 1235 1008 Papa
1256 944 1460 1008 sumpsit
1481 945 1784 1009 sanguinem,
1807 946 1936 1009 quod
1952 948 2077 997 male

304 1028 446 1087 fecit3
479 1032 526 1076 et
562 1044 652 1092 ego
691 1028 819 1077 circa
856 1028 1205 1077 ordinationem
1242 1028 1403 1076 talami
1444 1034 1725 1092 occupatus,
1767 1045 1864 1078 non
1897 1029 2079 1083 adverti

303 1113 393 1160 nisi
429 1112 549 1176 {post
591 1112 770 1160 factum
812 1127 896 1160 seu
930 1111 979 1159 in
1014 1111 1160 1172 facto,
1201 1113 1327 1175 quod
1362 1113 1494 1160 nolui
1528 1117 1642 1161 tunc
1677 1113 1928 1177 impedire,
1969 1113 2080 1176 quia

306 1195 476 1244 fuisset
509 1195 663 1258 magis
698 1195 1054 1243 consideratum
1091 1200 1139 1243 et
1171 1196 1328 1259 majus
1363 1196 1643 1244 scandalum
1665 1213 1675 1256 ;
1701 1201 1749 1245 et
1784 1197 1871 1244 sub
1910 1195 2080 1261 thyara

304 1279 492 1343 accepit
514 1294 688 1342 aquam
710 1283 820 1342 post
847 1279 1241 1328 communionem
1271 1279 1330 1327 de
1357 1280 1579 1328 manibus
1608 1280 1736 1344 regis
1757 1281 2075 1339 Francorum;

301 1367 348 1411 et
368 1378 465 1411 non
488 1362 576 1410 sub
605 1361 749 1410 mitra
771 1362 854 1410 sed
884 1363 972 1411 sub
995 1363 1164 1411 eadem
1187 1363 1358 1428 thyara
1380 1364 1508 1411 venit
1529 1364 1589 1412 ad
1609 1363 1757 1412 altare
1783 1379 1792 1411 :
1818 1366 1928 1411 cuin
1951 1365 2080 1426 Papa

300 1449 410 1494 ante
446 1444 644 1492 missam
680 1449 963 1507 paramenta
995 1445 1233 1509 reciperet
1263 1445 1322 1493 de
1352 1444 1513 1493 multis
1544 1461 1622 1493 me
1653 1446 1964 1508 interrogavit
1992 1461 2077 1493 rex

300 1528 416 1592 quid
435 1528 528 1576 hoc
559 1532 704 1586 esset,
737 1526 957 1575 similiter
978 1533 1024 1575 et
1045 1528 1167 1575 infra
1191 1527 1405 1587 missam,
1437 1528 1496 1576 de
1524 1528 1739 1593 pluribus
1768 1545 1777 1577 :
1804 1544 1894 1592 ego
1915 1528 2077 1577 decla—

299 1612 398 1660 ravi
421 1610 608 1674 singula
629 1610 719 1657 sibi
740 1610 913 1658 melius
935 1626 1029 1674 quo
1051 1611 1202 1675 potui,
1230 1616 1278 1660 et
1297 1614 1407 1674 post
1433 1611 1644 1675 singulas
1666 1613 2006 1676 responsiones
2029 1616 2076 1662 et

299 1694 654 1744 declarationes
675 1709 827 1752 meaS,
855 1710 938 1742 rex
960 1695 1205 1758 replicavit
1222 1710 1480 1758 pourqzcoy
1499 1699 1519 1742 ἵ)
1541 1696 1603 1758 (1)
1631 1700 1678 1744 et
1707 1699 2076 1758 quantumcum-

299 1794 389 1841 que
431 1793 534 1827 rem
577 1779 706 1827 clare
736 1778 825 1826 sibi
862 1778 1080 1841 exposui.
1118 1777 1441 1826 Nihilominus
1480 1793 1577 1824 non
1614 1778 1815 1827 cessavit
1855 1783 2074 1842 repetere

292 1877 571 1925 pourqwffi
601 1862 661 1910 ad
695 1877 839 1924 quam
868 1860 1233 1925 responsionem
1263 1876 1359 1909 non
1393 1860 1526 1924 potui
1549 1860 1637 1908 sibi
1671 1877 1863 1926 semper
1895 1861 2079 1910 satisfa-

297 1942 502 2004 cereOE).
601 1966 605 1969 ⁴
1792 1965 1797 1968 ’

365 2028 520 2077 Finita
555 2029 704 2077 missa
736 2034 783 2078 et
812 2028 1148 2077 benedictione
1181 2028 1308 2087 data,
1343 2030 1487 2091 Papa,
1525 2032 1716 2092 sumpto
1749 2044 1916 2093 regno,
1945 2030 2075 2078 venit

298 2114 386 2161 sub
413 2114 700 2162 baldachino
728 2113 788 2161 ad
813 2128 982 2161 navem
999 2112 1238 2162 Veronice
1266 2112 1347 2159 ubi
1371 2115 1565 2160 ostensa
1591 2112 1786 2161 fuerunt
1813 2113 1982 2162 lancea
2001 2113 2073 2162 bis

299 2200 344 2244 et
366 2200 440 2245 ter
464 2197 618 2244 vultus
642 2196 853 2244 Domini.
878 2199 978 2243 Rex
999 2195 1089 2243 fuit
1116 2196 1398 2259 genuflexus
1425 2196 1485 2243 ad
1512 2195 1752 2244 sinistram
1775 2200 1902 2260 Pape
1930 2213 2074 2261 super

300 2280 473 2328 eodem
496 2280 707 2328 scabello
739 2283 783 2327 et
815 2279 987 2326 eodem
1013 2279 1277 2327 faldistorio
1302 2294 1411 2326 cum
1438 2281 1581 2341 Papa,
1604 2279 1708 2342 ipso
1730 2282 1860 2343 Papa
1880 2296 1991 2328 eum
2012 2280 2073 2328 ad

298 2362 392 2410 hoc
441 2363 658 2410 trahente
706 2365 753 2409 et
790 2361 858 2410 sic
889 2361 1096 2409 volente.
1138 2361 1252 2409 Inde
1289 2363 1555 2411 ascendens
1594 2362 1655 2410 ad
1688 2362 1848 2409 locum
1880 2362 2070 2426 publice

299 2446 653 2495 benedictionis
691 2460 837 2508 super
870 2444 998 2492 scala
1020 2460 1057 2491 5.
1084 2444 1229 2503 Petri,
1251 2445 1331 2493 ubi
1361 2448 1489 2509 Papa
1521 2445 1800 2494 solemniter
1828 2445 2074 2494 benedixit

300 2536 347 2580 et
395 2529 635 2593 plenarias
680 2528 1003 2591 indulgentias
1051 2528 1308 2587 concessit,
1347 2544 1465 2592 quas
1512 2528 1771 2592 publicavit
1818 2529 2073 2578 cardinalis

301 2632 339 2663 S.
384 2613 579 2677 Georgii
624 2612 794 2672 latine,
833 2611 1086 2658 cardinalis
1134 2611 1386 2659 Cesarinus
1429 2612 1689 2675 vulgariter
1733 2616 1779 2660 et
1819 2612 2073 2662 cardinalis

301 2715 339 2746 5.
366 2697 581 2746 Severini
609 2696 658 2744 in
682 2695 872 2759 gallico.
898 2694 1055 2743 Rediit
1079 2694 1191 2743 inde
1212 2695 1274 2743 ad
1300 2710 1515 2744 cameras
1543 2695 1652 2743 suas
1683 2695 1770 2743 sub
1797 2709 1947 2759 regno
1969 2695 2072 2744 sine

300 2780 610 2838 baldachino,
637 2778 960 2827 cardinalibus
997 2778 1046 2825 in
1079 2778 1256 2842 palatio
1293 2779 1422 2826 circa
1450 2783 1646 2842 puteum
1672 2794 1681 2826 :
1719 2794 1803 2826 rex
1824 2777 2076 2826 associavit

302 2866 479 2927 Papam
516 2878 667 2925 usque
707 2862 768 2910 ad
810 2877 1051 2909 cameram
1093 2865 1327 2910 secretam
1369 2862 1492 2909 ultra
1530 2876 1772 2909 cameram
1804 2860 2068 2924 papagalli;

302 2949 430 3010 Papa
455 2945 505 2993 in
533 2945 744 2993 secunda
773 2944 879 2991 aula
909 2944 1158 2993 descendit
1185 2944 1243 2992 de
1273 2944 1387 2992 sede
1416 2944 1569 2992 suain
1592 2959 1685 3006 qua
1705 2944 1999 3007 portabatur,
2024 2945 2072 2990 et

302 3030 362 3077 ad
382 3029 529 3092 pedes
551 3028 630 3076 ivit
655 3028 715 3076 ad
744 3042 986 3076 cameram
1016 3043 1170 3087 suam,
1194 3026 1387 3075 sinistra
1416 3042 1584 3090 regem>
1612 3026 1999 3090 apprehendenS,
2025 3030 2073 3075 et

302 3114 531 3161 continuo
562 3112 622 3160 ad
649 3111 774 3160 latus
801 3127 941 3159 suum
963 3111 1134 3159 ductus
1154 3127 1163 3170 ;
1184 3126 1271 3174 per
1291 3127 1434 3174 quam
1469 3111 1593 3159 viam
1627 3114 1787 3158 autem
1817 3110 1892 3158 vel
1921 3126 1947 3158 a
1975 3124 2070 3173 quo

349 3244 383 3280 1.
412 3243 509 3279 Tous
536 3242 588 3278 les
616 3253 693 3278 mss
723 3242 886 3278 donnent
905 3253 976 3288 per
1001 3252 1081 3288 que,
1109 3239 1202 3276 ainsi
1230 3240 1340 3287 qu’on
1364 3242 1578 3289 prononcait
1604 3241 1700 3278 alors
1727 3240 1760 3277 10
1785 3244 1860 3278 mot
1886 3241 2072 3288 pourquoi

302 3303 480 3350 (perque).
504 3301 591 3337 Seul
617 3301 649 3337 le
675 3313 764 3339 mss
792 3302 937 3346 55222,
965 3301 990 3339 f.
1017 3301 1076 3346 34,
1098 3302 1204 3349 apres
1231 3299 1330 3337 avoir
1350 3300 1468 3337 donne
1489 3313 1558 3348 per
1577 3313 1658 3349 que,
1681 3302 1801 3338 donne
1831 3301 1926 3337 deux
1952 3299 2072 3347 lignes

301 3364 406 3409 apres
422 3371 628 3407 pourquoy.

343 3422 379 3457 2.
409 3419 458 3456 Ce
483 3431 610 3468 parag.
640 3432 797 3468 marique
824 3420 916 3456 dans
948 3419 980 3456 le
1011 3419 1118 3458 5160.
1148 3419 1196 3457 Ce
1223 3431 1312 3456 mss.
1342 3422 1398 3456 est
1430 3419 1612 3457 d'ailleurs
1640 3420 1766 3469 rempli
1799 3421 1843 3457 de
1875 3417 2024 3467 lacunes
2050 3420 2072 3454 a

299 3479 412 3528 partit·
431 3479 475 3515 de
496 3478 636 3515 l'annee
658 3479 750 3515 1495
771 3482 807 3516 et
827 3483 884 3516 est
903 3478 1149 3528 fortssabrege;
1171 3482 1286 3515 meme
1306 3490 1495 3527 remarque
1514 3491 1608 3528 pour
1626 3479 1659 3516 le
1679 3480 1787 3516 9725.
