2222 3926
306 319 376 356 238
775 375 777 377 Ι
909 320 1142 357 JOHANNIS
1175 320 1472 364 BURCHARDI,
1809 322 2082 363 [sannen-1495]

313 486 315 488 V
371 420 510 470 Feria
531 425 682 480 sexta,
709 424 770 469 30
786 421 1013 485 januarii,
1038 421 1317 470 nunciatum
1338 425 1411 469 est
1430 419 1650 468 Pontifici
1666 420 1958 470 cardinalem
1977 426 2075 473 Va-

304 503 543 553 lentinum
578 520 637 552 ex
669 504 857 553 civitate
890 503 1086 553 Velletri
1119 503 1167 549 in
1199 502 1364 550 habitu
1395 502 1642 550 familiaris
1676 503 1849 551 stabuli
1883 505 2010 568 regis
2054 522 2082 554 a

307 602 421 652 rege
452 586 651 635 Francie
679 585 940 648 aufugisse,
964 587 1104 648 prout
1130 584 1276 632 etiam
1304 583 1362 632 ab
1395 600 1452 633 eo
1479 589 1747 634 recesserat
1777 589 1825 634 et
1858 585 2078 635 dormivit

304 669 398 717 hac
418 673 558 716 nocte
591 668 641 715 in
662 668 805 715 domo
834 669 888 713 R.
916 669 972 714 D.
1004 666 1195 713 Antonii
1227 666 1408 726 Flores,
1440 667 1670 716 auditoris
1697 672 1820 730 rote,
1854 668 1915 716 ad
1934 684 2080 732 quam

305 750 460 815 primo
482 751 701 815 ingressu
722 749 864 798 venit.
887 751 940 797 In
958 764 1152 798 recessu
1173 750 1392 815 ejusdem
1407 750 1662 799 cardinalis
1678 766 1788 799 cum
1804 767 1917 814 rege
1933 753 2082 800 Fran-

305 835 378 883 cie
401 832 482 894 (1),
518 849 577 881 ex
596 832 721 882 Urbe
739 836 933 896 portare
954 848 1120 880 secum
1141 832 1257 881 fecit
1278 833 1449 882 decem
1470 838 1518 883 et
1538 849 1711 883 novem
1729 832 2077 893 salmasbono-

305 931 411 964 rum
442 930 640 964 suorum
671 921 959 981 apparenter
988 931 1099 964 cum
1117 917 1357 981 coopertis
1378 917 1478 965 suis
1499 917 1760 965 salmarum
1789 915 2074 977 honorifice,

306 992 434 1048 inter
456 1015 574 1063 quas
609 998 704 1048 duo
737 1004 874 1049 erant
914 999 1161 1049 credentie
1193 1000 1335 1049 rebus
1363 1000 1460 1048 suis
1485 1005 1532 1050 et
1559 1000 1697 1049 bonis
1725 1002 1953 1058 onerate;
1986 1014 2080 1063 que

306 1071 461 1149 prima
481 1082 577 1143 die,
610 1098 725 1147 rege
753 1088 801 1132 et
822 1083 1063 1132 cardinale
1085 1083 1145 1132 ad
1164 1083 1401 1131 Marinum
1431 1083 1776 1147 equitantibus,
1802 1086 2084 1131 manserunt

307 1170 437 1215 retro
475 1171 523 1214 et
553 1165 615 1214 ad
647 1166 825 1216 Urbem
862 1166 911 1214 in
941 1182 1050 1216 sero
1088 1167 1349 1226 redierunt,
1389 1167 1698 1216 servitoribus
1735 1166 1993 1215 cardinalis
2031 1167 2080 1215 in

308 1250 442 1299 curia
462 1249 789 1299 asserentibus
810 1249 987 1298 salmas
1009 1249 1136 1314 ipsas
1160 1266 1188 1297 a
1209 1250 1497 1314 quibusdam
1519 1266 1626 1299 esse
1649 1254 1812 1314 captas
1835 1253 1883 1298 et
1903 1250 2079 1314 depre-

308 1333 462 1382 dataS.
498 1333 603 1381 Alie
647 1332 817 1382 decem
859 1337 907 1382 et
942 1338 1128 1397 septem
1163 1333 1313 1383 salme
1347 1337 1580 1383 venerunt
1612 1333 1672 1381 ad
1707 1332 1890 1382 curiam
1929 1332 2076 1396 regiS‚

309 1432 400 1482 que
447 1420 605 1481 capte,
651 1419 761 1480 post
800 1431 1049 1465 recessum
1088 1416 1359 1475 cardinaliS‚
1400 1433 1427 1465 a
1471 1432 1584 1480 rege
1613 1416 1810 1466 fuerunt
1842 1422 2007 1481 aperte
2035 1420 2084 1466 et

311 1499 431 1562 nihil
457 1499 506 1547 in
527 1499 595 1550 eis
618 1503 882 1565 repertum,
914 1504 1056 1564 prout
1082 1499 1278 1564 quidam
1304 1500 1423 1549 mihi
1450 1500 1735 1560 retulerunt,
1768 1515 1888 1563 quos
1921 1505 2083 1549 tamen

314 1584 458 1636 credo
479 1583 708 1633 mentitos
730 1599 856 1633 esse.

378 1666 559 1715 Eadem
591 1671 751 1728 nocte,
789 1666 1045 1715 cardinalis
1079 1655 1293 1726 UrsinuS‚
1332 1666 1530 1734 Gentilis
1558 1666 1762 1729 Virginii
1801 1665 1860 1713 de
1901 1664 2083 1713 Ursinis

315 1749 441 1798 filius
462 1750 693 1799 naturalis
721 1749 819 1798 sive
846 1750 1096 1798 bastardus
1121 1750 1312 1799 intravit
1331 1750 1375 1798 vi
1396 1754 1443 1799 et
1460 1749 1785 1797 fraudulenter
1810 1748 1859 1796 in
1886 1748 2084 1796 domum

315 1817 644 1882 Bartholomei
682 1833 841 1882 Jubha
872 1830 938 1890 (2)
977 1833 1248 1894 JanuenSIS‚
1286 1833 1633 1897 consanguinei
1656 1832 1820 1881 vfelicis
1859 1832 2086 1880 recorda-

351 1992 396 2032 (1)
708 1988 753 2024 Le
773 1991 978 2024 lendemain
997 2002 1018 2024 a
1037 1990 1194 2034 Marlgne
1215 1991 1317 2024 disna
1333 1992 1379 2033 (le
1398 1992 1466 2031 roi)

705 2045 749 2077 Et
765 2046 839 2078 s’en
858 2046 926 2078 alla
946 2046 1099 2078 coucher
1115 2046 1249 2078 dedans
1261 2045 1411 2079 'Belistre
1431 2045 1602 2088 (Velletri)

704 2099 784 2141 Ung
800 2099 915 2132 moult
934 2100 1027 2133 heau
1045 2100 1117 2132 lieu
1136 2099 1198 2142 qui
1217 2109 1239 2132 a
1257 2109 1343 2132 nom
1364 2100 1408 2133 de
1421 2100 1471 2133 tel
1489 2100 1583 2133 tiltre

703 2148 755 2184 Eu
774 2146 839 2185 tels
859 2153 1044 2196 enseignes
1063 2163 1132 2195 que
1151 2155 1250 2186 toute
1269 2154 1303 2185 la
1318 2153 1470 2195 journee

704 2207 749 2239 La
769 2208 876 2250 pluye
893 2215 939 2238 au
958 2205 1024 2238 dos
1043 2215 1135 2238 nous
1155 2205 1207 2238 fut
1220 2206 1492 2238 habandonnee.

702 2257 746 2292 Et
764 2260 883 2292 furent
899 2260 933 2292 la
949 2258 981 2291 le
999 2260 1074 2301 Roy
1094 2262 1128 2292 et
1145 2259 1177 2290 le
1193 2259 1284 2291 Turc
1304 2267 1478 2299 avecques

700 2314 745 2345 Le
763 2314 818 2345 fils
838 2313 886 2345 du
907 2314 1011 2354 Pape,
1032 2314 1112 2345 tous
1129 2311 1240 2354 logiez
1261 2312 1343 2344 choz
1361 2312 1553 2352 l’evesque.

702 2364 746 2400 Et
768 2376 805 2399 se
823 2367 891 2399 tint
906 2366 1075 2408 jusqu'au
1092 2375 1193 2407 moys
1209 2365 1252 2398 de
1272 2366 1401 2397 sevrier

701 2420 754 2452 Οἰι
774 2419 984 2461 0090011001,
1007 2419 1086 2460 plus
1106 2419 1194 2451 viste
1215 2418 1326 2460 qu’un
1347 2416 1477 2450 levrier

702 2473 748 2505 Le
768 2472 823 2504 fils
844 2472 892 2504 du
910 2473 1001 2514 Pape
1018 2473 1268 2504 secrettement
1289 2480 1352 2512 par
1368 2474 1458 2513 nuyt

703 2525 747 2558 Se.
766 2525 944 2564 desrobat‚
968 2527 1003 2558 et
1022 2525 1066 2558 de
1086 2523 1148 2557 fait
1168 2525 1320 2567 s'enfuyt

702 2580 834 2612 Devers
853 2578 886 2610 le
906 2580 1008 2621 Pape,
1032 2579 1122 2611 dont
1140 2581 1222 2611 tous
1239 2578 1333 2610 deux
1352 2578 1422 2610 mal
1443 2579 1634 2620 garderent

707 2634 796 2668 Leur
812 2633 870 2676 foy
890 2630 1058 2674 promise,
1083 2639 1142 2662 car
1160 2629 1203 2661 ils
1225 2638 1262 2661 se
1282 2628 1518 2670 parjurerent,

703 2683 745 2720 Et
762 2697 808 2720 ne
824 2686 1008 2720 teindreut
1024 2684 1102 2717 leur
1120 2686 1224 2726 grant
1243 2684 1371 2716 accord
1395 2684 1542 2725 parfaitz

702 2742 769 2781 Qui
789 2741 843 2774 fut
862 2741 881 2773 a
901 2739 982 2773 eulx
1002 2739 1073 2771 tres
1093 2737 1339 2770 villainement
1358 2737 1452 2771 faict.

1215 2790 1265 2826 Le
1286 2790 1436 2837 Vergier
1457 2791 1670 2828 d’Honneur
1691 2792 1816 2839 (Arch.
1841 2793 1885 2829 de
1907 2791 2020 2830 l’hist.

1281 2850 1323 2886 de
1342 2851 1491 2896 Frcmce,
1514 2855 1540 2887 t.
1564 2852 1593 2896 Ι,
1615 2863 1651 2899 p.
1673 2851 1816 2897 323-4.)

354 2918 389 2953 2.
417 2915 480 2953 Tel
490 2919 548 2952 est
567 2914 598 2951 le
619 2925 703 2951 nom
713 2914 758 2950 de
772 2925 812 2950 ce
825 2923 1055 2960 personnage
1077 2922 1147 2961 que
1158 2909 1194 2946 la
1214 2908 1373 2956 depeche
1395 2908 1535 2946 donnee
1556 2907 1767 2947 ci-dessous
1780 2914 1920 2958 permet
1935 2909 1981 2946 de
1995 2911 2086 2946 reta-

308 2971 394 3020 blir;
415 2974 449 3011 le
467 2976 578 3019 texte,
600 2972 691 3009 dans
712 2975 797 3008 tous
817 2970 872 3007 les
893 2981 1000 3015 mss„
1021 2980 1085 3017 par
1106 2967 1201 3004 suite
1222 2967 1329 3003 d'une
1350 2979 1472 3004 erreur
1492 2967 1556 3005 des
1578 2969 1752 3017 copistes,
1775 2967 1949 3006 n’offrant
1965 2980 2083 3006 aucun

309 3043 408 3071 sens.
423 3031 471 3069 Le
486 3028 554 3068 149
566 3034 603 3068 et
614 3030 708 3067 9725
720 3028 883 3066 donnent
901 3040 908 3066 :
928 3043 947 3063 «
1020 3027 1263 3064 Bartholomei
1279 3026 1484 3065 subnobilis
1495 3028 1694 3066 Januensis
1707 3040 1716 3074 3
1730 3043 1748 3062 »
1770 3027 1802 3066 le
1817 3028 1969 3077 Chigi(f.
1984 3029 2083 3075 465),

309 3092 341 3130 le
358 3093 505 3130 55222.
527 3091 565 3138 (f.
582 3090 638 3127 48.
654 3090 703 3137 v.)
723 3093 761 3126 et
776 3088 809 3126 le
825 3088 940 3125 13735
960 3087 999 3136 (f.
1019 3086 1100 3132 119)
1119 3098 1127 3122 ε
1148 3100 1163 3120 ι
1189 3084 1433 3124 Bartholomei
1454 3087 1523 3124 sub
1544 3086 1749 3126 honorabili
1763 3087 1973 3126 Januensis.
1999 3103 2018 3122 »

358 3166 377 3185 «
404 3149 591 3199 Magnifici
611 3147 767 3194 Domini,
790 3146 934 3185 Domini
952 3145 1068 3183 nostri
1087 3145 1301 3183 honorandi.

357 3210 409 3248 La
428 3214 554 3247 nostra
573 3207 699 3246 ultima
717 3207 756 3244 fu
775 3207 811 3244 di
830 3206 933 3244 XXX
953 3205 998 3243 da
1018 3205 1158 3243 Marino
1178 3215 1241 3253 per
1264 3204 1299 3243 la
1323 3204 1429 3254 quale
1450 3204 1485 3243 vi
1511 3206 1652 3244 demmo
1674 3206 1802 3246 notitia
1830 3206 1924 3245 della
1951 3205 2083 3256 partita

310 3269 368 3307 del
388 3268 567 3306 cardinale
587 3267 622 3305 di
646 3265 812 3305 Valentia
837 3265 896 3304 del
922 3265 1027 3314 quale
1058 3263 1109 3301 s'e
1128 3263 1188 3314 poi
1212 3264 1330 3301 inteso
1358 3276 1420 3302 era
1444 3271 1594 3314 passato
1613 3268 1659 3305 da
1680 3267 1852 3316 Rignano
1873 3272 1910 3305 et
1938 3266 1989 3303 ito
2015 3266 2086 3304 alla

312 3329 408 3368 volta
427 3329 471 3365 de
492 3327 628 3376 Spoleti
655 3339 720 3365 ove
747 3325 778 3364 si
804 3330 933 3364 truova
959 3325 1203 3362 Governatore
1230 3335 1279 3360 un
1306 3323 1428 3373 nipote
1455 3325 1491 3361 di
1517 3331 1642 3364 nostro
1670 3327 1827 3376 Signore
1850 3339 1857 3363 :
1879 3330 1916 3363 et
1940 3324 2082 3363 benche

310 3388 516 3440 qualchuno
542 3386 624 3424 dica
655 3387 720 3423 che
745 3387 851 3424 decto
886 3383 1067 3423 cardinale
1093 3382 1147 3421 sia
1175 3388 1269 3421 stato
1294 3383 1385 3422 visto
1416 3384 1452 3421 in
1481 3387 1610 3432 Roma,
1633 3387 1853 3424 nondimeno
1886 3385 1920 3423 el
1946 3385 2081 3422 Nostro

312 3445 410 3495 Sige.
433 3458 500 3483 con
522 3445 657 3483 efficaci
678 3445 800 3493 parole
821 3448 856 3482 et
875 3442 1092 3493 giuramenti
1112 3443 1259 3480 afferma
1284 3446 1331 3481 ne
1351 3455 1477 3493 sapere
1497 3444 1588 3481 dove
1609 3443 1787 3495 siaudecto
1809 3441 2006 3490 cardinale,
2030 3443 2079 3478 ne
