2216 3886
200 332 411 372 [Decembre
433 334 525 372 1499]
648 332 814 369 RERUM
849 333 1147 371 URBANARUM
1182 333 1532 371 CtMMENTARn.
1910 337 1980 370 597

270 436 319 495 Ῡ.
357 436 575 484 Attollite
588 445 767 500 portas,
786 437 1039 500 principes,
1070 446 1259 496 vestras,

268 520 318 578 ἡ.
364 519 429 566 Ut
449 519 709 579 elevamini,
725 528 862 583 porte
881 521 1124 568 eternales.

363 603 527 650 Tollite
549 603 666 650 ostia
686 611 729 650 et
751 604 938 652 introite
957 606 1077 652 atria
1099 606 1219 668 ejus,

268 687 301 745 33³¹)
271 618 294 662 ἃ(

310 723 319 732 .
357 686 570 734 Adorate
589 686 852 734 Dominum
875 687 923 734 in
944 689 1063 735 atrio
1084 697 1242 736 sancto
1264 690 1385 751 ejus.

310 807 318 815 .
357 769 612 831 Inssrediar
633 770 681 815 in
701 771 854 818 locum
875 771 1179 828 tabernaculi,

311 891 320 900 .
366 852 524 916 Usque
545 852 610 899 ad
628 852 817 900 domum
838 853 950 901 Dei.

312 974 321 983 .
359 934 560 981 Introite
579 935 628 981 in
650 943 896 997 conspectu
917 936 1039 997 eJ'uS,

312 1058 320 1066 .
358 1018 421 1066 In
442 1018 742 1066 multatione.

310 1140 319 1149 .
358 1100 580 1160 Domine,
607 1100 781 1147 eoeaudi
800 1101 1056 1148 orationem
1077 1117 1245 1161 meam,

312 1224 321 1232 .
360 1185 428 1232 Et
450 1185 623 1232 clamor
642 1200 771 1231 meus
793 1184 858 1232 ad
874 1192 915 1231 te
936 1185 1108 1233 veniat.

305 1307 313 1315 .
353 1267 591 1315 Dominus
613 1266 860 1323 vobiscum,

312 1389 320 1398 .
360 1351 433 1398 Et
449 1366 554 1398 cum
573 1349 743 1413 spiritu
767 1357 860 1397 tuo.

270 854 303 912 ,ἓξ-’5)
270 771 299 829 “·”,’

270 1186 303 1245 ,ἓν
270 1103 299 1161 *4²
270 1020 304 1079 Ξ)
272 937 302 995 *¹4

271 1354 303 1412 ἐξ)
268 1271 296 1329 *⁴4³

982 1489 1196 1536 omaus.

268 1591 403 1637 Deus
438 1590 519 1653 qui
542 1605 634 1652 per
662 1588 882 1651 Moysem
913 1589 1154 1653 famulum
1186 1597 1318 1636 tuum
1343 1590 1520 1653 populo
1553 1589 1813 1637 Israelitico
1846 1590 1985 1652 quin-

206 1673 534 1738 quayesimum
566 1688 747 1720 annum
781 1673 1066 1720 remissionis
1095 1681 1142 1720 et
1154 1673 1330 1735 jubilei
1358 1673 1618 1731 instituisti,
1648 1688 1738 1735 quo
1773 1673 1984 1735 sinqulos

209 1771 304 1803 esse
330 1755 493 1801 liberos
521 1754 719 1814 coluisti,
749 1755 943 1802 concede
963 1756 1194 1819 propitius
1224 1756 1354 1803 nobis
1382 1756 1581 1820 famulis
1601 1755 1777 1818 jubilei
1804 1771 1983 1802 amium

208 1838 484 1909 auctoritate
513 1845 595 1884 tua
627 1837 897 1885 institutum
923 1838 1129 1902 fideliter
1161 1839 1396 1897 inchoare,
1434 1846 1488 1885 ut
1520 1839 1570 1885 in
1604 1855 1654 1885 eo
1686 1839 1821 1885 venia
1843 1839 1987 1901 plene

207 1920 501 1983 indulqentie
537 1928 580 1966 ct
618 1921 905 1968 remissionis
940 1922 1151 1968 omnium
1191 1921 1463 1969 delictorum
1500 1922 1701 1980 obtenta,
1746 1938 1852 1968 cum
1892 1921 1986 1968 dies

208 2005 461 2051 vocationis
493 2003 749 2063 advenerit,
789 2005 1093 2052 inenarrabili
1126 2005 1279 2068 yloria
1313 2013 1357 2052 et
1380 2006 1586 2068 perenni
1619 2005 1847 2070 felicitate
1873 2021 1986 2068 per—

205 2088 453 2152 fruamur,
471 2103 559 2150 per
577 2087 842 2135 Dominum
862 2096 1075 2136 nostrum
1095 2087 1260 2135 Jesum
1286 2088 1543 2136 Christum.

277 2183 454 2231 Audita
485 2184 799 2246 responsione
833 2199 943 2232 mea
970 2188 1018 2232 et
1042 2184 1290 2232 versiculis
1321 2200 1432 2232 cum
1463 2184 1678 2232 oratione
1708 2183 1988 2247 prescriptis

215 2266 464 2315 Sanctitati
492 2282 576 2314 sue
604 2266 759 2324 lectis,
790 2266 1036 2330 replicavit
1067 2269 1150 2315 SS.
1186 2271 1243 2315 D.
1275 2270 1332 2316 N.
1361 2267 1479 2314 mihi
1508 2282 1605 2315 non
1625 2266 1744 2314 velle
1774 2281 1861 2330 pro
1882 2281 1989 2314 ves—

208 2351 334 2414 peris
363 2350 614 2397 basilicam
641 2349 818 2398 intrare
846 2350 937 2397 nisi
963 2366 1052 2413 per
1082 2355 1272 2414 portam
1299 2366 1515 2409 auream,
1547 2366 1638 2398 nec
1668 2350 1757 2397 sibi
1784 2350 1886 2397 fore
1914 2349 1989 2396 in-

210 2433 518 2480 commodum
548 2437 819 2495 expectare,
851 2437 1107 2499 propterea
1129 2449 1227 2480 non
1253 2432 1374 2480 velle
1401 2424 1589 2481 mutare
1623 2433 1866 2490 ordinata;
1899 2430 1986 2478 sibi

210 2516 400 2580 pulsum
434 2530 796 2577 campanarum,
831 2521 974 2578 prout
1009 2531 1375 2579 proposueram,
1411 2516 1623 2579 placere,
1660 2531 1805 2579 quem
1841 2514 1988 2562 voluit

213 2598 414 2662 singulis
431 2597 550 2644 locis
571 2600 616 2644 et
636 2596 853 2645 ecclesiis
871 2596 1106 2654 intimari3
1128 2597 1186 2644 de
1209 2597 1454 2646 versiculis
1472 2615 1539 2646 xu
1558 2598 1778 2662 superius
1798 2595 1987 2660 scriptis

212 2682 356 2745 elegit
389 2681 617 2745 primum,
654 2680 937 2740 secundum,
971 2680 1208 2743 quintum,
1245 2685 1452 2740 sextum,
1489 2681 1750 2739 decimum,
1785 2679 1984 2728 undeci-

212 2782 344 2814 mum
378 2769 426 2814 et
457 2763 817 2823 duodecimum,
857 2770 903 2811 et
937 2764 1535 2827 oratiouem‘approbavit,
1575 2764 1802 2812 correctis
1840 2764 1887 2811 in
1929 2779 1986 2811 ea

212 2849 369 2898 verbis
393 2864 508 2912 quos
527 2848 738 2911 sinyulos
766 2847 929 2895 liberos
959 2863 1056 2895 esse
1078 2848 1275 2904 coluisti,
1307 2852 1355 2896 et
1385 2848 1511 2910 quod
1525 2847 1761 2912 jubileum
1792 2847 1988 2894 centesi-

215 2949 345 2980 mum
379 2932 428 2979 in
461 2947 519 2979 ea
547 2931 859 2994 appellarem,
896 2935 943 2979 et
974 2936 1163 2993 portam
1192 2930 1468 2994 hujusmodi
1496 2930 1545 2977 in
1575 2945 1634 2978 eo
1665 2929 1838 2993 aperiri
1873 2944 1988 2976 con-

218 3014 430 3063 suevisse
456 3014 743 3077 adjiceren1;
776 3014 1024 3062 emendavi
1058 3014 1202 3075 igitur
1227 3029 1335 3061 eam
1357 3017 1403 3061 et
1423 3013 1601 3076 placuit
1628 3012 1879 3060 Sanctitati
1905 3027 1988 3059 sue

219 3099 266 3146 in
287 3098 442 3145 forma
462 3097 583 3144 infra
602 3097 842 3160 ponenda.

284 3180 479 3229 Interim
504 3185 738 3227 venerunt
759 3180 902 3228 etiam
928 3183 1149 3228 cantores
1177 3180 1361 3243 capelle
1383 3178 1657 3227 Sanctitatis
1679 3193 1761 3225 sue
1785 3177 1863 3240 qui
1885 3176 1991 3240 qui-

225 3264 334 3311 dem
359 3267 553 3311 cantum
577 3277 754 3310 novum
774 3277 861 3326 pro
883 3266 1104 3325 apertura
1128 3262 1271 3326 hujus
1292 3267 1430 3325 porte
1458 3264 1847 3324 composuerant,
1872 3275 1992 3323 quos

223 3346 370 3395 voluit
407 3346 645 3394 Sanctitas
679 3361 764 3393 sua
794 3345 977 3408 audire,
1012 3350 1083 3404 et,
1119 3346 1281 3394 audito
1314 3348 1481 3403 cantu,
1514 3344 1673 3407 ipsum
1708 3343 1916 3391 laudavit
1948 3345 1994 3389 et

225 3429 389 3478 statuit
417 3429 635 3477 ordinem
658 3444 744 3492 pro
770 3429 981 3492 vesperis
1003 3432 1050 3476 et
1069 3433 1204 3491 porte
1226 3427 1505 3491 hujusmodi
1534 3427 1800 3490 aperitione
1827 3425 1995 3473 obser—
