2202 3900
185 319 269 360 [Mai
291 320 384 360 1497]
630 319 799 357 RERUM
830 318 1135 356 URBANARUM
1167 318 1514 355 COMMENTARH.
1891 320 1962 354 365

189 424 418 487 syncopa,
445 426 493 471 et
524 423 695 472 recidit
724 423 773 470 in
803 428 998 472 terram.
1023 421 1379 471 Introduximus
1410 436 1523 468 611111
1549 434 1698 483 prope
1733 419 1881 467 altare
1915 420 1962 466 in

190 506 455 555 sacristiam
485 512 533 555 et
560 522 669 571 ego,
702 508 804 555 sine
841 521 994 565 mora,
1028 504 1193 568 accepi
1226 503 1447 568 pluviale,
1477 501 1887 566 superpellicium,
1917 507 1963 549 et

189 589 320 637 astiti
347 590 611 639 celebranti
643 606 795 654 usque
825 590 886 638 ad
918 590 1064 637 finem
1098 588 1244 636 misse
1270 606 1278 634 :
1312 585 1442 650 quod
1478 584 1642 637 RRmi.
1677 587 1778 632 DD.
1815 583 1967 632 cardi-

192 673 323 721 nales
346 674 575 722 Senensis
603 679 651 722 et
677 674 972 722 camerarius
1000 672 1280 721 assistentes
1307 671 1531 718 dixerunt
1557 668 1675 716 mihi
1703 667 1965 716 admodum

189 757 315 819 Pape
333 757 589 820 placuisse.
611 757 716 805 Alia
736 758 987 805 observata
1005 760 1114 804 sunt
1137 770 1272 803 more
1295 754 1454 802 solito.

257 840 526 901 Dominica,
555 845 611 888 16
642 841 821 904 aprilis,
847 856 958 888 cum
985 830 1180 903 quidam
1206 837 1370 886 rustici
1398 852 1554 900 nuper
1576 835 1812 899 quosdam
1839 834 1968 882 vica-

188 922 283 970 rios
320 924 448 972 Petri
485 924 672 983 Palutii,
706 924 819 971 civis
852 922 1064 982 romani,
1093 921 1343 985 depredati
1377 920 1602 978 fuissent,
1634 919 1765 967 idem
1799 921 1968 966 Petrus

188 1005 406 1053 notitiam
433 1006 617 1055 habens
649 1006 727 1055 ubi
756 1006 1098 1070 depredatores
1127 1021 1177 1053 se
1203 1004 1534 1061 continebant,
1564 1002 1770 1051 accessit
1795 1001 1857 1048 ad
1885 1016 1969 1048 eos

187 1103 299 1135 cum
321 1089 463 1137 certis
482 1089 648 1138 amicis
671 1090 768 1137 suis
789 1089 986 1138 armatis
1009 1094 1056 1137 et
1077 1089 1136 1137 de
1158 1105 1270 1137 xxw
1292 1088 1480 1152 accepit
1500 1103 1563 1146 lx,
1588 1091 1636 1136 et
1657 1101 1741 1134 eos
1763 1088 1965 1132 Romam

188 1171 362 1235 ligatos
385 1172 536 1233 duxit,
559 1189 765 1237 quorum
792 1177 996 1237 quatuor
1024 1173 1217 1221 fuerunt
1242 1172 1412 1221 eadem
1441 1172 1516 1219 die
1538 1186 1625 1233 per
1649 1168 1801 1232 logias
1830 1167 1970 1231 Capi-

193 1254 292 1303 tolii
313 1259 361 1303 et
381 1256 543 1320 palatii
564 1263 960 1306 conservatorum
981 1257 1218 1321 suspensi,
1244 1260 1292 1304 et
1312 1256 1505 1318 quintus
1535 1253 1681 1301 etiam
1704 1267 1969 1315 suspensus

190 1338 359 1387 fefellit
389 1340 447 1388 de
478 1341 606 1401 fune,
639 1346 686 1390 et
715 1342 774 1389 ad
806 1344 984 1406 Papam
1014 1341 1208 1399 missuS,
1234 1341 1466 1389 liberatus
1492 1336 1616 1404 [est].
1650 1335 1776 1383 Obiit
1804 1340 1966 1383 tamen

192 1423 362 1471 eadem
382 1429 526 1472 nocte
548 1425 596 1472 in
615 1425 890 1474 carceribus
913 1430 961 1473 et
982 1429 1186 1487 quatuor
1206 1423 1266 1471 ad
1287 1438 1508 1471 carceres
1530 1421 1736 1469 reducti.

258 1507 484 1565 Sabbato,
519 1510 578 1555 26
615 1508 798 1572 aprilis,
828 1508 1075 1556 Johannes
1111 1507 1349 1556 Jordanus
1381 1510 1428 1555 et
1464 1505 1662 1554 Carolus
1693 1503 1752 1552 de
1788 1503 1971 1552 Ursinis

193 1590 442 1639 redierunt
459 1591 802 1640 Braccianum:
830 1592 1032 1640 cadaver
1053 1591 1253 1639 Gentilis
1275 1590 1433 1638 Ursini
1457 1605 1626 1638 eorum
1647 1587 1793 1652 patris
1814 1590 1974 1650 porta-

194 1678 295 1722 tum
316 1674 403 1723 fuit
423 1691 482 1723 ex
502 1675 700 1739 Neapoli
721 1692 808 1739 per
828 1691 979 1735 mare,
1006 1679 1053 1724 et
1077 1676 1248 1723 eadem
1268 1678 1410 1723 nocte
1438 1672 1671 1722 remansit
1697 1671 1748 1718 in
1769 1670 1974 1719 ecclesia

195 1760 234 1805 s'.
259 1758 390 1806 Pauli
414 1763 550 1806 extra
570 1759 767 1819 Urbem,
789 1759 901 1807 inde
924 1759 1070 1808 etiam
1089 1762 1342 1808 venturum
1362 1758 1422 1805 ad
1439 1757 1775 1805 Braccianum.

257 1842 509 1891 Dominica
529 1842 765 1906 sequenti,
798 1842 1018 1892 videlicet
1046 1846 1104 1891 23
1134 1842 1313 1906 aprilis,
1345 1841 1474 1890 venit
1502 1840 1563 1889 ad
1590 1840 1768 1888 Urbem
1797 1842 1965 1886 Rmus.

192 1928 248 1973 D.
293 1926 548 1974 cardinalis
592 1926 818 1986 Ursinus,
860 1931 907 1975 et
950 1927 1064 1975 lune
1107 1926 1378 1990 sequentis,
1416 1925 1479 1972 94
1526 1923 1714 1988 aprilis,
1752 1923 1802 1970 in
1847 1922 1971 1970 festo

187 2026 226 2056 s.
251 2009 400 2057 Marci
422 2009 732 2073 evangeliste,
753 2013 919 2058 Rmus.
940 2013 997 2058 D.
1023 2014 1192 2058 Petrus
1210 2010 1401 2069 Paulus,
1425 2009 1682 2073 episcopus
1702 2023 1743 2054 s.
1761 2004 1969 2069 Agathe,

186 2093 445 2148 celebravit
466 2094 665 2148 missam
690 2095 958 2143 solemnem
986 2095 1035 2142 in
1057 2094 1264 2144 ecclesia
1288 2110 1327 2142 s.
1351 2093 1519 2152 Marci,
1544 2090 1622 2139 cui
1652 2090 1975 2138 interfuerunt

189 2177 351 2224 RRmi.
371 2180 473 2225 DD.
499 2194 538 2225 5,
568 2179 758 2242 Angefi,
794 2179 1066 2238 JanuensiS,
1092 2178 1386 2236 Parmensis,
1413 2194 1451 2225 s.
1479 2174 1724 2234 Praxedis,
1750 2172 1969 2230 Ursinus,

191 2275 230 2306 5.
257 2259 490 2325 Dionysii,
520 2262 768 2322 Senensis,
793 2279 831 2310 s.
856 2262 1065 2326 Georgii,
1091 2262 1379 2310 Lunatensis
1410 2265 1458 2309 et
1490 2262 1860 2308 Beneventanus
1893 2255 1974 2318 qui

192 2343 379 2407 accepit
399 2360 570 2407 pacem
585 2344 644 2393 ab
663 2345 920 2393 assistente
939 2349 1049 2409 post
1070 2360 1239 2392 omnes
1258 2344 1395 2392 alios
1416 2341 1668 2391 Processio
1691 2339 1809 2387 cleri
1832 2337 1973 2386 Urbis

193 2426 373 2489 incepit
397 2426 525 2475 circa
542 2427 691 2475 finem
712 2428 885 2488 misse;
911 2432 958 2476 et
979 2428 1072 2476 alia
1092 2443 1226 2476 more
1250 2427 1391 2476 solito
1413 2430 1525 2474 sunt
1546 2425 1815 2473 observata.

260 2509 397 2558 Feria
431 2515 618 2573 quarta,
651 2514 676 2559 3
711 2511 843 2570 maii,
872 2512 1034 2575 vigilia
1066 2515 1123 2559 D.
1158 2514 1214 2559 N.
1248 2514 1290 2559 J.
1325 2510 1519 2570 Christi,
1551 2509 1746 2556 fuerunt
1777 2521 1974 2569 vespere

191 2593 432 2641 solemnes
451 2593 499 2640 in
521 2594 707 2657 capella
727 2595 911 2658 majore
932 2595 1113 2657 palatii,
1137 2597 1265 2659 Papa
1284 2598 1528 2658 presente,
1554 2597 1602 2641 et
1621 2606 1719 2639 non
1738 2588 1828 2637 fuit
1848 2588 1977 2636 facta

187 2677 590 2726 commemoratio
617 2693 655 2725 s,
683 2677 864 2725 Crucis.
892 2677 1137 2726 Hodierna
1166 2677 1243 2725 die
1271 2675 1509 2739 sequenti,
1535 2678 1699 2722 Rmus.
1726 2675 1783 2720 D.
1815 2671 1971 2720 cardi-

187 2758 308 2808 nalis
331 2761 606 2809 Parmensis
636 2761 892 2810 celebravit
925 2761 1124 2809 missam
1157 2760 1426 2819 solemnem
1457 2759 1507 2806 in
1536 2758 1735 2806 basilica
1757 2772 1796 2803 s.
1820 2755 1964 2814 Petri,

191 2843 319 2904 Papa
357 2846 582 2905 presente
614 2858 623 2889 :
661 2858 937 2891 sermonem
971 2842 1083 2891 fecit
1117 2841 1312 2905 quidam
1345 2841 1495 2889 frater
1528 2840 1770 2898 Thadeus,
1808 2843 1972 2886 orator

189 2924 564 2987 predicatorum,
589 2926 670 2990 qui
698 2926 787 2974 fuit
814 2925 1144 2982 brevissimus,
1175 2930 1433 2990 propterea
1462 2925 1521 2972 ab
1553 2923 1779 2973 omnibus
1807 2922 1971 2970 lauda-

192 3011 284 3055 tus.
307 3007 462 3056 Finita
487 3009 651 3069 missa,
674 3010 787 3058 visis
812 3026 900 3074 per
921 3013 1100 3074 Papam
1116 3009 1287 3058 lancea
1307 3013 1354 3057 et
1375 3008 1506 3057 vultu
1531 3007 1726 3066 Christi,
1750 3004 1971 3054 ascendit

191 3089 252 3137 ad
281 3090 443 3138 locum
479 3092 669 3155 publice
711 3093 1062 3142 benedictionis
1105 3094 1193 3141 sub
1229 3108 1380 3157 regno
1415 3108 1424 3140 :
1464 3091 1643 3156 populo
1685 3088 1969 3138 solemniter

191 3171 437 3221 benedixit
460 3179 508 3223 et
527 3175 765 3238 plenarias
786 3177 1109 3241 indulgentias
1132 3176 1372 3225 concessit
1392 3192 1510 3239 quas
1539 3179 1704 3222 Rmus.
1733 3176 1789 3221 D.
1813 3187 1970 3220 came-

192 3256 345 3303 rarius
373 3255 423 3303 in
454 3256 602 3306 latino
636 3264 684 3308 et
717 3261 971 3309 Cesarinus
999 3261 1048 3308 in
1080 3260 1259 3324 vulgari
1281 3259 1556 3324 publicavit.
1582 3258 1688 3305 Alia
1718 3257 1969 3304 observata

191 3343 299 3388 sunt
320 3355 455 3388 more
478 3341 636 3390 solito.
1584 3340 1593 3349 ’

261 3421 488 3482 Sabbato,
520 3426 548 3472 6
585 3425 714 3487 maii,
751 3429 880 3492 Papa
913 3427 1142 3492 equitavit
1172 3426 1354 3476 Ostiam
1384 3424 1660 3475 Tiberinam
1693 3419 1879 3473 etcum
1913 3434 1970 3468 00
