2202 3926
162 325 388 367 [Avri11494]
612 322 783 361 RERUM
818 323 1122 379 URBANARUM
1155 324 1506 362 COMMENTARH.
1881 324 1947 360 115

162 427 479 492 Neapolitano
529 427 719 477 dicente
769 446 779 475 :
827 427 1112 486 Benedicite,
1155 428 1219 475 P.
1262 426 1666 475 reverendissime.
1716 428 1941 489 Legatus,

162 515 363 576 accepto
395 512 620 572 cocleari,
647 506 904 561 'incensum
936 516 1085 577 ponat
1115 511 1166 559 in
1196 510 1498 560 thuribulum
1532 514 1579 559 et
1613 509 1737 558 dicat
1774 509 1831 556 ab
1866 509 1942 555 illo

166 593 449 642 benedicaris
468 596 517 644 in
538 597 678 661 eujus
697 597 872 645 honore
892 596 1201 655 coronaberis,
1224 596 1273 643 in
1295 596 1485 644 nomine
1503 595 1667 643 Patris
1688 602 1732 642 et
1750 593 1881 651 Filii,
1907 599 1951 638 et

163 679 371 742 Spiritus
397 682 563 742 saneti,
585 687 633 730 et
654 681 845 746 signum
866 681 1021 730 crucis
1041 697 1186 746 super
1205 681 1461 729 incensum
1482 681 1641 745 ipsum
1661 679 1710 726 in
1728 677 1948 727 thuribu-

164 761 265 809 lum
299 763 511 826 positum
546 765 798 829 producat.
833 765 1241 830 Archiepiscopus
1268 764 1533 829 predictus,
1567 766 1767 827 accepto
1799 760 1947 810 thuri-

166 845 299 906 bulo,
329 848 456 896 facta
482 852 621 897 Rmo.
648 850 808 914 legato
836 851 1120 909 reverentia,
1148 850 1305 914 ipsum
1331 850 1545 913 legatum
1572 848 1762 897 detecto
1791 846 1947 911 capite

170 934 378 980 stantem
410 931 680 981 incensabit
717 938 806 991 ter,
838 934 905 982 illi
940 933 1236 982 thuribulum
1257 933 1458 982 ducens,
1491 935 1549 980 D.
1576 933 1782 997 legatuS,
1814 937 1950 981 ante-

171 1031 316 1079 quam
337 1015 538 1080 recipiat
558 1017 959 1076 incensationem,
979 1033 1145 1081 regem
1167 1017 1228 1066 ad
1249 1033 1357 1066 eam
1378 1016 1612 1075 invitabit,
1632 1016 1719 1065 sed
1743 1031 1828 1065 rex
1848 1032 1947 1064 non

174 1099 462 1163 acceptabit,
486 1115 644 1164 neque
676 1105 786 1164 post
815 1103 872 1149 D.
905 1101 1120 1166 legatum
1146 1101 1489 1160 incensabitur,
1520 1100 1633 1165 quia
1664 1098 1946 1164 hujusmodi

174 1183 442 1233 incensatio
464 1184 517 1233 fit
539 1187 595 1233 D.
619 1185 781 1250 legato
803 1189 1048 1249 tamquam
1070 1186 1257 1234 noviter
1275 1185 1504 1234 venienti.

234 1270 380 1316 Facta
397 1267 749 1328 incensatione,
771 1268 1060 1333 procedatur
1084 1268 1145 1317 ad
1171 1269 1319 1317 altare
1341 1269 1516 1333 majus,
1539 1267 1619 1316 ubi
1639 1267 1688 1316 in
1710 1266 1946 1333 superiori

171 1351 316 1416 plano
338 1356 449 1400 ante
471 1352 672 1417 gradum
694 1352 856 1401 altaris
877 1356 1045 1416 parata
1074 1357 1215 1402 erunt
1243 1352 1338 1401 duo
1364 1351 1646 1411 faldistoria,
1668 1368 1818 1399 unum
1841 1368 1948 1400 ver-

168 1452 248 1484 sus
276 1451 426 1484 cornu
456 1437 659 1501 epistole
685 1452 794 1486 cum
814 1436 960 1501 pallio
994 1437 1053 1486 de
1086 1437 1314 1486 broccato
1345 1452 1494 1486 aureo
1522 1437 1812 1495 cremosino,
1838 1452 1949 1484 cum

169 1518 359 1568 duobus
388 1519 592 1567 cussinis
621 1519 790 1568 similis
819 1520 1032 1569 broccati
1059 1536 1147 1585 pro
1174 1521 1578 1570 reverendissimo
1610 1523 1666 1569 D.
1698 1521 1877 1585 legato,
1903 1524 1950 1568 et

168 1602 297 1651 aliud
324 1619 492 1651 versus
528 1619 678 1652 cornu
715 1604 951 1669 evangelii
978 1621 1090 1653 cum
1121 1605 1266 1669 pallio
1304 1605 1363 1654 de
1401 1605 1626 1654 broccato
1660 1603 1872 1664 violatio,
1904 1608 1951 1652 et

167 1685 355 1735 duobus
373 1687 579 1736 cussinis
600 1687 821 1737 similiter
841 1687 1053 1737 broccati
1075 1688 1207 1737 aurei
1227 1704 1315 1753 pro
1337 1689 1648 1738 serenissimo
1670 1704 1802 1753 rege.

234 1771 599 1836 Quamprimum
616 1772 1043 1821 reverendissimus
1062 1773 1250 1836 legatus
1273 1777 1319 1822 et
1337 1773 1675 1822 serenissimus
1697 1789 1783 1821 rex
1803 1788 1951 1837 genu-

168 1854 408 1914 flexerint,
435 1855 827 1920 archiepiscopus
858 1857 1199 1920 Neapolitanus
1226 1858 1458 1921 prefatus,
1490 1862 1541 1905 ut
1562 1873 1708 1921 supra
1732 1861 1946 1921 paratus,

169 1941 301 1986 stans
321 1937 371 1985 in
392 1954 619 2002 supremo
641 1939 792 2002 gradu
815 1939 978 1987 altaris
998 1939 1047 1987 in
1069 1956 1220 1989 cornu
1241 1941 1443 2005 epistole
1461 1957 1625 1989 versus
1641 1940 1703 1988 ad
1723 1956 1951 1988 reveren-

169 2020 422 2070 dissimum
435 2023 490 2070 D.
502 2022 734 2086 legatum,
755 2023 1005 2087 capellano
1021 2040 1127 2084 suo,
1146 2024 1482 2089 superpellicio
1498 2024 1683 2083 induto,
1702 2039 1730 2071 a
1745 2022 1950 2071 sinistris

170 2105 269 2153 suis
295 2105 470 2154 librum
501 2109 716 2167 tenente,
742 2122 801 2156 ex
834 2123 891 2156 eo
927 2107 1053 2156 dicat
1079 2123 1195 2157 voce
1229 2108 1542 2172 competenti,
1569 2108 1720 2156 choro
1755 2123 1951 2172 respon-

167 2189 309 2237 dente
332 2207 342 2236 :

234 2273 284 2334 Ῡ.
325 2273 570 2323 Protector
589 2284 763 2336 noster,
789 2275 958 2340 aspice,
979 2278 1122 2337 Deus,

234 2358 286 2418 fi).
327 2358 399 2405 Et
414 2359 591 2422 respice
609 2360 658 2407 in
677 2361 852 2425 faeiem
877 2361 1056 2409 Christi
1073 2361 1157 2409 tui.

234 2443 286 2502 Ῡ.
327 2440 526 2490 Salvum
553 2443 654 2508 fac,
684 2443 905 2504 Domine,
942 2461 1127 2493 servum
1162 2452 1296 2493 tuum
1327 2443 1594 2493 Jokannem
1616 2444 1950 2509 presbyteram

172 2524 475 2586 cardinalem,

232 2608 284 2669 ἡ.
322 2609 456 2658 Deus
477 2627 625 2671 meus,
649 2621 916 2674 sperantem
934 2613 983 2661 in
1004 2621 1063 2661 te.

234 2695 281 2754 5⁷.
319 2693 459 2741 Mitte
479 2702 539 2754 et,
563 2695 786 2755 Domine,
812 2697 1046 2745 auxilium
1067 2697 1123 2746 de
1143 2697 1335 2756 Senem,

234 2775 286 2836 ἢ.
324 2775 394 2824 Et
415 2776 471 2824 de
486 2778 619 2841 Syon
641 2786 769 2827 tuere
786 2796 910 2829 eum.

234 2863 283 2922 Ῡ.
320 2859 701 2925 Nilzilproficiat
716 2862 934 2911 inimicus
953 2864 1002 2911 in
1024 2878 1091 2922 ea,

236 2946 286 2997 li).
323 2944 395 2992 Et
409 2945 542 3009 filius
561 2945 824 3010 iniquitatis
845 2963 940 2995 non
958 2947 1139 2995 nocebit
1154 2948 1196 2995 ei
1214 2963 1227 2994 .·

231 3030 283 3089 ῆι.
310 3027 538 3089 Domine,
561 3029 734 3077 exaudi
751 3031 1008 3079 orationem
1024 3047 1194 3090 meam,

240 3111 291 3170 ᾗ).
327 3111 397 3159 Et
417 3112 592 3161 clamor
612 3130 742 3162 meus
763 3115 829 3162 ad
843 3123 887 3163 te
910 3116 1079 3163 veniat.

244 3192 295 3252 3⁷.
333 3193 569 3244 Dominus
591 3198 841 3258 vobiscum,

244 3274 298 3335 Ii).
335 3274 410 3324 Et
427 3292 533 3326 cum
553 3281 723 3343 spiritu
744 3290 840 3331 tuo.

953 3370 1176 3417 OremuS.

244 3443 549 3509 Omnipotens
582 3448 858 3511 sempiterne
886 3450 1037 3510 Deus,
1072 3451 1154 3514 qui
1179 3452 1303 3515 facis
1336 3451 1569 3498 mirabilia
1598 3465 1775 3513 mayna
1807 3448 1947 3503 solus,
