2202 3926
294 350 361 386 133
903 350 1134 387 JOHANNIS
1167 350 1456 397 BURCHARDI,
1864 355 1948 395 [Mai
1971 356 2064 395 1494]

359 451 537 508 Quibus
562 451 629 500 sic
655 453 883 516 peractiS,
907 455 1215 517 postmodum
1246 455 1420 503 iterum
1449 454 1600 517 surgit
1631 469 1715 503 rex
1742 459 1789 503 et
1822 456 1963 504 ambo
1989 457 2061 504 sui

292 534 588 594 assistenteS,
607 536 838 599 depositis
857 537 1031 595 mitris,
1051 542 1098 584 et
1116 537 1219 583 aliis
1240 536 1436 598 prelatis
1458 551 1568 584 cum
1590 536 1744 584 mitris
1766 537 2060 597 sedentibus,

291 618 680 682 archiepiscopus
702 620 1044 682 Neapolitanus
1067 618 1180 665 dicit
1199 618 1357 681 legato
1380 635 1391 667 :

361 724 382 747 «
425 701 558 749 Rme.
576 710 718 764 pater
739 718 752 748 .·
770 702 981 764 postulat
997 709 1102 760 ete„
1124 706 1267 764 prout
1284 701 1638 766 in'pontificali.
1666 705 1871 766 Legatus
1895 720 1904 751 :
1927 704 2066 752 Scitis

289 785 422 833 illum
456 792 538 831 etc.
569 784 912 847 Neapolitanus
948 783 1197 846 respondit
1227 800 1236 831 :
1267 784 1340 831 Et
1364 785 1578 832 novimus
1606 793 1690 832 ete.
1728 814 1791 820 —
1820 787 2026 849 Legatus
2051 803 2060 835 :

289 868 389 915 Deo
405 868 603 931 qratia&
630 867 776 916 Sedet
806 861 891 915 rex
916 871 963 915 et
984 867 1126 915 ambo
1158 867 1454 916 assistentes.
1480 870 1687 930 Legatus
1708 868 2002 932 competenti
2020 874 2067 917 et

288 951 572 1014 intelligibili
593 966 708 998 voce
731 951 873 1000 dicit:
903 950 1025 998 Cum
1041 950 1175 998 hodie
1197 958 1281 999 ete.
1309 950 1388 1015 (1).

352 1034 507 1082 Finita
547 1033 813 1083 monitione
854 1034 1022 1097 surgit,
1061 1033 1247 1082 accedit
1291 1048 1454 1082 coram
1491 1048 1575 1093 eo,
1612 1039 1659 1081 et
1696 1049 1842 1096 super
1873 1032 2066 1081 cussino

286 1118 584 1181 genuflexuS,
607 1117 852 1165 osculatur
872 1118 977 1181 ejus
1008 1132 1234 1175 manum;
1262 1120 1363 1165 tum
1391 1119 1571 1181 prestat
1593 1117 1921 1179 juramentum
1949 1131 2066 1165 con-

284 1200 462 1249 fectum
485 1201 573 1248 sub
591 1200 683 1248 hac
701 1199 875 1259 forma,
900 1199 1122 1248 videlicet
1147 1216 1156 1247 :

353 1305 375 1328 «
411 1286 511 1348 Ego
541 1283 836 1348 Alphonsus,
874 1283 960 1331 Dei
982 1283 1136 1346 gratia
1167 1299 1252 1331 rex
1274 1283 1456 1342 Sicilie,
1481 1283 1728 1347 profiteor,
1757 1282 1988 1346 promitto
2018 1286 2066 1331 et

281 1370 390 1432 juro
429 1383 593 1415 coram
633 1370 734 1415 Deo
780 1370 828 1415 et
863 1366 1047 1430 angelis
1088 1367 1211 1430 ejus,
1250 1366 1478 1430 deinceps
1517 1366 1694 1430 legem,
1735 1365 1973 1429 justitiam
2018 1371 2066 1416 et

283 1467 453 1516 pacem
480 1450 692 1500 Ecclesie
724 1452 831 1511 Dei,
855 1451 1129 1515 populoque
1158 1451 1275 1498 mihi
1309 1452 1525 1516 subJ'ecto
1554 1467 1640 1515 pro
1670 1468 1812 1516 posse
1845 1456 1892 1499 et
1920 1466 2063 1499 nosse

287 1535 444 1583 facere
479 1540 620 1598 atque
661 1550 869 1595 servare,
903 1535 1031 1583 salvo
1069 1534 1309 1598 condigno
1343 1536 1673 1584 misericordie
1704 1534 1789 1583 Dei
1821 1540 2060 1599 respectu,

288 1618 408 1666 sicut
430 1617 477 1665 in
499 1618 699 1666 consilio
722 1618 936 1667 fidelium
963 1633 1182 1666 meorum
1209 1618 1380 1666 melius
1410 1622 1580 1681 potero
1606 1618 1844 1677 invenire3
1868 1617 2064 1681 pontifi-

288 1701 420 1749 cibus
442 1716 631 1765 quoque
653 1701 978 1750 Ecclesiarum
1001 1701 1088 1750 Dei
1111 1700 1423 1764 condignum,
1449 1705 1496 1749 et
1518 1701 1805 1749 canonicum
1826 1701 2064 1749 honorem

289 1784 535 1843 exhibere,
560 1789 702 1848 atque
728 1802 785 1833 ea
811 1802 902 1848 que
930 1786 989 1833 ab
1015 1783 1386 1848 imperatoribus
1417 1786 1463 1831 et
1487 1783 1681 1846 regibus
1713 1782 1928 1831 ecclesiis
1963 1783 2065 1831 col-

286 1867 381 1915 lata
408 1872 455 1916 et
482 1868 668 1916 reddita
698 1873 825 1927 sunt,
857 1867 1191 1915 inviolabiliter
1218 1866 1491 1925 observare,
1517 1865 1785 1924 abbatibuS,
1810 1864 2065 1913 comitibus

290 1955 335 1999 et
366 1951 582 1999 vassallis
612 1951 732 1999 meis
763 1966 1032 2014 congruum
1058 1951 1315 2008 honorem,
1347 1947 1614 1996 secundum
1647 1948 1902 1997 consilium
1928 1964 2065 1997 meo-

287 2050 394 2082 rum
432 2033 666 2093 fidelium,
699 2038 934 2098 prestare.
974 2033 1051 2081 Sic
1088 2048 1165 2082 me
1197 2035 1327 2081 Deus
1358 2032 1549 2095 adjuvet
1582 2035 1629 2079 et
1656 2031 1749 2080 hec
1781 2035 1948 2081 sancta
1977 2031 2063 2080 Dei

289 2119 550 2183 evangelia.
575 2140 596 2163 »

352 2204 409 2250 Et
431 2201 596 2250 ambas
629 2217 799 2249 manus
828 2216 971 2265 super
998 2202 1175 2249 librum
1208 2201 1472 2260 missalem,
1497 2215 1642 2264 quem
1665 2200 1852 2263 legatus
1881 2203 2060 2258 teneat,

289 2288 454 2347 ponat,
480 2288 531 2332 ut
552 2284 724 2348 prioris
742 2284 1005 2348 juramenti
1026 2283 1322 2349 prestatione
1342 2283 1471 2332 fecit.

355 2370 484 2431 Rege
512 2367 581 2415 sic
612 2368 868 2432 genuflexo
895 2371 1229 2433 permanente,
1258 2368 1408 2431 surgit
1437 2367 1623 2430 legatus
1652 2366 1872 2430 deposita
1900 2366 2060 2424 mitra,

292 2452 339 2496 et
364 2453 495 2498 stans
518 2451 579 2499 ad
604 2467 768 2515 regem
789 2467 970 2510 versus,
994 2451 1108 2499 dicit
1129 2450 1415 2513 intelligibili
1437 2465 1551 2499 voce
1572 2449 1779 2514 legendo
1802 2466 1811 2497 :
1843 2449 2062 2507 Oremus,

293 2534 579 2597 omnipotens
599 2535 874 2599 sempiterne
893 2535 1024 2583 Deus
1046 2542 1129 2582 ete.

356 2617 490 2665 Idem
524 2618 690 2667 dicunt
719 2619 890 2683 prelati
922 2619 971 2666 in
1006 2618 1104 2666 suis
1136 2617 1257 2665 locis
1281 2617 1383 2666 sine
1416 2617 1572 2665 mitris
1594 2621 1793 2676 stantes,
1827 2615 2067 2665 submissa

289 2715 422 2749 voce.

354 2784 511 2831 Finita
533 2785 748 2832 oratione
767 2785 1000 2848 predicta,
1027 2784 1177 2847 surgit
1198 2798 1283 2831 rex
1301 2787 1348 2832 et
1368 2788 1478 2831 ante
1501 2799 1652 2831 cornu
1671 2783 1904 2846 evangelii
1921 2797 2066 2847 super

289 2866 464 2928 gradus
479 2866 641 2914 altaris
659 2872 706 2915 et
724 2868 847 2915 illius
866 2868 1008 2931 plano
1026 2883 1076 2915 se
1091 2866 1368 2931 prosternit,
1387 2872 1592 2930 quatuor
1603 2866 1826 2925 cussinis,
1845 2865 2062 2914 videlicet

290 2966 385 2997 uno
425 2950 512 2996 sub
539 2950 761 3013 genibus,
793 2951 886 2998 alio
926 2950 1013 2999 sub
1053 2949 1303 2998 stomacho
1343 2954 1391 2997 et
1433 2950 1617 2997 duobus
1657 2948 1744 2996 sub
1776 2947 1986 2995 brachiis
2016 2951 2063 2995 et

291 3033 464 3096 capite,
492 3033 579 3081 sibi
600 3032 787 3097 positis.

358 3119 564 3179 Legatus
593 3121 771 3177 autem,
797 3122 995 3180 accepta
1027 3117 1185 3176 mitra,
1212 3115 1484 3180 procumbit
1514 3114 1562 3161 in
1593 3112 1858 3161 faldistorio
1886 3114 1935 3161 in
1968 3129 2063 3177 quo

294 3199 492 3247 sedebat
526 3200 586 3247 ad
620 3200 768 3248 altare
799 3215 984 3248 versus.
1021 3201 1199 3247 Omnes
1220 3198 1388 3263 prelati
1420 3213 1529 3245 cum
1551 3196 1704 3245 mitris
1736 3196 1781 3244 in
1817 3196 1914 3244 suis
1942 3196 2062 3244 locis

292 3281 637 3344 genuflectunt.

336 3403 371 3439 1.
403 3407 562 3449 ...prout
590 3403 623 3438 in
651 3404 987 3441 consecrationibus
1014 3403 1090 3439 fieri
1118 3402 1221 3439 solet..
1252 3401 1410 3443 Riualdi,
1438 3413 1473 3449 p.
1501 3401 1584 3446 214,
1613 3411 1702 3437 mss.
1730 3400 1836 3444 5160,
1861 3398 1885 3435 t'.
1916 3397 1998 3440 126,
2025 3400 2060 3432 et

288 3474 379 3498 mss.
405 3461 449 3497 de
470 3461 652 3501 Florence.
1510 3475 1513 3477 ’
