2222 3926
325 317 395 350 222
928 315 947 350 J
952 315 1111 351 OHANN
1117 315 1159 351 lS
1192 314 1485 357 BURCHARDI,
1824 314 1980 353 [Janvier
2002 313 2093 352 1495]

327 417 422 465 sive
460 416 767 465 curritorium
802 417 1176 482 discoopertum,
1216 417 1264 464 in
1297 416 1516 464 rochetto
1552 420 1599 462 et
1632 414 1912 477 capuccino,
1949 430 2092 463 cruce

326 500 617 564 precedente
640 516 784 564 quam
802 502 1006 564 portavit
1027 504 1085 548 D.
1109 498 1320 562 Raphael
1339 498 1567 558 diaconus
1587 497 1788 561 capelle,
1810 512 1920 545 cum
1938 498 2093 546 nullus

326 582 519 630 adesset
555 582 873 630 subdiaconus
907 582 1219 645 apostolicUS,
1258 580 1317 628 de
1354 583 1511 628 castro
1545 580 1605 627 ad
1639 579 1867 643 palatium
1900 585 2093 643 aposto-

324 665 486 713 licum.
530 669 630 714 Rex
672 665 928 713 adventum
973 667 1098 727 Pape
1136 663 1410 727 intelligens
1450 662 1657 711 occurrit
1696 663 1740 711 ei
1778 679 1929 727 usque
1969 663 2096 711 circa

325 750 472 795 tinem
501 747 700 795 secundi
733 746 862 794 horti
899 747 1072 795 secreti
1117 746 1174 795 de
1214 762 1308 810 quo
1347 746 1408 794 ad
1446 746 1627 794 dictum
1661 746 2094 795 deambulatorium

325 830 540 878 ascendit
564 845 573 876 :
600 829 867 877 cardinales
898 829 1048 878 secuti
1071 832 1180 876 sunt
1200 844 1367 892 regem
1398 828 1479 891 qui
1499 832 1612 876 tunc
1634 844 1743 877 cum
1765 844 1823 877 eo
1844 834 2094 892 presentes

324 916 460 960 erant
490 917 537 962 et
564 912 655 976 ipsi
689 915 867 976 Papam
903 915 1229 976 expectantes.
1264 914 1394 975 Papa
1419 928 1530 961 cum
1557 915 1685 960 esset
1716 911 1764 958 in
1797 911 1940 975 plano
1965 911 2091 960 horti

322 996 542 1060 predicti,
566 1000 907 1059 precesserunt
927 995 1194 1044 cardinales
1216 1011 1382 1059 regem
1405 1011 1556 1058 usque
1574 995 1632 1042 ad
1649 994 1948 1057 pontificem.
1971 997 2088 1053 Rex,

322 1079 422 1128 viso
443 1079 670 1143 pontifice
699 1080 760 1127 ad
780 1079 986 1142 spatium
1014 1079 1216 1128 duarum
1239 1094 1500 1127 cannarum
1523 1077 1787 1142 genuflexit
1806 1077 1879 1125 bis
1901 1094 2094 1126 succes-

324 1162 438 1222 sive,
478 1161 771 1226 competenti
805 1162 1047 1217 distantia,
1085 1162 1213 1225 quod
1248 1164 1375 1225 Papa
1408 1162 1544 1210 finxit
1578 1179 1627 1211 se
1661 1178 1758 1211 non
1793 1163 1972 1223 videre,
2009 1162 2092 1212 sed

322 1261 431 1292 cum
470 1260 554 1293 rex
585 1261 670 1309 pro
705 1245 846 1293 tertia
877 1245 1214 1309 genuflexione
1250 1246 1471 1295 facienda
1506 1247 1928 1311 appropinquaret,
1966 1250 2095 1311 Papa

322 1327 543 1390 deposuit
571 1327 778 1376 biretum
811 1344 951 1376 suum
978 1333 1026 1377 et
1056 1314 1235 1377 ocurrit
1263 1328 1363 1391 regi
1395 1328 1456 1376 ad
1485 1329 1675 1377 tertiam
1704 1329 2092 1393 genuflexionem

320 1410 530 1459 venienti
561 1427 617 1459 ac
647 1427 757 1459 eum
789 1412 938 1460 tenuit
968 1427 1028 1460 ne
1061 1412 1409 1475 genuflecteret
1439 1416 1487 1460 et
1519 1412 1826 1461 deosculatus
1858 1419 1929 1461 est
1959 1429 2086 1461 eum.

318 1493 474 1542 Ambo
499 1494 700 1542 detectis
728 1494 962 1558 capitibus
987 1499 1139 1555 erant,
1172 1494 1334 1558 sicque
1358 1510 1441 1543 rex
1464 1511 1554 1543 nec
1578 1495 1752 1559 pedem
1779 1511 1869 1544 nec
1895 1512 2091 1544 manum

321 1579 447 1641 Pape
483 1577 789 1626 deosculatus
823 1583 920 1637 est;
961 1581 1091 1642 Papa
1125 1578 1277 1626 noluit
1312 1593 1549 1642 reponere
1586 1578 1795 1627 biretum
1829 1595 1968 1627 suum
2000 1580 2091 1628 nisi

320 1660 453 1723 prius
475 1676 525 1708 se
547 1664 733 1724 tegeret
762 1676 861 1719 rex,
890 1660 1086 1709 tandem
1110 1661 1253 1708 simul
1280 1661 1438 1725 capita
1464 1666 1836 1724 cooperuerunt,
1861 1663 2090 1726 pontifice

320 1758 517 1791 manum
548 1743 703 1791 bireto
734 1744 880 1807 regis,
917 1749 969 1792 ut
1003 1744 1348 1808 cooperiretur,
1374 1750 1665 1809 apponente.
1691 1748 1808 1804 Rex,
1832 1761 1975 1808 quam
1995 1746 2093 1809 pri-

320 1842 451 1875 mum
471 1843 499 1875 a
515 1827 763 1890 pontifice,
789 1832 835 1875 ut
854 1827 1162 1891 premittitur,
1184 1831 1408 1891 receptus
1429 1827 1532 1886 fuit,
1555 1827 1735 1891 rogavit
1758 1829 1937 1891 Papam
1954 1827 2093 1877 vellet

316 1910 635 1973 pronunciare
673 1910 969 1960 cardinalem
1008 1910 1289 1975 episcopum
1325 1910 1713 1967 Macloviensem,
1759 1909 2085 1958 consiliarium

318 2008 476 2052 suum,
511 1993 639 2057 quod
662 1995 791 2057 Papa
819 1993 936 2041 dixit
961 2009 1012 2041 se
1033 1993 1292 2051 facturum,
1326 1992 1561 2040 mandans
1578 1992 1698 2040 mihi
1718 1993 1848 2056 quod
1867 1993 1926 2041 ad
1946 1993 2093 2041 effec-

320 2080 419 2123 tum
451 2075 729 2140 hujusmodi
762 2076 1027 2140 reperirem
1058 2092 1259 2140 cappam
1290 2092 1436 2124 unam
1467 2076 1818 2125 cardinalarem
1850 2081 1898 2125 et
1928 2077 2090 2140 capel-

316 2158 415 2206 lum
440 2175 448 2206 :
475 2175 677 2223 cappam
699 2159 896 2208 mutavit
918 2158 1172 2208 cardinalis
1198 2159 1480 2208 Valentinus
1503 2164 1550 2208 et
1575 2160 1816 2224 capellum
1841 2167 2090 2224 receptum

315 2241 402 2289 fuit
427 2241 486 2289 de
517 2257 710 2291 camera
736 2242 860 2290 Rmi.
886 2245 943 2290 D.
969 2242 1223 2290 cardinalis
1245 2258 1284 2289 s.
1309 2242 1578 2291 Anastasie.
1611 2246 1712 2291 Rex
1741 2243 2022 2291 existimans
2044 2243 2093 2290 id

315 2323 379 2372 ibi
401 2324 625 2373 adstatim
646 2325 751 2374 fieri
771 2325 968 2384 debere,
992 2324 1301 2388 interrogavit
1319 2339 1397 2372 me
1416 2324 1609 2373 ubinam
1630 2330 1677 2374 et
1695 2325 1938 2389 quomodo
1958 2328 2087 2388 Papa

315 2412 444 2456 esset
476 2422 588 2456 eum
622 2408 956 2466 exauditurus3
995 2406 1222 2471 respondi
1256 2407 1305 2454 in
1339 2423 1534 2456 camera
1565 2409 1822 2472 papagalli,
1860 2408 1921 2456 acl
1949 2423 2091 2471 quam

319 2490 547 2540 continuo
569 2491 717 2539 ibant.

382 2576 512 2637 Papa
550 2574 741 2622 sinistra
777 2590 922 2622 manu
961 2590 1048 2623 sua
1086 2575 1212 2639 regis
1249 2574 1465 2624 dextram
1502 2575 1763 2639 accipiens,
1810 2589 1921 2622 eum
1958 2572 2092 2621 duxit

316 2672 468 2720 usque
496 2657 557 2705 ad
583 2657 760 2707 dictam
782 2675 1025 2708 cameram
1046 2660 1282 2724 papagalli
1310 2659 1408 2719 ubi,
1433 2664 1690 2723 antequam
1712 2659 1929 2718 intraret,
1956 2656 2091 2705 finxit

316 2755 369 2787 se
402 2739 615 2802 pontifex
650 2756 861 2805 syncopa
892 2743 1097 2802 turbari3
1138 2743 1264 2791 intus
1298 2746 1459 2791 autem
1491 2747 1766 2807 perventuS,
1802 2744 1932 2805 Papa
1966 2739 2090 2789 sedit

315 2838 461 2885 super
489 2822 655 2870 sedem
684 2824 874 2872 bassam
903 2825 990 2873 sibi
1020 2830 1319 2892 apportatam
1347 2829 1456 2874 ante
1485 2826 1744 2874 fenestram
1773 2829 1820 2872 et
1848 2839 1931 2872 rex
1954 2824 2091 2887 juxta

316 2919 428 2951 eum
450 2921 598 2969 super
618 2907 880 2955 scabellum
907 2924 994 2972 pro
1017 2924 1111 2971 quo
1133 2907 1361 2956 continuo
1384 2907 1548 2956 sedem
1571 2922 1656 2955 sue
1679 2905 1930 2954 Sanctitati
1953 2906 2088 2953 simi-

317 2988 414 3036 lem
447 2987 560 3036 fecit
596 2994 868 3052 apportare,
906 3006 985 3039 me
1024 2995 1186 3039 autem
1220 2990 1455 3039 instanter
1491 2994 1698 3053 negante
1737 2992 1784 3037 et
1820 2988 2088 3038 sessionem

320 3071 599 3135 hujusmodi
644 3088 949 3136 nequaquam
989 3074 1242 3122 convenire
1287 3075 1551 3121 asserente.
1601 3075 1729 3136 Papa
1773 3071 1990 3120 ascendit
2028 3070 2088 3120 ad

319 3154 484 3204 sedem
533 3155 825 3204 eminentem
870 3156 1269 3215 consistorialem,
1318 3155 1382 3203 ibi
1418 3155 1671 3204 ordinante
1716 3172 1812 3214 me,
1861 3154 2083 3219 positam,

322 3238 536 3286 dimissis
557 3238 688 3302 prius
726 3238 880 3287 bireto
907 3243 954 3287 et
974 3239 1238 3303 capuccino
1266 3237 1415 3286 rubeo
1439 3243 1487 3286 et
1510 3237 1720 3302 acceptis
1747 3237 1901 3286 bireto
1929 3239 1976 3284 et
2004 3251 2084 3283 ca-

323 3315 528 3386 puccino
559 3323 678 3371 albis
715 3327 762 3371 et
789 3323 910 3373 stola
937 3324 1161 3388 pretiosa.
1196 3322 1357 3371 Posita
1389 3321 1477 3370 fuit
1509 3321 1649 3370 sedes
1681 3324 1807 3384 Pape
1835 3317 2084 3368 cameralis

327 3409 437 3453 ante
464 3406 680 3454 dextram
703 3422 835 3454 suain
864 3406 910 3453 in
943 3423 1035 3470 qua
1065 3406 1187 3455 sedit
1217 3422 1318 3465 rex,
1348 3410 1475 3454 retro
1504 3405 1667 3454 sedem
1690 3407 1816 3468 Papo
1839 3407 1886 3453 et
1906 3405 2015 3451 ante
2035 3401 2083 3448 in
