2222 3926
129 338 352 379 [Aont1496]
576 335 744 373 RERUM
778 334 1079 372 URBANARUM
1109 334 1461 372 COMMENTARII.
1841 337 1913 372 299

128 440 221 490 alia
250 456 384 489 more
414 442 547 504 prius
580 441 830 490 observata
857 443 963 488 acta
993 442 1120 487 sunt.
1157 437 1390 502 Equitavit
1422 436 1596 485 deinde
1625 437 1815 501 legatus
1848 438 1909 486 ad

129 524 312 572 curiam
342 527 398 572 D.
432 523 749 573 Ariminensis
776 523 836 572 ad
856 539 1001 587 quam
1029 522 1242 587 prefatus
1274 519 1561 584 magnificus
1590 519 1851 568 Pandolfus
1883 536 1912 569 a

131 607 337 655 sinistris
356 607 499 671 legati
522 608 743 671 equitans
770 608 929 670 ipsum
950 605 1202 655 associavit
1223 606 1303 655 ubi
1323 606 1595 669 hospitatus
1619 607 1709 664 est,
1748 619 1838 668 ego
1860 603 1909 651 in

130 691 341 754 hospitio
362 691 552 754 Angeli,
577 691 658 739 alii
678 691 792 739 hinc
816 695 862 740 et
885 691 1016 740 inde.

193 777 247 822 In
283 774 409 822 dicta
444 775 651 824 ecclesia
686 779 759 823 est
794 779 939 839 caput
974 791 1013 822 S.
1055 774 1304 834 columbe,
1344 778 1393 822 et
1428 788 1554 822 unus
1590 787 1651 822 ex
1682 772 1908 823 dentibus

130 876 168 906 s.
201 857 535 922 christophori
562 859 786 923 martyris
814 875 960 922 quem
986 858 1190 906 vidimus
1211 857 1525 922 longitudinis
1556 856 1691 920 digiti
1719 854 1815 904 mei
1835 853 1911 904 vel

131 942 275 1000 circa,
309 946 357 990 et
382 941 646 989 latitudinis
669 941 742 990 ovi
770 942 932 1006 magni
961 942 1154 1006 galline.
1187 944 1435 1006 Expensas
1459 941 1574 990 fecit
1596 944 1654 989 D.
1685 938 1907 988 Arimini.

196 1026 335 1074 Feria
354 1028 542 1088 quarta,
583 1029 640 1073 10
662 1025 871 1089 augusti,
900 1025 1076 1074 festum
1100 1042 1139 1073 s.
1166 1025 1427 1084 Laurentii,
1452 1028 1616 1073 Rmus.
1642 1026 1700 1072 D.
1723 1023 1912 1087 legatus

131 1110 384 1175 prandium
412 1110 526 1158 fecit
554 1113 686 1156 extra
717 1112 763 1156 et
789 1108 917 1156 circa
938 1108 1167 1172 oppidum
1199 1107 1553 1171 Ganignanum,
1583 1106 1664 1155 ubi
1692 1119 1914 1154 commu-

132 1194 257 1243 nitas
285 1194 365 1242 illa
394 1193 576 1258 paravit
603 1196 650 1240 et
679 1191 815 1240 solvit
843 1192 1021 1239 omnia.
1055 1192 1238 1240 Deinde
1266 1191 1396 1240 venit
1423 1193 1659 1239 Cesenam
1686 1188 1768 1237 ubi
1801 1201 1915 1252 pro-

133 1278 465 1328 cessionaliter
490 1281 712 1340 receptus
740 1280 830 1334 est,
862 1275 1075 1338 episcopi
1101 1274 1277 1322 vicario
1307 1274 1522 1322 officium
1552 1277 1745 1337 agente.
1771 1274 1827 1320 R.
1854 1273 1910 1318 D.

134 1363 456 1427 Hieronymus
484 1360 758 1418 Porcarius,
789 1359 972 1408 electus
1003 1357 1305 1417 Andriensis‚
1340 1357 1637 1421 gubernator
1664 1360 1712 1404 et
1740 1353 1916 1403 castel-

131 1446 269 1494 lanus
288 1444 645 1503 Cesenatensis,
666 1443 794 1492 venit
813 1443 903 1491 sibi
922 1442 1110 1491 obviam
1128 1458 1216 1506 per
1236 1441 1419 1505 aliquot
1440 1440 1663 1489 milliaria
1681 1443 1730 1488 et
1745 1437 1916 1486 habuit

132 1529 342 1594 primum
373 1528 536 1577 locum
570 1527 697 1576 inter
731 1527 942 1591 prelatos
977 1530 1189 1575 nostros.
1230 1526 1330 1574 Sub
1362 1529 1503 1590 porta
1536 1524 1726 1588 legatus
1760 1537 1915 1587 genu-

134 1613 285 1662 flexus
315 1627 510 1660 crucem
539 1612 783 1660 osculatus
810 1617 906 1670 est;
933 1610 1108 1659 deinde
1135 1610 1318 1658 mulam
1346 1609 1634 1668 ascendens,
1669 1612 1916 1670 assumpto

135 1696 364 1745 mantello
401 1699 634 1744 consueto
671 1694 760 1742 sub
800 1695 1107 1754 baldachino,
1146 1693 1277 1757 quod
1312 1695 1674 1741 conservatores
1711 1688 1915 1739 civitatis

135 1784 387 1845 portarunt
419 1783 467 1827 et
496 1778 575 1827 alii
606 1779 751 1838 cives,
786 1778 915 1827 venit
952 1777 1013 1826 ad
1040 1777 1299 1826 ecclesiam
1326 1774 1659 1824 cathedralem
1687 1773 1770 1821 ubi
1797 1771 1915 1820 dixit

136 1863 405 1912 orationem
426 1862 486 1910 de
514 1878 553 1909 s.
578 1863 763 1909 Joanne
786 1860 1017 1924 Baptista,
1042 1865 1247 1924 patrono
1269 1858 1492 1907 ecclesie.
1519 1857 1661 1905 Dedit
1682 1855 1914 1904 benedic-

135 1947 318 1995 tionem
347 1950 398 1995 ut
425 1946 474 1994 in
502 1944 710 1993 ecclesia
735 1943 1076 1992 Assisinatensi
1107 1948 1154 1992 et
1178 1941 1501 2006 indulgentias
1528 1941 1732 1989 duorum
1760 1953 1913 1987 anno-

137 2046 242 2078 rum
273 2033 321 2078 et
350 2028 551 2077 totidem
579 2027 1018 2092 quadragenarum,
1055 2042 1173 2091 quas
1207 2025 1539 2090 pronunciavit
1570 2023 1776 2072 vicarius
1803 2037 1915 2087 pre-

138 2114 294 2163 dictus
319 2129 330 2161 ε
355 2112 448 2160 alia
467 2127 604 2159 more
626 2111 768 2160 solito
792 2115 901 2159 sunt
922 2111 1190 2159 observata.
1557 2096 1571 2105 ’

201 2196 344 2245 Pueri
366 2211 528 2244 ramos
548 2197 819 2259 palmarum
839 2195 1114 2243 deserentes
1134 2196 1371 2243 venerunt
1391 2191 1581 2242 obviam
1600 2191 1761 2255 legato
1784 2194 1920 2238 extra

134 2286 326 2346 portam
362 2279 581 2328 civitatis.
613 2279 845 2328 Ascendit
873 2279 1054 2327 mulam
1088 2282 1200 2327 ante
1227 2277 1485 2326 ecclesiam
1519 2281 1567 2326 et
1602 2275 1830 2340 equitavit
1859 2274 1920 2322 ad

137 2368 360 2414 Castrum
399 2364 659 2412 civitatem.
705 2365 758 2411 ln
797 2363 1006 2411 ecclesia
1041 2362 1356 2411 Cesenatensi
1396 2366 1469 2410 est
1510 2361 1705 2409 sinistra
1743 2374 1917 2407 manus

137 2465 175 2495 s.
198 2448 392 2511 Georgii
414 2463 556 2511 pape,
585 2447 758 2511 pollice
781 2446 997 2510 dempto,
1021 2446 1101 2509 qui
1126 2446 1169 2494 ei
1194 2446 1380 2494 ablatus
1403 2450 1493 2505 est,
1518 2460 1663 2508 quam
1694 2444 1741 2491 in
1764 2442 1922 2492 taber-

138 2531 311 2581 naculo
345 2537 515 2579 ornato
547 2530 768 2578 vidimus,
807 2528 1138 2577 Communitas
1168 2529 1283 2577 fecit
1313 2544 1550 2593 expensas
1588 2527 1830 2585 omnibuS,
1873 2531 1919 2575 et

139 2616 452 2679 gubernator.

203 2698 341 2747 Feria
375 2698 562 2761 quinta,
601 2700 653 2744 11
686 2697 895 2761 augusti,
923 2697 1112 2762 legatus
1138 2697 1340 2747 recessit
1367 2698 1417 2746 in
1444 2713 1586 2746 mane
1617 2711 1676 2745 ex
1713 2698 1914 2754 Cesena,

140 2782 292 2830 iturus
314 2781 562 2830 Faentiam
584 2781 705 2830 citra
725 2781 1017 2830 Forolivium
1038 2797 1125 2846 per
1145 2781 1238 2830 duo
1261 2781 1483 2830 milliaria
1507 2780 1582 2829 vel
1601 2780 1731 2829 circa
1755 2798 1765 2827 ε
1788 2779 1917 2827 venit

139 2865 230 2913 sibi
262 2865 453 2914 obviam
489 2864 777 2929 magnificus
811 2868 868 2913 D.
910 2865 1152 2924 Octavius,
1187 2865 1393 2914 vicarius
1430 2867 1464 2912 F
1469 2863 1652 2912 orolivii
1686 2868 1734 2912 et
1766 2862 1915 2912 Imole

138 2948 377 3006 dominus,
416 2948 496 3012 qui
533 2964 645 2997 eum
681 2953 818 2997 extra
852 2949 1144 2998 Forolivium
1181 2953 1229 2998 et
1259 2949 1384 2998 ultra
1412 2963 1499 3014 per
1529 2963 1678 2996 unum
1713 2946 1916 2995 milliare

139 3032 213 3079 vel
239 3033 367 3081 circa
399 3033 670 3082 associavit.
703 3034 851 3083 Venit
884 3017 1132 3082 Faentiam
1160 3033 1347 3097 legatus
1381 3033 1460 3081 ubi
1495 3030 1917 3096 processionaliter

140 3121 364 3179 receptus
392 3121 488 3175 est;
528 3118 758 3181 episcopo
797 3117 1030 3166 Faentino
1068 3117 1280 3165 officium
1312 3120 1592 3181 peragente.
1633 3113 1918 3178 Magnificus

140 3201 197 3246 D.
224 3200 403 3246 Hector
421 3199 717 3258 Manfredus,
748 3200 943 3249 Faentie
965 3200 1188 3266 dominus
1210 3216 1321 3248 cum
1345 3202 1400 3247 D.
1427 3198 1679 3247 Dominico
1688 3234 1806 3255 ......
1838 3197 1919 3243 do-

140 3281 275 3329 minii
295 3284 593 3331 Venetorum
625 3288 835 3343 oratore,
875 3285 1014 3348 cujus
1048 3284 1246 3332 dominii
1285 3281 1476 3330 tuitioni
1516 3282 1619 3344 ipse
1648 3283 1704 3328 D.
1739 3283 1917 3328 Hector

141 3380 263 3429 puer
284 3364 540 3412 duodecim
572 3380 805 3413 annorum
831 3365 907 3414 vel
934 3365 1081 3424 circa,
1112 3364 1400 3413 commissus
1427 3367 1523 3421 est;
1557 3362 1916 3411 inadvertenter

142 3464 170 3496 a
189 3448 369 3496 dextris
386 3448 535 3511 ipsius
557 3450 613 3495 D.
646 3448 866 3496 Hectoris
887 3448 1149 3510 equitante,
1175 3447 1304 3495 venit
1326 3446 1513 3494 obviam
1533 3445 1693 3508 legato
1715 3460 1802 3507 per
1828 3443 1918 3490 tria
