2222 3926
336 333 406 368 306
944 332 1178 370 JOHANNIS
1205 331 1502 377 BURCHARDI,
1891 331 1996 374 [Aout
2016 331 2107 372 149⁶]

332 436 406 484 vel
438 436 568 484 circa
597 436 801 500 sepulte,
839 451 982 499 super
1012 450 1105 498 qua
1135 435 1310 483 crescit
1334 434 1543 497 quedam
1575 431 1835 495 singularis
1855 432 2026 492 herba,
2051 433 2114 482 ad

334 519 538 568 formam
560 520 803 583 sepulture
831 523 1014 567 tantum
1037 523 1127 577 est,
1153 523 1200 566 et
1219 519 1359 565 beate
1388 515 1643 564 Catherine
1671 515 1731 564 de
1756 516 1976 564 Bononia
2000 521 2112 566 ante

336 618 433 650 xxx
462 618 613 651 annos
647 602 722 651 vel
752 602 880 650 circa
913 601 1154 658 defuncte,
1190 599 1249 647 de
1282 599 1446 662 primis
1476 598 1827 647 habitatoribus
1860 599 1976 648 dicti
2005 615 2114 649 mo-

338 685 550 743 nasterii,
576 701 669 747 que
697 685 746 731 in
768 684 880 732 sede
903 683 1110 745 quadam
1126 681 1299 730 sedens
1316 681 1560 745 integrain
1580 684 1685 748 ejus
1710 684 2111 742 extremitatibus,

334 768 554 815 videlicet
590 767 729 825 facie,
770 767 994 814 manibus
1035 769 1082 814 et
1120 764 1324 828 pedibus
1363 765 1553 814 videtur
1590 767 1947 831 inconsumpta.
1985 768 2117 818 Vidit

334 852 442 899 inde
466 855 757 899 conventum
791 866 829 898 s.
866 849 1122 909 Dominici,
1158 850 1263 914 ejus
1294 855 1438 914 caput
1471 855 1519 899 et
1560 851 1861 914 sepulturam
1894 868 1953 901 ex
1983 868 2114 902 mar-

334 950 470 983 more
492 934 607 983 satis
628 934 900 998 preciosam
922 937 969 981 et
990 937 1229 991 ornatam,
1252 933 1498 983 librariam
1520 940 1568 984 et
1588 936 1698 985 alia.

400 1019 539 1067 Feria
566 1018 726 1075 tertia,
764 1020 819 1064 16
849 1017 1039 1080 augusti
1066 1017 1116 1064 in
1139 1032 1297 1075 mane,
1323 1033 1436 1065 cum
1458 1035 1633 1083 magna
1659 1020 1819 1084 pluvia
1839 1019 2039 1069 recessit
2061 1035 2121 1068 ex

337 1102 555 1151 Bononia
590 1101 796 1165 legatus,
840 1101 988 1148 iturus
1028 1100 1278 1148 Mutinam.
1322 1103 1488 1151 Rmus.
1531 1107 1588 1152 D.
1630 1104 1884 1152 cardinalis
1934 1103 2119 1167 Strigo-

336 1186 534 1245 niensis,
560 1185 694 1234 ducis
725 1185 943 1233 Ferrarie
966 1185 1110 1244 filius,
1135 1185 1261 1234 venit
1286 1185 1375 1234 sibi
1402 1185 1591 1234 obv-iam
1618 1202 1705 1250 per
1733 1202 1885 1234 unum
1913 1186 2118 1235 milliare

337 1270 409 1318 vel
432 1269 562 1317 circa
592 1275 727 1318 extra
756 1269 1006 1328 Mutinam,
1041 1269 1140 1329 ubi,
1177 1269 1314 1317 tactis
1345 1269 1586 1329 manibus,
1624 1286 1676 1318 se
1711 1276 1879 1319 mutuo
1914 1270 2115 1319 osculati

337 1355 546 1414 fuerunt,
588 1354 788 1403 detectis
827 1353 1082 1417 capitibus.
1121 1353 1218 1401 Sub
1253 1358 1394 1417 porta
1421 1358 1645 1417 receptus
1672 1354 2116 1418 processionaliter,

335 1437 523 1501 legatus
554 1441 602 1485 et
629 1437 679 1484 in
707 1436 789 1484 illa
822 1437 1065 1485 osculatus
1100 1439 1172 1484 est
1206 1451 1415 1495 crucem,
1449 1453 1536 1501 per
1568 1441 1622 1485 R.
1662 1440 1714 1485 P.
1749 1441 1807 1486 D.
1843 1438 2116 1487 ‚Iohannem

340 1519 621 1583 episcopum
651 1519 948 1578 Firmanum,
977 1519 1026 1566 in
1045 1519 1404 1582 pontificalibus
1432 1520 1646 1584 episcopi
1675 1520 1961 1569 Mutinensis
1990 1520 2119 1570 vica—

340 1603 463 1650 rium
487 1601 592 1667 [sibi
616 1602 860 1667 oblatam].
896 1605 1098 1666 Propter
1122 1603 1277 1651 lutum
1305 1608 1352 1652 et
1376 1608 1567 1667 tempus
1595 1604 1863 1667 pluviosum
1883 1621 1981 1653 non
2007 1604 2120 1653 des-

341 1686 501 1735 cendit
519 1702 577 1734 ex
599 1686 744 1734 mula.
771 1685 1036 1733 Cardinalis
1060 1685 1403 1750 Strigoniensis
1423 1702 1520 1735 non
1543 1687 1787 1735 osculatus
1810 1692 1883 1736 est
1903 1703 2115 1746 crucem,

338 1768 452 1818 licet
483 1769 669 1834 legatus
692 1785 802 1817 eum
823 1768 1088 1827 invitasset,
1114 1768 1225 1831 quia
1251 1769 1369 1816 dixit
1399 1769 1487 1816 sibi
1515 1785 1614 1817 non
1642 1770 1920 1828 convenire,
1951 1785 2044 1818 nec
2069 1770 2119 1819 in

341 1851 547 1899 ecclesia
573 1851 661 1900 fuit
683 1851 853 1900 eadem
876 1850 1062 1899 ratione
1090 1850 1384 1899 incensatus.
1406 1852 1561 1900 Ambo
1593 1852 1860 1902 cardinales
1887 1856 2121 1902 venerunt

339 1935 520 1998 pariter
556 1935 643 1983 sub
677 1934 966 1982 baldachino
996 1934 1124 1997 quod
1159 1934 1428 1999 presbyteri
1469 1936 1565 1984 sive
1606 1936 1769 1984 clerici
1811 1941 2119 2000 portaverunt

339 2034 426 2082 per
446 2023 772 2067 transversum
797 2023 845 2066 ut
874 2017 1177 2066 commodius
1206 2033 1289 2066 eos
1311 2023 1521 2082 caperet.
1548 2022 1600 2067 In
1623 2019 1831 2068 ecclesia
1854 2019 2118 2068 cathedrali

341 2101 459 2150 dixit
499 2102 769 2150 orationem
800 2101 858 2149 de
894 2118 932 2149 s.
972 2100 1272 2160 Geminiano,
1308 2101 1535 2166 episcopo
1579 2103 1875 2162 confessore,
1914 2107 2118 2167 patrono

339 2185 561 2234 ecclesie.
589 2186 731 2234 Dedit
752 2185 1162 2244 benedictionem,
1198 2190 1330 2234 stans
1358 2190 1408 2233 ut
1436 2188 1484 2234 in
1515 2186 1722 2236 ecclesia
1754 2186 2114 2245 Assisinatensi,

340 2272 386 2317 et
419 2268 742 2333 indulgentias
764 2269 907 2317 trium
928 2284 1164 2317 annorum
1186 2273 1234 2316 et
1255 2269 1456 2317 totidem
1478 2269 1896 2332 quadragenarum
1918 2271 2118 2332 propter

338 2353 632 2415 presentiam
672 2352 926 2402 cardinalis
967 2351 1327 2418 Sutrigoniensis,
1371 2368 1489 2416 quas
1534 2351 1865 2416 pronunciavit
1902 2352 2118 2415 prefatus

340 2435 593 2499 episcopus
631 2436 901 2484 Firmanus.
942 2438 995 2483 In
1038 2435 1316 2500 aspersione
1353 2451 1477 2498 aque
1519 2435 1793 2494 benedicte,
1837 2435 1887 2483 in
1920 2435 2118 2487 introitu

339 2519 563 2579 ecclesie,
587 2520 773 2584 legatus
795 2519 999 2584 aspersit
1025 2519 1181 2583 primo
1201 2519 1495 2567 cardinalem
1518 2520 1919 2583 Strigoniensem,
1942 2518 2116 2568 deinde

339 2616 390 2649 se
413 2605 460 2650 et
477 2601 618 2660 alios3
644 2606 691 2651 et
711 2602 804 2650 alia
825 2602 1078 2651 observata
1099 2607 1209 2651 sunt
1232 2619 1367 2651 more
1391 2602 1548 2651 solito,

405 2687 523 2734 Cum
555 2685 795 2734 cardinale
831 2685 1147 2749 Strigoniensi
1181 2691 1413 2734 venerunt
1448 2689 1544 2734 RR.
1581 2686 1629 2734 in
1664 2686 1851 2735 Christo
1880 2672 1970 2734 PP.
2009 2687 2109 2734 DD.

338 2771 591 2830 AntoniUS,
615 2771 870 2836 episcopus
893 2771 1257 2830 Sarsinatensis,
1281 2770 1362 2834 qui
1383 2770 1607 2834 equitavit
1627 2786 1654 2818 a
1675 2769 1877 2818 sinistris
1900 2767 2112 2834 episcopi

340 2854 709 2917 FulginatensiS,
743 2855 792 2902 in
828 2854 981 2918 primo
1008 2855 1116 2902 loco
1154 2857 1263 2918 post
1289 2853 1575 2912 cardinales,
1610 2857 1657 2902 et
1681 2853 1834 2901 Julius
1858 2855 2005 2900 Cesar
2028 2850 2110 2916 (1),

341 2936 596 3001 episcopus
627 2940 848 2985 Lucanus
876 2937 1102 3000 equitavit
1131 2953 1159 2984 a
1190 2936 1394 2984 sinistris
1426 2935 1639 2999 episcopi
1668 2934 2036 2984 Assisinatensis
2063 2934 2115 2982 in

342 3020 553 3069 secundo
574 3020 701 3079 loco,
727 3024 774 3068 et
795 3020 1088 3067 Bertrandus
1110 3020 1169 3067 de
1204 3019 1490 3078 Costabulis,
1515 3019 1663 3067 frater
1686 3021 1745 3066 D.
1775 3017 2111 3083 protonotarii,

341 3104 421 3166 qui
443 3103 669 3167 equitavit
689 3119 717 3151 a
738 3103 941 3151 sinistris
963 3102 1279 3166 protonotarii
1307 3102 1366 3150 de
1396 3101 1672 3160 Bentivolis,
1704 3102 1785 3165 qui
1814 3102 2026 3165 legatum
2054 3101 2115 3150 de

341 3186 558 3234 Bononia
586 3201 736 3250 usque
771 3186 831 3234 ad
868 3184 1101 3234 Mutinam
1140 3185 1410 3234 associavit.
1454 3185 1817 3234 Protonotarius
1853 3189 2018 3234 noster
2053 3184 2112 3233 de

339 3271 535 3334 Aspetia
569 3271 745 3319 mansit
778 3270 828 3318 in
861 3272 1027 3319 Castro
1061 3272 1265 3318 Franco.
1303 3269 1360 3316 Hi
1388 3275 1485 3317 tres
1518 3268 1686 3333 prelati
1724 3284 1835 3317 cum
1869 3265 2111 3316 cardinale

391 3457 424 3491 1.
453 3454 511 3491 Sic
531 3453 623 3492 dans
640 3458 723 3492 tous
737 3452 790 3492 les
810 3466 900 3492 mss.
919 3454 971 3491 En
990 3452 1094 3498 1496,
1117 3452 1279 3501 l'e'veque
1305 3452 1348 3490 de
1376 3452 1543 3501 Lucques
1571 3450 1658 3490 etait
1679 3449 1824 3490 Nicolas
1855 3448 2105 3490 Sandonnino.
