<?xml version="1.0" encoding="UTF-8"?>
<!DOCTYPE html PUBLIC "-//W3C//DTD XHTML 1.0 Transitional//EN"
    "http://www.w3.org/TR/xhtml1/DTD/xhtml1-transitional.dtd">
<html xmlns="http://www.w3.org/1999/xhtml" xml:lang="en" lang="en">
 <head>
  <title>
</title>
<meta http-equiv="Content-Type" content="text/html;charset=utf-8" />
  <meta name='ocr-system' content='tesseract 3.04.00' />
  <meta name='ocr-capabilities' content='ocr_page ocr_carea ocr_par ocr_line ocrx_word'/>
</head>
<body>
  <div class='ocr_page' id='page_1' title='image "./diariumsivererum02burcuoft_0317.png"; bbox 0 0 2222 3926; ppageno 0'>
   <div class='ocr_carea' id='block_1_1' title="bbox 126 344 1900 389">
    <p class='ocr_par' dir='ltr' id='par_1_1' title="bbox 126 344 1900 389">
     <span class='ocr_line' id='line_1_1' title="bbox 126 344 1900 389; baseline 0.006 -10"><span class='ocrx_word' id='word_1_1' title='bbox 126 347 237 387; x_wconf 77' lang='grc' dir='ltr'>[Αοὺι</span> <span class='ocrx_word' id='word_1_2' title='bbox 257 347 347 387; x_wconf 76' lang='lat'><strong>1496]</strong></span> <span class='ocrx_word' id='word_1_3' title='bbox 567 345 734 382; x_wconf 75' lang='lat' dir='ltr'>RERUM</span> <span class='ocrx_word' id='word_1_4' title='bbox 767 344 1072 382; x_wconf 88' lang='lat' dir='ltr'><strong>URBANARUM</strong></span> <span class='ocrx_word' id='word_1_5' title='bbox 1105 345 1454 385; x_wconf 86' lang='lat' dir='ltr'><strong>COMMENTARII.</strong></span> <span class='ocrx_word' id='word_1_6' title='bbox 1830 353 1900 389; x_wconf 89' lang='lat'>305</span> 
     </span>
    </p>
   </div>
   <div class='ocr_carea' id='block_1_2' title="bbox 105 447 1952 3527">
    <p class='ocr_par' dir='ltr' id='par_1_2' title="bbox 105 447 1898 2606">
     <span class='ocr_line' id='line_1_2' title="bbox 122 447 1898 512; baseline 0.001 -14"><span class='ocrx_word' id='word_1_7' title='bbox 122 449 180 498; x_wconf 89' lang='lat' dir='ltr'>de</span> <span class='ocrx_word' id='word_1_8' title='bbox 213 448 492 508; x_wconf 88' lang='lat' dir='ltr'>Bentivolis,</span> <span class='ocrx_word' id='word_1_9' title='bbox 525 448 609 496; x_wconf 86' lang='lat' dir='ltr'>filii</span> <span class='ocrx_word' id='word_1_10' title='bbox 635 447 944 512; x_wconf 81' lang='lat' dir='ltr'>primogeniti</span> <span class='ocrx_word' id='word_1_11' title='bbox 975 450 1032 495; x_wconf 92' lang='lat' dir='ltr'>D.</span> <span class='ocrx_word' id='word_1_12' title='bbox 1063 448 1298 496; x_wconf 66' lang='lat' dir='ltr'>‚Iohannis</span> <span class='ocrx_word' id='word_1_13' title='bbox 1329 448 1388 497; x_wconf 87' lang='lat' dir='ltr'>de</span> <span class='ocrx_word' id='word_1_14' title='bbox 1421 450 1703 509; x_wconf 88' lang='lat' dir='ltr'>Bentivolio,</span> <span class='ocrx_word' id='word_1_15' title='bbox 1737 453 1898 501; x_wconf 93' lang='lat' dir='ltr'>Bono-</span> 
     </span>
     <span class='ocr_line' id='line_1_3' title="bbox 115 531 1896 596; baseline 0.002 -16"><span class='ocrx_word' id='word_1_16' title='bbox 115 533 297 580; x_wconf 82' lang='lat' dir='ltr'>niensis</span> <span class='ocrx_word' id='word_1_17' title='bbox 338 531 548 595; x_wconf 81' lang='lat' dir='ltr'>tyranni,</span> <span class='ocrx_word' id='word_1_18' title='bbox 590 546 677 595; x_wconf 90' lang='lat' dir='ltr'>per</span> <span class='ocrx_word' id='word_1_19' title='bbox 716 531 930 595; x_wconf 85' lang='lat' dir='ltr'>legatum</span> <span class='ocrx_word' id='word_1_20' title='bbox 967 531 1324 595; x_wconf 86' lang='lat' dir='ltr'>baptizandum,</span> <span class='ocrx_word' id='word_1_21' title='bbox 1356 547 1656 596; x_wconf 89' lang='lat' dir='ltr'>prosequens</span> <span class='ocrx_word' id='word_1_22' title='bbox 1679 533 1896 583; x_wconf 80' lang='lat' dir='ltr'>officium</span> 
     </span>
     <span class='ocr_line' id='line_1_4' title="bbox 115 614 1896 680; baseline 0.002 -17"><span class='ocrx_word' id='word_1_23' title='bbox 115 615 392 680; x_wconf 89' lang='lat' dir='ltr'>hujusmodi</span> <span class='ocrx_word' id='word_1_24' title='bbox 432 630 583 678; x_wconf 89' lang='lat' dir='ltr'>usque</span> <span class='ocrx_word' id='word_1_25' title='bbox 622 614 683 662; x_wconf 90' lang='lat' dir='ltr'>ad</span> <span class='ocrx_word' id='word_1_26' title='bbox 721 614 1082 678; x_wconf 81' lang='lat' dir='ltr'>impositionem</span> <span class='ocrx_word' id='word_1_27' title='bbox 1121 615 1214 664; x_wconf 92' lang='lat' dir='ltr'>olei</span> <span class='ocrx_word' id='word_1_28' title='bbox 1253 615 1716 665; x_wconf 79' lang='lat' dir='ltr'>cathecumenorum</span> <span class='ocrx_word' id='word_1_29' title='bbox 1754 635 1764 666; x_wconf 90' lang='lat'>:</span> <span class='ocrx_word' id='word_1_30' title='bbox 1801 618 1896 667; x_wconf 91' lang='lat' dir='ltr'>hoc</span> 
     </span>
     <span class='ocr_line' id='line_1_5' title="bbox 114 698 1893 762; baseline 0.002 -15"><span class='ocrx_word' id='word_1_31' title='bbox 114 699 257 756; x_wconf 86' lang='lat' dir='ltr'>facto,</span> <span class='ocrx_word' id='word_1_32' title='bbox 278 699 465 762; x_wconf 84' lang='lat' dir='ltr'>legatus</span> <span class='ocrx_word' id='word_1_33' title='bbox 489 698 705 747; x_wconf 90' lang='lat' dir='ltr'>ascendit</span> <span class='ocrx_word' id='word_1_34' title='bbox 724 698 785 746; x_wconf 88' lang='lat' dir='ltr'>ad</span> <span class='ocrx_word' id='word_1_35' title='bbox 806 698 1020 747; x_wconf 89' lang='lat' dir='ltr'>medium</span> <span class='ocrx_word' id='word_1_36' title='bbox 1041 698 1201 747; x_wconf 84' lang='lat' dir='ltr'>altaris</span> <span class='ocrx_word' id='word_1_37' title='bbox 1221 703 1270 747; x_wconf 89' lang='lat' dir='ltr'>et</span> <span class='ocrx_word' id='word_1_38' title='bbox 1287 703 1418 747; x_wconf 87' lang='lat' dir='ltr'>stans</span> <span class='ocrx_word' id='word_1_39' title='bbox 1440 704 1550 748; x_wconf 88' lang='lat' dir='ltr'>ante</span> <span class='ocrx_word' id='word_1_40' title='bbox 1572 700 1893 751; x_wconf 83' lang='lat' dir='ltr'>faldistorium</span> 
     </span>
     <span class='ocr_line' id='line_1_6' title="bbox 112 782 1887 847; baseline 0.003 -18"><span class='ocrx_word' id='word_1_41' title='bbox 112 782 176 829; x_wconf 91' lang='lat' dir='ltr'>ibi</span> <span class='ocrx_word' id='word_1_42' title='bbox 211 782 301 830; x_wconf 92' lang='lat' dir='ltr'>sibi</span> <span class='ocrx_word' id='word_1_43' title='bbox 328 786 568 845; x_wconf 88' lang='lat' dir='ltr'>paratum,</span> <span class='ocrx_word' id='word_1_44' title='bbox 599 783 786 846; x_wconf 87' lang='lat' dir='ltr'>accepit</span> <span class='ocrx_word' id='word_1_45' title='bbox 815 782 1062 840; x_wconf 87' lang='lat' dir='ltr'>amictum,</span> <span class='ocrx_word' id='word_1_46' title='bbox 1099 783 1272 831; x_wconf 90' lang='lat' dir='ltr'>stolam</span> <span class='ocrx_word' id='word_1_47' title='bbox 1303 788 1351 832; x_wconf 89' lang='lat' dir='ltr'>et</span> <span class='ocrx_word' id='word_1_48' title='bbox 1380 783 1572 832; x_wconf 89' lang='lat' dir='ltr'>mitram</span> <span class='ocrx_word' id='word_1_49' title='bbox 1600 785 1887 847; x_wconf 78' lang='lat' dir='ltr'>preciosam.</span> 
     </span>
     <span class='ocr_line' id='line_1_7' title="bbox 113 865 1893 932; baseline 0.001 -18"><span class='ocrx_word' id='word_1_50' title='bbox 113 866 246 915; x_wconf 90' lang='lat' dir='ltr'>Sedit</span> <span class='ocrx_word' id='word_1_51' title='bbox 267 866 316 913; x_wconf 91' lang='lat' dir='ltr'>in</span> <span class='ocrx_word' id='word_1_52' title='bbox 336 865 622 923; x_wconf 87' lang='lat' dir='ltr'>faldistorio,</span> <span class='ocrx_word' id='word_1_53' title='bbox 646 866 843 914; x_wconf 84' lang='lat' dir='ltr'>renibus</span> <span class='ocrx_word' id='word_1_54' title='bbox 864 867 999 914; x_wconf 89' lang='lat' dir='ltr'>altari</span> <span class='ocrx_word' id='word_1_55' title='bbox 1022 867 1186 927; x_wconf 89' lang='lat' dir='ltr'>versis,</span> <span class='ocrx_word' id='word_1_56' title='bbox 1213 870 1258 916; x_wconf 90' lang='lat' dir='ltr'>et</span> <span class='ocrx_word' id='word_1_57' title='bbox 1274 870 1551 931; x_wconf 90' lang='lat' dir='ltr'>apportatus</span> <span class='ocrx_word' id='word_1_58' title='bbox 1573 866 1661 915; x_wconf 89' lang='lat' dir='ltr'>fuit</span> <span class='ocrx_word' id='word_1_59' title='bbox 1682 867 1746 916; x_wconf 91' lang='lat' dir='ltr'>ibi</span> <span class='ocrx_word' id='word_1_60' title='bbox 1771 885 1893 932; x_wconf 92' lang='lat' dir='ltr'>puer</span> 
     </span>
     <span class='ocr_line' id='line_1_8' title="bbox 114 949 1891 1015; baseline 0.002 -17"><span class='ocrx_word' id='word_1_61' title='bbox 114 966 258 1012; x_wconf 91' lang='lat' dir='ltr'>quem</span> <span class='ocrx_word' id='word_1_62' title='bbox 280 949 452 1008; x_wconf 91' lang='lat' dir='ltr'>tenuit,</span> <span class='ocrx_word' id='word_1_63' title='bbox 475 949 649 997; x_wconf 90' lang='lat' dir='ltr'>deinde</span> <span class='ocrx_word' id='word_1_64' title='bbox 671 950 922 1012; x_wconf 83' lang='lat' dir='ltr'>baptizavit</span> <span class='ocrx_word' id='word_1_65' title='bbox 944 965 1054 998; x_wconf 91' lang='lat' dir='ltr'>cum</span> <span class='ocrx_word' id='word_1_66' title='bbox 1076 950 1233 998; x_wconf 85' lang='lat' dir='ltr'>bucali</span> <span class='ocrx_word' id='word_1_67' title='bbox 1260 951 1308 997; x_wconf 92' lang='lat' dir='ltr'>in</span> <span class='ocrx_word' id='word_1_68' title='bbox 1330 967 1424 1013; x_wconf 90' lang='lat' dir='ltr'>quo</span> <span class='ocrx_word' id='word_1_69' title='bbox 1446 967 1572 1014; x_wconf 87' lang='lat' dir='ltr'>aqua</span> <span class='ocrx_word' id='word_1_70' title='bbox 1590 952 1891 1015; x_wconf 85' lang='lat' dir='ltr'>baptismatis</span> 
     </span>
     <span class='ocr_line' id='line_1_9' title="bbox 113 1032 1886 1097; baseline 0.002 -15"><span class='ocrx_word' id='word_1_71' title='bbox 113 1038 233 1093; x_wconf 85' lang='lat' dir='ltr'>erat,</span> <span class='ocrx_word' id='word_1_72' title='bbox 265 1032 516 1081; x_wconf 85' lang='lat' dir='ltr'>effundens</span> <span class='ocrx_word' id='word_1_73' title='bbox 551 1048 695 1097; x_wconf 86' lang='lat' dir='ltr'>super</span> <span class='ocrx_word' id='word_1_74' title='bbox 714 1033 886 1092; x_wconf 80' lang='lat' dir='ltr'>bacile,</span> <span class='ocrx_word' id='word_1_75' title='bbox 913 1033 1078 1081; x_wconf 90' lang='lat' dir='ltr'>dicens</span> <span class='ocrx_word' id='word_1_76' title='bbox 1112 1050 1120 1081; x_wconf 93' lang='lat'>:</span> <span class='ocrx_word' id='word_1_77' title='bbox 1152 1033 1264 1097; x_wconf 68' lang='lat' dir='ltr'>qu</span> <span class='ocrx_word' id='word_1_78' title='bbox 1289 1042 1333 1080; x_wconf 84' lang='lat' dir='ltr'>te</span> <span class='ocrx_word' id='word_1_79' title='bbox 1355 1034 1550 1097; x_wconf 68' lang='lat' dir='ltr'>baptizo.</span> <span class='ocrx_word' id='word_1_80' title='bbox 1584 1035 1886 1095; x_wconf 87' lang='lat' dir='ltr'>Chrismavit‚</span> 
     </span>
     <span class='ocr_line' id='line_1_10' title="bbox 112 1115 1889 1180; baseline 0.002 -16"><span class='ocrx_word' id='word_1_81' title='bbox 112 1115 341 1180; x_wconf 92' lang='lat' dir='ltr'>imposuit</span> <span class='ocrx_word' id='word_1_82' title='bbox 371 1115 460 1162; x_wconf 91' lang='lat' dir='ltr'>sibi</span> <span class='ocrx_word' id='word_1_83' title='bbox 480 1115 720 1163; x_wconf 91' lang='lat' dir='ltr'>lintheum</span> <span class='ocrx_word' id='word_1_84' title='bbox 746 1120 795 1163; x_wconf 90' lang='lat' dir='ltr'>et</span> <span class='ocrx_word' id='word_1_85' title='bbox 821 1115 1016 1163; x_wconf 85' lang='lat' dir='ltr'>tradidit</span> <span class='ocrx_word' id='word_1_86' title='bbox 1043 1116 1292 1164; x_wconf 83' lang='lat' dir='ltr'>candelam</span> <span class='ocrx_word' id='word_1_87' title='bbox 1320 1133 1594 1176; x_wconf 85' lang='lat' dir='ltr'>accensam,</span> <span class='ocrx_word' id='word_1_88' title='bbox 1619 1122 1670 1166; x_wconf 94' lang='lat' dir='ltr'>ut</span> <span class='ocrx_word' id='word_1_89' title='bbox 1690 1119 1738 1166; x_wconf 93' lang='lat' dir='ltr'>in</span> <span class='ocrx_word' id='word_1_90' title='bbox 1761 1120 1889 1168; x_wconf 87' lang='lat' dir='ltr'>ordi-</span> 
     </span>
     <span class='ocr_line' id='line_1_11' title="bbox 109 1199 1890 1265; baseline 0.002 -17"><span class='ocrx_word' id='word_1_91' title='bbox 109 1200 261 1248; x_wconf 86' lang='lat' dir='ltr'>nario.</span> <span class='ocrx_word' id='word_1_92' title='bbox 288 1200 505 1248; x_wconf 87' lang='lat' dir='ltr'>Debebat</span> <span class='ocrx_word' id='word_1_93' title='bbox 530 1203 691 1248; x_wconf 85' lang='lat' dir='ltr'>tamen</span> <span class='ocrx_word' id='word_1_94' title='bbox 721 1200 974 1264; x_wconf 83' lang='lat' dir='ltr'>presbyter</span> <span class='ocrx_word' id='word_1_95' title='bbox 998 1199 1078 1247; x_wconf 91' lang='lat' dir='ltr'>ille</span> <span class='ocrx_word' id='word_1_96' title='bbox 1107 1200 1446 1248; x_wconf 81' lang='lat' dir='ltr'>cathechizans</span> <span class='ocrx_word' id='word_1_97' title='bbox 1470 1202 1633 1249; x_wconf 89' lang='lat' dir='ltr'>omnia</span> <span class='ocrx_word' id='word_1_98' title='bbox 1654 1219 1807 1265; x_wconf 89' lang='lat' dir='ltr'>usque</span> <span class='ocrx_word' id='word_1_99' title='bbox 1828 1203 1890 1251; x_wconf 84' lang='lat' dir='ltr'>ad</span> 
     </span>
     <span class='ocr_line' id='line_1_12' title="bbox 108 1283 1888 1348; baseline 0.002 -16"><span class='ocrx_word' id='word_1_100' title='bbox 108 1285 396 1348; x_wconf 89' lang='lat' dir='ltr'>baptizmum</span> <span class='ocrx_word' id='word_1_101' title='bbox 444 1284 635 1332; x_wconf 87' lang='lat' dir='ltr'>fecisse.</span> <span class='ocrx_word' id='word_1_102' title='bbox 685 1286 839 1332; x_wconf 90' lang='lat' dir='ltr'>Puero</span> <span class='ocrx_word' id='word_1_103' title='bbox 891 1283 1155 1347; x_wconf 90' lang='lat' dir='ltr'>baptizato,</span> <span class='ocrx_word' id='word_1_104' title='bbox 1198 1284 1387 1346; x_wconf 85' lang='lat' dir='ltr'>legatus</span> <span class='ocrx_word' id='word_1_105' title='bbox 1435 1284 1628 1332; x_wconf 90' lang='lat' dir='ltr'>donavit</span> <span class='ocrx_word' id='word_1_106' title='bbox 1670 1290 1718 1334; x_wconf 92' lang='lat' dir='ltr'>et</span> <span class='ocrx_word' id='word_1_107' title='bbox 1764 1286 1888 1335; x_wconf 87' lang='lat' dir='ltr'>collo</span> 
     </span>
     <span class='ocr_line' id='line_1_13' title="bbox 105 1366 1886 1432; baseline 0.001 -16"><span class='ocrx_word' id='word_1_108' title='bbox 105 1368 332 1432; x_wconf 88' lang='lat' dir='ltr'>appendit</span> <span class='ocrx_word' id='word_1_109' title='bbox 359 1383 556 1416; x_wconf 90' lang='lat' dir='ltr'>crucem</span> <span class='ocrx_word' id='word_1_110' title='bbox 577 1383 774 1415; x_wconf 85' lang='lat' dir='ltr'>auream</span> <span class='ocrx_word' id='word_1_111' title='bbox 808 1366 1053 1415; x_wconf 85' lang='lat' dir='ltr'>sexdecim</span> <span class='ocrx_word' id='word_1_112' title='bbox 1076 1366 1331 1414; x_wconf 89' lang='lat' dir='ltr'>diamantis</span> <span class='ocrx_word' id='word_1_113' title='bbox 1354 1370 1419 1425; x_wconf 89' lang='lat' dir='ltr'>et,</span> <span class='ocrx_word' id='word_1_114' title='bbox 1446 1367 1484 1414; x_wconf 90' lang='lat' dir='ltr'>si</span> <span class='ocrx_word' id='word_1_115' title='bbox 1507 1373 1637 1416; x_wconf 87' lang='lat' dir='ltr'>recte</span> <span class='ocrx_word' id='word_1_116' title='bbox 1668 1370 1886 1428; x_wconf 90' lang='lat' dir='ltr'>memini,</span> 
     </span>
     <span class='ocr_line' id='line_1_14' title="bbox 106 1450 1890 1515; baseline 0.001 -15"><span class='ocrx_word' id='word_1_117' title='bbox 106 1452 362 1500; x_wconf 90' lang='lat' dir='ltr'>duodecim</span> <span class='ocrx_word' id='word_1_118' title='bbox 383 1451 528 1515; x_wconf 91' lang='lat' dir='ltr'>perlis</span> <span class='ocrx_word' id='word_1_119' title='bbox 551 1455 768 1499; x_wconf 87' lang='lat' dir='ltr'>ornatam</span> <span class='ocrx_word' id='word_1_120' title='bbox 790 1450 961 1498; x_wconf 81' lang='lat' dir='ltr'>valoris</span> <span class='ocrx_word' id='word_1_121' title='bbox 980 1450 1445 1514; x_wconf 85' lang='lat' dir='ltr'>quadringentorum</span> <span class='ocrx_word' id='word_1_122' title='bbox 1465 1450 1769 1501; x_wconf 88' lang='lat' dir='ltr'>ducatorum.</span> <span class='ocrx_word' id='word_1_123' title='bbox 1794 1457 1890 1502; x_wconf 86' lang='lat' dir='ltr'>Im-</span> 
     </span>
     <span class='ocr_line' id='line_1_15' title="bbox 108 1534 1890 1601; baseline 0.001 -17"><span class='ocrx_word' id='word_1_124' title='bbox 108 1536 318 1600; x_wconf 91' lang='lat' dir='ltr'>positum</span> <span class='ocrx_word' id='word_1_125' title='bbox 340 1535 384 1584; x_wconf 93' lang='lat' dir='ltr'>ei</span> <span class='ocrx_word' id='word_1_126' title='bbox 410 1535 499 1583; x_wconf 92' lang='lat' dir='ltr'>fuit</span> <span class='ocrx_word' id='word_1_127' title='bbox 526 1550 707 1583; x_wconf 90' lang='lat' dir='ltr'>nomen</span> <span class='ocrx_word' id='word_1_128' title='bbox 736 1534 958 1593; x_wconf 87' lang='lat' dir='ltr'>Ginevra,</span> <span class='ocrx_word' id='word_1_129' title='bbox 984 1538 1234 1598; x_wconf 89' lang='lat' dir='ltr'>compater</span> <span class='ocrx_word' id='word_1_130' title='bbox 1261 1534 1350 1583; x_wconf 87' lang='lat' dir='ltr'>fuit</span> <span class='ocrx_word' id='word_1_131' title='bbox 1382 1535 1638 1600; x_wconf 90' lang='lat' dir='ltr'>episcopus</span> <span class='ocrx_word' id='word_1_132' title='bbox 1665 1537 1890 1601; x_wconf 85' lang='lat' dir='ltr'>Fulgina-</span> 
     </span>
     <span class='ocr_line' id='line_1_16' title="bbox 108 1618 1891 1685; baseline 0.001 -17"><span class='ocrx_word' id='word_1_133' title='bbox 108 1620 275 1668; x_wconf 87' lang='lat' dir='ltr'>tensis.</span> <span class='ocrx_word' id='word_1_134' title='bbox 301 1619 485 1668; x_wconf 90' lang='lat' dir='ltr'>Deinde</span> <span class='ocrx_word' id='word_1_135' title='bbox 508 1619 879 1683; x_wconf 86' lang='lat' dir='ltr'>genussexerunt</span> <span class='ocrx_word' id='word_1_136' title='bbox 901 1633 1064 1667; x_wconf 87' lang='lat' dir='ltr'>coram</span> <span class='ocrx_word' id='word_1_137' title='bbox 1085 1618 1265 1682; x_wconf 83' lang='lat' dir='ltr'>legato,</span> <span class='ocrx_word' id='word_1_138' title='bbox 1284 1619 1507 1678; x_wconf 90' lang='lat' dir='ltr'>Hermes,</span> <span class='ocrx_word' id='word_1_139' title='bbox 1526 1621 1891 1685; x_wconf 84' lang='lat' dir='ltr'>quartogenitus</span> 
     </span>
     <span class='ocr_line' id='line_1_17' title="bbox 108 1702 1888 1770; baseline 0.002 -20"><span class='ocrx_word' id='word_1_140' title='bbox 108 1703 234 1750; x_wconf 87' lang='lat' dir='ltr'>filius</span> <span class='ocrx_word' id='word_1_141' title='bbox 263 1702 377 1751; x_wconf 90' lang='lat' dir='ltr'>dicti</span> <span class='ocrx_word' id='word_1_142' title='bbox 397 1702 631 1750; x_wconf 87' lang='lat' dir='ltr'>Johannis</span> <span class='ocrx_word' id='word_1_143' title='bbox 653 1703 711 1750; x_wconf 89' lang='lat' dir='ltr'>de</span> <span class='ocrx_word' id='word_1_144' title='bbox 736 1702 1015 1762; x_wconf 80' lang='lat' dir='ltr'>BentivoliS,</span> <span class='ocrx_word' id='word_1_145' title='bbox 1048 1705 1095 1750; x_wconf 86' lang='lat' dir='ltr'>et</span> <span class='ocrx_word' id='word_1_146' title='bbox 1121 1702 1182 1750; x_wconf 87' lang='lat' dir='ltr'>ad</span> <span class='ocrx_word' id='word_1_147' title='bbox 1209 1702 1314 1765; x_wconf 89' lang='lat' dir='ltr'>ejus</span> <span class='ocrx_word' id='word_1_148' title='bbox 1343 1703 1587 1751; x_wconf 88' lang='lat' dir='ltr'>sinistram</span> <span class='ocrx_word' id='word_1_149' title='bbox 1613 1705 1888 1770; x_wconf 88' lang='lat' dir='ltr'>Hippolyta,</span> 
     </span>
     <span class='ocr_line' id='line_1_18' title="bbox 110 1786 1890 1852; baseline 0.001 -17"><span class='ocrx_word' id='word_1_150' title='bbox 110 1804 230 1836; x_wconf 89' lang='lat' dir='ltr'>uxor</span> <span class='ocrx_word' id='word_1_151' title='bbox 262 1787 521 1837; x_wconf 87' lang='lat' dir='ltr'>Alexandri</span> <span class='ocrx_word' id='word_1_152' title='bbox 561 1786 646 1835; x_wconf 89' lang='lat' dir='ltr'>filii</span> <span class='ocrx_word' id='word_1_153' title='bbox 681 1786 899 1850; x_wconf 89' lang='lat' dir='ltr'>ejusdem</span> <span class='ocrx_word' id='word_1_154' title='bbox 919 1786 1153 1834; x_wconf 87' lang='lat' dir='ltr'>Johannis</span> <span class='ocrx_word' id='word_1_155' title='bbox 1174 1787 1300 1836; x_wconf 88' lang='lat' dir='ltr'>tertii</span> <span class='ocrx_word' id='word_1_156' title='bbox 1323 1789 1497 1852; x_wconf 85' lang='lat' dir='ltr'>geniti,</span> <span class='ocrx_word' id='word_1_157' title='bbox 1534 1803 1656 1851; x_wconf 91' lang='lat' dir='ltr'>quos</span> <span class='ocrx_word' id='word_1_158' title='bbox 1677 1789 1890 1852; x_wconf 82' lang='lat' dir='ltr'>prefatus</span> 
     </span>
     <span class='ocr_line' id='line_1_19' title="bbox 106 1870 1891 1936; baseline 0 -17"><span class='ocrx_word' id='word_1_159' title='bbox 106 1871 293 1934; x_wconf 85' lang='lat' dir='ltr'>legatus</span> <span class='ocrx_word' id='word_1_160' title='bbox 321 1870 641 1919; x_wconf 88' lang='lat' dir='ltr'>confirmavit.</span> <span class='ocrx_word' id='word_1_161' title='bbox 680 1872 938 1933; x_wconf 90' lang='lat' dir='ltr'>Compater</span> <span class='ocrx_word' id='word_1_162' title='bbox 966 1870 1207 1934; x_wconf 75' lang='lat' dir='ltr'>Hippolyti</span> <span class='ocrx_word' id='word_1_163' title='bbox 1241 1871 1328 1919; x_wconf 86' lang='lat' dir='ltr'>fuit</span> <span class='ocrx_word' id='word_1_164' title='bbox 1364 1872 1620 1936; x_wconf 90' lang='lat' dir='ltr'>episcopus</span> <span class='ocrx_word' id='word_1_165' title='bbox 1649 1872 1891 1920; x_wconf 87' lang='lat' dir='ltr'>Assisina-</span> 
     </span>
     <span class='ocr_line' id='line_1_20' title="bbox 108 1952 1886 2018; baseline -0.001 -14"><span class='ocrx_word' id='word_1_166' title='bbox 108 1956 274 2016; x_wconf 88' lang='lat' dir='ltr'>tensis,</span> <span class='ocrx_word' id='word_1_167' title='bbox 298 1961 341 2004; x_wconf 90' lang='lat' dir='ltr'>et</span> <span class='ocrx_word' id='word_1_168' title='bbox 373 1955 612 2004; x_wconf 90' lang='lat' dir='ltr'>Hermetis</span> <span class='ocrx_word' id='word_1_169' title='bbox 643 1952 1000 2017; x_wconf 90' lang='lat' dir='ltr'>protonotarius</span> <span class='ocrx_word' id='word_1_170' title='bbox 1031 1953 1090 2000; x_wconf 93' lang='lat' dir='ltr'>de</span> <span class='ocrx_word' id='word_1_171' title='bbox 1122 1954 1334 2017; x_wconf 86' lang='lat' dir='ltr'>Aspetia,</span> <span class='ocrx_word' id='word_1_172' title='bbox 1366 1955 1539 2018; x_wconf 85' lang='lat' dir='ltr'>quibus</span> <span class='ocrx_word' id='word_1_173' title='bbox 1569 1955 1886 2014; x_wconf 87' lang='lat' dir='ltr'>confirmatis,</span> 
     </span>
     <span class='ocr_line' id='line_1_21' title="bbox 107 2036 1892 2103; baseline -0.002 -15"><span class='ocrx_word' id='word_1_174' title='bbox 107 2043 380 2103; x_wconf 87' lang='lat' dir='ltr'>compatres</span> <span class='ocrx_word' id='word_1_175' title='bbox 400 2039 752 2102; x_wconf 86' lang='lat' dir='ltr'>imposuerunt,</span> <span class='ocrx_word' id='word_1_176' title='bbox 779 2052 857 2085; x_wconf 91' lang='lat' dir='ltr'>me</span> <span class='ocrx_word' id='word_1_177' title='bbox 885 2036 1159 2100; x_wconf 88' lang='lat' dir='ltr'>adjuvante,</span> <span class='ocrx_word' id='word_1_178' title='bbox 1184 2036 1460 2085; x_wconf 90' lang='lat' dir='ltr'>bombicem</span> <span class='ocrx_word' id='word_1_179' title='bbox 1486 2038 1535 2085; x_wconf 92' lang='lat' dir='ltr'>in</span> <span class='ocrx_word' id='word_1_180' title='bbox 1558 2038 1715 2086; x_wconf 88' lang='lat' dir='ltr'>fronte</span> <span class='ocrx_word' id='word_1_181' title='bbox 1745 2053 1892 2101; x_wconf 88' lang='lat' dir='ltr'>super</span> 
     </span>
     <span class='ocr_line' id='line_1_22' title="bbox 109 2120 1888 2185; baseline -0.002 -13"><span class='ocrx_word' id='word_1_182' title='bbox 109 2124 322 2172; x_wconf 86' lang='lat' dir='ltr'>chrisma</span> <span class='ocrx_word' id='word_1_183' title='bbox 349 2128 396 2171; x_wconf 91' lang='lat' dir='ltr'>et</span> <span class='ocrx_word' id='word_1_184' title='bbox 427 2137 586 2185; x_wconf 87' lang='lat' dir='ltr'>panno</span> <span class='ocrx_word' id='word_1_185' title='bbox 615 2120 766 2168; x_wconf 89' lang='lat' dir='ltr'>linteo</span> <span class='ocrx_word' id='word_1_186' title='bbox 800 2136 829 2168; x_wconf 88' lang='lat' dir='ltr'>a</span> <span class='ocrx_word' id='word_1_187' title='bbox 858 2125 987 2169; x_wconf 89' lang='lat' dir='ltr'>retro</span> <span class='ocrx_word' id='word_1_188' title='bbox 1020 2120 1253 2183; x_wconf 82' lang='lat' dir='ltr'>ligarunt3</span> <span class='ocrx_word' id='word_1_189' title='bbox 1295 2123 1343 2168; x_wconf 91' lang='lat' dir='ltr'>et</span> <span class='ocrx_word' id='word_1_190' title='bbox 1378 2121 1526 2169; x_wconf 90' lang='lat' dir='ltr'>finitis</span> <span class='ocrx_word' id='word_1_191' title='bbox 1554 2137 1640 2185; x_wconf 90' lang='lat' dir='ltr'>per</span> <span class='ocrx_word' id='word_1_192' title='bbox 1673 2122 1888 2185; x_wconf 85' lang='lat' dir='ltr'>legatum</span> 
     </span>
     <span class='ocr_line' id='line_1_23' title="bbox 108 2204 1891 2269; baseline -0.002 -13"><span class='ocrx_word' id='word_1_193' title='bbox 108 2207 404 2256; x_wconf 86' lang='lat' dir='ltr'>orationibus</span> <span class='ocrx_word' id='word_1_194' title='bbox 436 2207 496 2254; x_wconf 88' lang='lat' dir='ltr'>ad</span> <span class='ocrx_word' id='word_1_195' title='bbox 522 2206 617 2253; x_wconf 91' lang='lat' dir='ltr'>hoc</span> <span class='ocrx_word' id='word_1_196' title='bbox 643 2204 892 2263; x_wconf 79' lang='lat' dir='ltr'>ordinatiS,</span> <span class='ocrx_word' id='word_1_197' title='bbox 917 2204 1065 2252; x_wconf 91' lang='lat' dir='ltr'>iidem</span> <span class='ocrx_word' id='word_1_198' title='bbox 1095 2208 1367 2269; x_wconf 87' lang='lat' dir='ltr'>compatres</span> <span class='ocrx_word' id='word_1_199' title='bbox 1397 2209 1526 2254; x_wconf 89' lang='lat' dir='ltr'>retro</span> <span class='ocrx_word' id='word_1_200' title='bbox 1561 2206 1708 2253; x_wconf 88' lang='lat' dir='ltr'>altare</span> <span class='ocrx_word' id='word_1_201' title='bbox 1741 2205 1891 2253; x_wconf 92' lang='lat' dir='ltr'>lintea</span> 
     </span>
     <span class='ocr_line' id='line_1_24' title="bbox 108 2289 1889 2355; baseline -0.002 -15"><span class='ocrx_word' id='word_1_202' title='bbox 108 2292 351 2340; x_wconf 86' lang='lat' dir='ltr'>solverunt</span> <span class='ocrx_word' id='word_1_203' title='bbox 373 2296 420 2340; x_wconf 89' lang='lat' dir='ltr'>et</span> <span class='ocrx_word' id='word_1_204' title='bbox 440 2292 649 2340; x_wconf 87' lang='lat' dir='ltr'>frontem</span> <span class='ocrx_word' id='word_1_205' title='bbox 669 2295 990 2352; x_wconf 86' lang='lat' dir='ltr'>exterserunt,</span> <span class='ocrx_word' id='word_1_206' title='bbox 1017 2292 1279 2355; x_wconf 84' lang='lat' dir='ltr'>etlegatus,</span> <span class='ocrx_word' id='word_1_207' title='bbox 1305 2289 1728 2355; x_wconf 89' lang='lat' dir='ltr'>depositisibidem</span> <span class='ocrx_word' id='word_1_208' title='bbox 1749 2306 1889 2353; x_wconf 87' lang='lat' dir='ltr'>para-</span> 
     </span>
     <span class='ocr_line' id='line_1_25' title="bbox 108 2374 1888 2440; baseline -0.001 -17"><span class='ocrx_word' id='word_1_209' title='bbox 108 2376 303 2436; x_wconf 86' lang='lat' dir='ltr'>mentis,</span> <span class='ocrx_word' id='word_1_210' title='bbox 327 2375 409 2424; x_wconf 85' lang='lat' dir='ltr'>ivit</span> <span class='ocrx_word' id='word_1_211' title='bbox 437 2376 497 2424; x_wconf 92' lang='lat' dir='ltr'>ad</span> <span class='ocrx_word' id='word_1_212' title='bbox 529 2376 796 2425; x_wconf 89' lang='lat' dir='ltr'>sacristiam</span> <span class='ocrx_word' id='word_1_213' title='bbox 823 2376 906 2424; x_wconf 94' lang='lat' dir='ltr'>ubi</span> <span class='ocrx_word' id='word_1_214' title='bbox 944 2376 1056 2424; x_wconf 90' lang='lat' dir='ltr'>vidit</span> <span class='ocrx_word' id='word_1_215' title='bbox 1082 2380 1367 2440; x_wconf 89' lang='lat' dir='ltr'>paramenta</span> <span class='ocrx_word' id='word_1_216' title='bbox 1393 2374 1599 2423; x_wconf 89' lang='lat' dir='ltr'>ecclesie</span> <span class='ocrx_word' id='word_1_217' title='bbox 1632 2374 1745 2421; x_wconf 90' lang='lat' dir='ltr'>satis</span> <span class='ocrx_word' id='word_1_218' title='bbox 1776 2390 1888 2437; x_wconf 88' lang='lat' dir='ltr'>pre-</span> 
     </span>
     <span class='ocr_line' id='line_1_26' title="bbox 107 2457 1888 2524; baseline -0.002 -16"><span class='ocrx_word' id='word_1_219' title='bbox 107 2460 256 2519; x_wconf 90' lang='lat' dir='ltr'>ciosa,</span> <span class='ocrx_word' id='word_1_220' title='bbox 286 2465 334 2508; x_wconf 86' lang='lat' dir='ltr'>et</span> <span class='ocrx_word' id='word_1_221' title='bbox 379 2459 604 2523; x_wconf 85' lang='lat' dir='ltr'>reliquias</span> <span class='ocrx_word' id='word_1_222' title='bbox 641 2460 700 2509; x_wconf 93' lang='lat' dir='ltr'>de</span> <span class='ocrx_word' id='word_1_223' title='bbox 737 2460 941 2524; x_wconf 90' lang='lat' dir='ltr'>occipite</span> <span class='ocrx_word' id='word_1_224' title='bbox 989 2477 1027 2508; x_wconf 91' lang='lat' dir='ltr'>s.</span> <span class='ocrx_word' id='word_1_225' title='bbox 1066 2460 1211 2507; x_wconf 85' lang='lat' dir='ltr'>Blasii</span> <span class='ocrx_word' id='word_1_226' title='bbox 1247 2459 1484 2523; x_wconf 82' lang='lat' dir='ltr'>episcopi3</span> <span class='ocrx_word' id='word_1_227' title='bbox 1522 2457 1632 2505; x_wconf 90' lang='lat' dir='ltr'>inde</span> <span class='ocrx_word' id='word_1_228' title='bbox 1670 2457 1888 2506; x_wconf 90' lang='lat' dir='ltr'>ascendit</span> 
     </span>
     <span class='ocr_line' id='line_1_27' title="bbox 106 2543 1026 2606; baseline -0.003 -12"><span class='ocrx_word' id='word_1_229' title='bbox 106 2545 286 2594; x_wconf 81' lang='lat' dir='ltr'>mulam</span> <span class='ocrx_word' id='word_1_230' title='bbox 309 2548 356 2593; x_wconf 91' lang='lat' dir='ltr'>et</span> <span class='ocrx_word' id='word_1_231' title='bbox 378 2543 518 2592; x_wconf 88' lang='lat' dir='ltr'>rediit</span> <span class='ocrx_word' id='word_1_232' title='bbox 537 2543 598 2590; x_wconf 87' lang='lat' dir='ltr'>ad</span> <span class='ocrx_word' id='word_1_233' title='bbox 614 2543 844 2606; x_wconf 88' lang='lat' dir='ltr'>palatium</span> <span class='ocrx_word' id='word_1_234' title='bbox 867 2560 1026 2591; x_wconf 91' lang='lat' dir='ltr'>suum.</span> 
     </span>
    </p>

    <p class='ocr_par' dir='ltr' id='par_1_3' title="bbox 106 2626 1952 3444">
     <span class='ocr_line' id='line_1_28' title="bbox 173 2626 1885 2691; baseline -0.002 -14"><span class='ocrx_word' id='word_1_235' title='bbox 173 2632 373 2677; x_wconf 88' lang='lat' dir='ltr'>Peracto</span> <span class='ocrx_word' id='word_1_236' title='bbox 406 2627 626 2691; x_wconf 87' lang='lat' dir='ltr'>prandio,</span> <span class='ocrx_word' id='word_1_237' title='bbox 664 2627 792 2674; x_wconf 88' lang='lat' dir='ltr'>circa</span> <span class='ocrx_word' id='word_1_238' title='bbox 808 2627 981 2675; x_wconf 89' lang='lat' dir='ltr'>horam</span> <span class='ocrx_word' id='word_1_239' title='bbox 1003 2643 1087 2686; x_wconf 85' lang='lat' dir='ltr'>xx,</span> <span class='ocrx_word' id='word_1_240' title='bbox 1117 2627 1199 2675; x_wconf 87' lang='lat' dir='ltr'>ivit</span> <span class='ocrx_word' id='word_1_241' title='bbox 1229 2626 1290 2675; x_wconf 89' lang='lat' dir='ltr'>ad</span> <span class='ocrx_word' id='word_1_242' title='bbox 1316 2626 1664 2675; x_wconf 87' lang='lat' dir='ltr'>monasterium</span> <span class='ocrx_word' id='word_1_243' title='bbox 1696 2626 1885 2674; x_wconf 81' lang='lat' dir='ltr'>monia-</span> 
     </span>
     <span class='ocr_line' id='line_1_29' title="bbox 106 2709 1885 2774; baseline -0.001 -14"><span class='ocrx_word' id='word_1_244' title='bbox 106 2713 222 2760; x_wconf 90' lang='lat' dir='ltr'>lium</span> <span class='ocrx_word' id='word_1_245' title='bbox 261 2710 476 2774; x_wconf 87' lang='lat' dir='ltr'>corporis</span> <span class='ocrx_word' id='word_1_246' title='bbox 514 2709 690 2757; x_wconf 86' lang='lat' dir='ltr'>Christi</span> <span class='ocrx_word' id='word_1_247' title='bbox 728 2710 778 2756; x_wconf 91' lang='lat' dir='ltr'>in</span> <span class='ocrx_word' id='word_1_248' title='bbox 813 2725 908 2773; x_wconf 93' lang='lat' dir='ltr'>quo</span> <span class='ocrx_word' id='word_1_249' title='bbox 946 2713 1060 2758; x_wconf 92' lang='lat' dir='ltr'>sunt</span> <span class='ocrx_word' id='word_1_250' title='bbox 1102 2710 1295 2758; x_wconf 87' lang='lat' dir='ltr'>circiter</span> <span class='ocrx_word' id='word_1_251' title='bbox 1330 2725 1385 2758; x_wconf 81' lang='lat' dir='ltr'>CL</span> <span class='ocrx_word' id='word_1_252' title='bbox 1419 2710 1629 2773; x_wconf 84' lang='lat' dir='ltr'>virgines</span> <span class='ocrx_word' id='word_1_253' title='bbox 1668 2710 1885 2774; x_wconf 90' lang='lat' dir='ltr'>professe</span> 
     </span>
     <span class='ocr_line' id='line_1_30' title="bbox 110 2793 1886 2858; baseline -0.001 -15"><span class='ocrx_word' id='word_1_254' title='bbox 110 2795 289 2844; x_wconf 90' lang='lat' dir='ltr'>ordinis</span> <span class='ocrx_word' id='word_1_255' title='bbox 317 2812 356 2843; x_wconf 92' lang='lat' dir='ltr'>s.</span> <span class='ocrx_word' id='word_1_256' title='bbox 395 2793 550 2852; x_wconf 86' lang='lat' dir='ltr'>Clare,</span> <span class='ocrx_word' id='word_1_257' title='bbox 581 2793 639 2842; x_wconf 93' lang='lat' dir='ltr'>de</span> <span class='ocrx_word' id='word_1_258' title='bbox 668 2793 992 2858; x_wconf 85' lang='lat' dir='ltr'>eleemosynis</span> <span class='ocrx_word' id='word_1_259' title='bbox 1014 2797 1200 2842; x_wconf 85' lang='lat' dir='ltr'>tantum</span> <span class='ocrx_word' id='word_1_260' title='bbox 1220 2793 1451 2854; x_wconf 88' lang='lat' dir='ltr'>viventes,</span> <span class='ocrx_word' id='word_1_261' title='bbox 1478 2798 1524 2842; x_wconf 90' lang='lat' dir='ltr'>et</span> <span class='ocrx_word' id='word_1_262' title='bbox 1547 2794 1671 2851; x_wconf 88' lang='lat' dir='ltr'>inter</span> <span class='ocrx_word' id='word_1_263' title='bbox 1691 2809 1772 2841; x_wconf 90' lang='lat' dir='ltr'>eas</span> <span class='ocrx_word' id='word_1_264' title='bbox 1794 2793 1886 2842; x_wconf 93' lang='lat' dir='ltr'>due</span> 
     </span>
     <span class='ocr_line' id='line_1_31' title="bbox 111 2877 1886 2942; baseline -0.001 -16"><span class='ocrx_word' id='word_1_265' title='bbox 111 2879 208 2928; x_wconf 86' lang='lat' dir='ltr'>filie</span> <span class='ocrx_word' id='word_1_266' title='bbox 240 2882 297 2927; x_wconf 91' lang='lat' dir='ltr'>D.</span> <span class='ocrx_word' id='word_1_267' title='bbox 334 2878 531 2927; x_wconf 88' lang='lat' dir='ltr'>Joannis</span> <span class='ocrx_word' id='word_1_268' title='bbox 570 2878 629 2926; x_wconf 91' lang='lat' dir='ltr'>de</span> <span class='ocrx_word' id='word_1_269' title='bbox 662 2877 941 2936; x_wconf 86' lang='lat' dir='ltr'>Bentivolis,</span> <span class='ocrx_word' id='word_1_270' title='bbox 979 2893 1181 2940; x_wconf 84' lang='lat' dir='ltr'>quarum</span> <span class='ocrx_word' id='word_1_271' title='bbox 1212 2877 1390 2942; x_wconf 86' lang='lat' dir='ltr'>junior,</span> <span class='ocrx_word' id='word_1_272' title='bbox 1426 2894 1537 2925; x_wconf 91' lang='lat' dir='ltr'>cum</span> <span class='ocrx_word' id='word_1_273' title='bbox 1570 2881 1720 2942; x_wconf 89' lang='lat' dir='ltr'>nupta</span> <span class='ocrx_word' id='word_1_274' title='bbox 1758 2881 1886 2926; x_wconf 88' lang='lat' dir='ltr'>esset</span> 
     </span>
     <span class='ocr_line' id='line_1_32' title="bbox 113 2961 1883 3020; baseline -0.002 -9"><span class='ocrx_word' id='word_1_275' title='bbox 113 2966 170 3011; x_wconf 92' lang='lat' dir='ltr'>D.</span> <span class='ocrx_word' id='word_1_276' title='bbox 210 2962 402 3011; x_wconf 90' lang='lat' dir='ltr'>Octavio</span> <span class='ocrx_word' id='word_1_277' title='bbox 432 2963 492 3010; x_wconf 91' lang='lat' dir='ltr'>de</span> <span class='ocrx_word' id='word_1_278' title='bbox 514 2961 674 3010; x_wconf 91' lang='lat' dir='ltr'>Riario</span> <span class='ocrx_word' id='word_1_279' title='bbox 702 2962 852 3010; x_wconf 91' lang='lat' dir='ltr'>Imole</span> <span class='ocrx_word' id='word_1_280' title='bbox 880 2965 928 3010; x_wconf 93' lang='lat' dir='ltr'>et</span> <span class='ocrx_word' id='word_1_281' title='bbox 955 2961 1153 3010; x_wconf 89' lang='lat' dir='ltr'>Faentie</span> <span class='ocrx_word' id='word_1_282' title='bbox 1181 2961 1397 3020; x_wconf 90' lang='lat' dir='ltr'>domino,</span> <span class='ocrx_word' id='word_1_283' title='bbox 1431 2965 1479 3009; x_wconf 93' lang='lat' dir='ltr'>et</span> <span class='ocrx_word' id='word_1_284' title='bbox 1509 2961 1570 3009; x_wconf 87' lang='lat' dir='ltr'>ad</span> <span class='ocrx_word' id='word_1_285' title='bbox 1598 2977 1710 3009; x_wconf 91' lang='lat' dir='ltr'>eum</span> <span class='ocrx_word' id='word_1_286' title='bbox 1743 2961 1883 3018; x_wconf 85' lang='lat' dir='ltr'>itura,</span> 
     </span>
     <span class='ocr_line' id='line_1_33' title="bbox 113 3044 1952 3110; baseline -0.001 -17"><span class='ocrx_word' id='word_1_287' title='bbox 113 3047 296 3110; x_wconf 85' lang='lat' dir='ltr'>rogavit</span> <span class='ocrx_word' id='word_1_288' title='bbox 324 3050 511 3110; x_wconf 90' lang='lat' dir='ltr'>patrem</span> <span class='ocrx_word' id='word_1_289' title='bbox 542 3050 592 3094; x_wconf 90' lang='lat' dir='ltr'>ut</span> <span class='ocrx_word' id='word_1_290' title='bbox 627 3049 737 3094; x_wconf 87' lang='lat' dir='ltr'>ante</span> <span class='ocrx_word' id='word_1_291' title='bbox 763 3061 1029 3105; x_wconf 86' lang='lat' dir='ltr'>recessum,</span> <span class='ocrx_word' id='word_1_292' title='bbox 1065 3045 1234 3094; x_wconf 88' lang='lat' dir='ltr'>liceret</span> <span class='ocrx_word' id='word_1_293' title='bbox 1267 3061 1486 3093; x_wconf 88' lang='lat' dir='ltr'>sororem</span> <span class='ocrx_word' id='word_1_294' title='bbox 1520 3061 1656 3093; x_wconf 90' lang='lat' dir='ltr'>suam</span> <span class='ocrx_word' id='word_1_295' title='bbox 1688 3044 1737 3091; x_wconf 93' lang='lat' dir='ltr'>in</span> <span class='ocrx_word' id='word_1_296' title='bbox 1758 3044 1886 3092; x_wconf 89' lang='lat' dir='ltr'>dicto</span> <span class='ocrx_word' id='word_1_297' title='bbox 1950 3065 1952 3067; x_wconf 48' lang='lat'>&gt;</span> 
     </span>
     <span class='ocr_line' id='line_1_34' title="bbox 114 3128 1887 3195; baseline -0.001 -19"><span class='ocrx_word' id='word_1_298' title='bbox 114 3129 409 3178; x_wconf 86' lang='lat' dir='ltr'>monasterio</span> <span class='ocrx_word' id='word_1_299' title='bbox 426 3130 699 3194; x_wconf 86' lang='lat' dir='ltr'>professam</span> <span class='ocrx_word' id='word_1_300' title='bbox 719 3130 932 3189; x_wconf 89' lang='lat' dir='ltr'>visitare;</span> <span class='ocrx_word' id='word_1_301' title='bbox 954 3145 1050 3195; x_wconf 90' lang='lat' dir='ltr'>quo</span> <span class='ocrx_word' id='word_1_302' title='bbox 1064 3129 1152 3178; x_wconf 93' lang='lat' dir='ltr'>sibi</span> <span class='ocrx_word' id='word_1_303' title='bbox 1172 3145 1426 3187; x_wconf 88' lang='lat' dir='ltr'>concesso,</span> <span class='ocrx_word' id='word_1_304' title='bbox 1448 3132 1498 3177; x_wconf 91' lang='lat' dir='ltr'>ut</span> <span class='ocrx_word' id='word_1_305' title='bbox 1516 3129 1644 3193; x_wconf 87' lang='lat' dir='ltr'>apud</span> <span class='ocrx_word' id='word_1_306' title='bbox 1665 3128 1887 3177; x_wconf 89' lang='lat' dir='ltr'>eamdem</span> 
     </span>
     <span class='ocr_line' id='line_1_35' title="bbox 117 3211 1885 3277; baseline -0.002 -17"><span class='ocrx_word' id='word_1_307' title='bbox 117 3228 337 3261; x_wconf 90' lang='lat' dir='ltr'>sororem</span> <span class='ocrx_word' id='word_1_308' title='bbox 359 3217 505 3272; x_wconf 89' lang='lat' dir='ltr'>esset,</span> <span class='ocrx_word' id='word_1_309' title='bbox 530 3214 740 3262; x_wconf 90' lang='lat' dir='ltr'>dimissis</span> <span class='ocrx_word' id='word_1_310' title='bbox 759 3214 971 3263; x_wconf 82' lang='lat' dir='ltr'>vestibus</span> <span class='ocrx_word' id='word_1_311' title='bbox 993 3217 1040 3261; x_wconf 90' lang='lat' dir='ltr'>et</span> <span class='ocrx_word' id='word_1_312' title='bbox 1061 3212 1244 3277; x_wconf 89' lang='lat' dir='ltr'>capillis</span> <span class='ocrx_word' id='word_1_313' title='bbox 1264 3213 1434 3270; x_wconf 90' lang='lat' dir='ltr'>tonsis,</span> <span class='ocrx_word' id='word_1_314' title='bbox 1458 3212 1738 3275; x_wconf 88' lang='lat' dir='ltr'>supplicavit</span> <span class='ocrx_word' id='word_1_315' title='bbox 1766 3226 1816 3259; x_wconf 90' lang='lat' dir='ltr'>se</span> <span class='ocrx_word' id='word_1_316' title='bbox 1839 3211 1885 3258; x_wconf 88' lang='lat' dir='ltr'>in</span> 
     </span>
     <span class='ocr_line' id='line_1_36' title="bbox 111 3294 1887 3361; baseline -0.002 -18"><span class='ocrx_word' id='word_1_317' title='bbox 111 3296 240 3344; x_wconf 91' lang='lat' dir='ltr'>dicto</span> <span class='ocrx_word' id='word_1_318' title='bbox 272 3296 567 3344; x_wconf 87' lang='lat' dir='ltr'>monasterio</span> <span class='ocrx_word' id='word_1_319' title='bbox 600 3297 750 3361; x_wconf 88' lang='lat' dir='ltr'>recipi</span> <span class='ocrx_word' id='word_1_320' title='bbox 782 3297 831 3344; x_wconf 93' lang='lat' dir='ltr'>in</span> <span class='ocrx_word' id='word_1_321' title='bbox 862 3312 1105 3355; x_wconf 71' lang='lat' dir='ltr'>sororem,</span> <span class='ocrx_word' id='word_1_322' title='bbox 1138 3311 1227 3344; x_wconf 91' lang='lat' dir='ltr'>nec</span> <span class='ocrx_word' id='word_1_323' title='bbox 1261 3300 1333 3344; x_wconf 91' lang='lat' dir='ltr'>est</span> <span class='ocrx_word' id='word_1_324' title='bbox 1367 3295 1570 3358; x_wconf 88' lang='lat' dir='ltr'>amplius</span> <span class='ocrx_word' id='word_1_325' title='bbox 1600 3294 1661 3342; x_wconf 88' lang='lat' dir='ltr'>ad</span> <span class='ocrx_word' id='word_1_326' title='bbox 1690 3294 1887 3342; x_wconf 88' lang='lat' dir='ltr'>domum</span> 
     </span>
     <span class='ocr_line' id='line_1_37' title="bbox 110 3385 593 3444; baseline -0.002 -15"><span class='ocrx_word' id='word_1_327' title='bbox 110 3385 361 3444; x_wconf 85' lang='lat' dir='ltr'>paternam</span> <span class='ocrx_word' id='word_1_328' title='bbox 386 3395 593 3428; x_wconf 84' lang='lat' dir='ltr'>reversa.</span> 
     </span>
    </p>

    <p class='ocr_par' dir='ltr' id='par_1_4' title="bbox 178 3461 1887 3527">
     <span class='ocr_line' id='line_1_38' title="bbox 178 3461 1887 3527; baseline -0.004 -16"><span class='ocrx_word' id='word_1_329' title='bbox 178 3465 227 3511; x_wconf 85' lang='lat' dir='ltr'>In</span> <span class='ocrx_word' id='word_1_330' title='bbox 253 3463 426 3512; x_wconf 89' lang='lat' dir='ltr'>eodem</span> <span class='ocrx_word' id='word_1_331' title='bbox 448 3463 745 3512; x_wconf 84' lang='lat' dir='ltr'>monasterio</span> <span class='ocrx_word' id='word_1_332' title='bbox 769 3468 842 3513; x_wconf 88' lang='lat' dir='ltr'>est</span> <span class='ocrx_word' id='word_1_333' title='bbox 863 3464 1107 3527; x_wconf 86' lang='lat' dir='ltr'>sepultura</span> <span class='ocrx_word' id='word_1_334' title='bbox 1128 3463 1268 3511; x_wconf 91' lang='lat' dir='ltr'>unius</span> <span class='ocrx_word' id='word_1_335' title='bbox 1291 3463 1487 3521; x_wconf 88' lang='lat' dir='ltr'>sororis,</span> <span class='ocrx_word' id='word_1_336' title='bbox 1509 3467 1619 3511; x_wconf 88' lang='lat' dir='ltr'>ante</span> <span class='ocrx_word' id='word_1_337' title='bbox 1641 3461 1887 3510; x_wconf 86' lang='lat' dir='ltr'>biennium</span> 
     </span>
    </p>
   </div>
   <div class='ocr_carea' id='block_1_3' title="bbox 301 3562 1701 3600">
    <p class='ocr_par' dir='ltr' id='par_1_5' title="bbox 301 3562 1701 3600">
     <span class='ocr_line' id='line_1_39' title="bbox 301 3562 1701 3600; baseline -0.004 0"><span class='ocrx_word' id='word_1_338' title='bbox 301 3577 332 3600; x_wconf 79' lang='lat' dir='ltr'>r.</span> <span class='ocrx_word' id='word_1_339' title='bbox 361 3576 398 3600; x_wconf 76' lang='grc' dir='ltr'>ιι.</span> <span class='ocrx_word' id='word_1_340' title='bbox 1655 3562 1701 3595; x_wconf 78' lang='grc'>20</span> 
     </span>
    </p>
   </div>
  </div>
 </body>
</html>
