2202 3926
304 374 370 410 102
915 370 1155 407 JOHANNIS
1190 370 1488 416 BURCHARDI,
1873 372 1976 412 [Mars
1999 371 2089 412 1494]

375 476 556 524 Eadem
579 475 673 534 die,
695 474 822 523 circa
851 474 1026 522 horam
1056 490 1160 532 xX1,
1185 476 1315 537 Papa
1345 474 1474 522 venit
1495 474 1555 520 ad
1585 472 1820 536 capellam
1846 473 2095 536 supradic—

311 565 406 609 tam
441 561 545 608 sine
580 575 742 617 cruce,
777 557 1101 606 cardinalibus
1135 557 1293 619 ipsum
1328 556 1660 619 sequentibus,
1694 555 1776 604 ubi
1812 556 1937 605 dicte
1984 559 2094 605 sunt

306 644 538 692 matutine
573 643 900 690 tenebrarum.
933 643 1060 703 Papa
1092 640 1219 687 venit
1247 640 1296 686 in
1328 655 1481 703 cappa
1510 639 1568 687 de
1605 640 1841 698 scarlat03
1877 640 2092 689 fimbrias

308 727 512 791 portavit
534 723 934 786 archiepiscopus
957 721 1258 768 Patracensis
1281 721 1530 778 assistenS,
1557 726 1605 768 et
1626 721 1718 770 alia
1744 723 1909 770 omnia
1930 722 2098 771 obser-

308 815 412 858 vata
434 813 544 857 sunt
565 823 701 855 more
726 805 888 853 solito.
916 807 1044 868 Papa
1064 804 1111 851 in
1134 804 1230 851 fine
1251 803 1369 851 dixit
1392 804 1663 852 orationem
1685 806 1860 868 respice
1882 814 1968 853 etc.

375 893 513 942 Feria
545 891 727 955 quinta,
755 893 813 937 27
839 889 953 936 dicti
975 888 1158 935 mensis
1179 887 1356 947 martii,
1382 888 1430 935 in
1455 903 1577 936 cena
1598 889 1809 948 Domini,
1837 891 1920 937 SS.
1953 893 2011 938 D.
2039 893 2096 939 N.

314 982 506 1044 paratus
532 991 667 1023 more
700 973 841 1021 solito
864 971 989 1020 venit
1017 972 1076 1019 ad
1109 971 1343 1035 capellam
1370 973 1607 1036 maJorem
1641 973 1690 1020 in
1719 989 1815 1036 qua
1844 976 2012 1021 Rmus,
2039 976 2094 1022 D.

313 1059 570 1110 cardinalis
598 1056 939 1106 Ulixhonensis
967 1056 1227 1103 celebravit
1254 1056 1451 1104 missam
1475 1057 1743 1105 solemnem
1769 1075 1778 1103 :
1806 1056 1917 1104 dedi
1937 1057 2098 1105 locum

310 1147 369 1193 de
407 1142 635 1191 mandato
673 1142 758 1189 SS.
791 1143 848 1188 D.
887 1142 942 1187 N.
979 1142 1106 1203 Pape
1138 1140 1327 1187 cuidam
1360 1145 1545 1189 asserto
1576 1141 1724 1189 nobili
1756 1144 1803 1189 et
1833 1141 1966 1188 affini
2001 1141 2097 1189 sive

312 1226 675 1290 consanguineo
698 1224 828 1288 regis
860 1224 1198 1288 Hispaniarum
1224 1225 1360 1288 juxta
1388 1227 1443 1272 D.
1471 1225 1651 1272 Pisauri
1677 1241 1686 1272 ζ
1714 1224 1904 1283 deinde,
1931 1224 2099 1288 ¹super-

313 1313 536 1361 veniente
571 1314 796 1357 senatore
832 1308 991 1367 Urbis,
1026 1313 1073 1355 et
1114 1324 1163 1356 sc
1204 1314 1314 1372 post
1356 1308 1539 1356 dictum
1579 1310 1794 1358 nobilem
1831 1311 2098 1374 Hispanum

306 1397 442 1460 juxta
473 1393 566 1442 loci
596 1391 963 1455 dispositionem
994 1390 1204 1449 locante,
1238 1393 1367 1454 Papa
1395 1391 1634 1440 commisit
1664 1393 1782 1440 mihi
1811 1393 1941 1456 quod
1964 1409 2100 1441 sena-

311 1479 401 1526 tori
424 1478 483 1526 ad
507 1476 750 1524 sinistram
773 1489 926 1533 suam,
946 1476 1057 1520 ante
1077 1473 1376 1531 assistentes,
1403 1473 1497 1521 hoc
1520 1479 1593 1521 est
1613 1474 1740 1522 inter
1758 1475 2095 1539 presbyterum

311 1561 608 1611 cardinalem
649 1559 984 1614 assistentem,
1019 1560 1067 1604 et
1108 1556 1320 1620 prelatos
1364 1557 1671 1617 assistenteS,
1704 1558 1867 1607 locum
1911 1560 2095 1620 darem,

312 1649 453 1710 prout
478 1648 525 1692 et
555 1643 661 1691 feci.
690 1641 844 1690 Finita
867 1640 1032 1699 missa,
1059 1643 1207 1687 Rmus
1230 1642 1286 1687 D.
1312 1640 1569 1689 cardinalis
1598 1642 1936 1691 Ulixbonensis
1968 1644 2098 1693 cele-

312 1731 474 1783 brans,
501 1727 712 1775 dimissis
735 1723 1030 1789 paramentis
1053 1723 1344 1782 missalibuS,
1370 1725 1556 1788 accepit
1579 1726 1828 1786 amictum,
1854 1729 2097 1792 superpel-

308 1814 484 1861 liceum
508 1816 555 1860 et
575 1810 703 1858 venit
723 1810 849 1856 inter
867 1807 986 1855 alios
1009 1807 1276 1855 cardinales
1299 1808 1359 1855 ad
1376 1808 1537 1855 locum
1561 1825 1719 1857 suum.
1743 1813 1874 1873 Papa
1893 1827 2092 1874 proces-

311 1896 560 1944 sionaliter
604 1894 685 1942 ivit
725 1893 813 1940 sub
856 1891 1144 1939 baldachino
1190 1895 1381 1954 portato
1427 1908 1514 1955 per
1543 1894 1879 1942 marchionem
1912 1895 2089 1954 Giraci,

311 1985 555 2027 oratorem
577 1977 705 2041 regis
727 1974 1045 2039 Neapolitani.
1073 1977 1438 2023 Sacramentum
1466 1975 1750 2025 ministravit
1782 1980 1908 2041 Pape
1932 1979 2090 2026 cardi-

312 2063 433 2110 nalis
457 2062 684 2111 Senensis
707 2061 773 2108 ita
796 2060 844 2107 in
865 2059 1036 2123 majori
1061 2075 1205 2121 quam
1227 2059 1275 2106 in
1303 2060 1478 2107 minori
1507 2061 1704 2124 capellis
1724 2065 1771 2109 et
1794 2064 1921 2126 Pape
1943 2063 2093 2110 mani-

314 2149 403 2195 bus
443 2145 670 2210 imposuit
710 2144 962 2192 incensum
998 2143 1301 2206 genuflexus.
1341 2144 1570 2206 Reposito
1605 2144 1654 2192 in
1691 2145 1878 2194 minore
1909 2146 2092 2209 capella

314 2233 638 2287 sacramento,
663 2227 804 2275 exivit
831 2242 941 2274 cum
970 2226 1194 2273 omnibus
1225 2226 1548 2274 cardinalibus
1577 2233 1625 2275 et
1651 2229 1864 2291 prelatis,
1888 2229 2090 2278 detectis

312 2313 568 2377 capitibuS,
602 2310 824 2359 eamdem
855 2309 1107 2372 capellam,
1143 2309 1317 2357 deinde
1352 2310 1559 2374 receptis
1590 2311 1745 2358 mitris
1772 2316 2008 2361 venerunt
2032 2313 2092 2360 ad

310 2400 472 2447 locum
495 2397 686 2461 publice
714 2393 1096 2444 benedictionis:
1125 2395 1252 2456 Papa
1277 2393 1324 2439 in
1358 2393 1472 2441 sella
1502 2399 1720 2459 portatus
1742 2396 1790 2443 in
1818 2396 1926 2444 loco
1948 2396 2093 2444 bene-

311 2482 534 2530 dictionis
570 2480 766 2528 mutavit
797 2478 1020 2542 pluviale,
1052 2476 1233 2540 recepit
1268 2491 1437 2524 omnes
1470 2477 1739 2526 cardinales
1774 2479 1835 2526 ad
1865 2494 2091 2527 reveren-

314 2563 447 2622 tiam,
474 2561 647 2610 ‹leinde
669 2561 794 2609 lecte
817 2560 1009 2613 suerunt
1031 2560 1539 2608 anathematizationes
1557 2577 1645 2624 per
1665 2565 1722 2610 D.
1746 2563 2088 2626 Augustinum,

318 2646 668 2693 subdiaconum
706 2644 1041 2708 apostolicum,
1078 2644 1126 2691 in
1158 2645 1305 2693 latino
1328 2650 1374 2693 et
1397 2649 1588 2694 Rmum.
1621 2650 1677 2694 D.
1709 2647 2004 2695 cardinalem
2033 2647 2091 2697 de

315 2730 548 2778 Columna
570 2728 617 2775 in
640 2728 836 2791 vulgari.
1166 2740 1168 2743 ’

378 2816 431 2860 In
449 2812 563 2870 tine,
594 2812 702 2859 data
724 2812 927 2860 solemni
952 2812 1297 2860 benedictione
1317 2829 1405 2872 per
1432 2816 1610 2877 Papam
1633 2820 1680 2862 et
1703 2815 1918 2879 plenaria
1938 2815 2094 2862 indul-

318 2895 480 2959 gentia
501 2910 592 2956 que
614 2910 702 2957 per
722 2897 912 2942 Rmum.
940 2897 995 2942 D.
1023 2896 1340 2943 camerarium
1360 2896 1508 2945 latine
1531 2902 1578 2945 et
1603 2899 1662 2946 de
1691 2899 1924 2946 Columna
1944 2898 2093 2945 cardi-

317 2979 451 3027 nales
474 2978 521 3024 in
543 2977 724 3040 vulgari
750 2977 944 3027 suerunt
974 2979 1216 3042 publicate
1244 2979 1303 3026 ad
1330 2979 1609 3027 mandatum
1640 2997 1797 3027 suum.
1821 2980 1895 3028 Ad
1914 2980 2090 3043 pedum

315 3062 548 3110 lotionem
567 3074 711 3124 quam
732 3063 815 3108 SS.
842 3063 897 3108 D.
921 3067 1086 3110 noster
1106 3063 1236 3120 fecit,
1261 3063 1718 3127 omnes-cardinales
1740 3064 1819 3126 qui
1843 3064 2092 3111 voluerunt

316 3145 553 3193 interesse
584 3148 832 3203 venerunt,
858 3149 904 3192 et
935 3145 999 3191 illi
1030 3145 1349 3193 interfuerunt
1376 3146 1423 3192 in
1450 3146 1630 3209 cappiS,
1656 3146 1862 3210 demptis
1891 3147 2089 3195 Senensi

319 3232 365 3275 et
385 3227 651 3275 camerario
674 3227 1008 3275 assistentibus
1032 3232 1078 3276 et
1101 3229 1342 3276 cardinale
1371 3229 1763 3277 vicecancellario
1783 3230 1862 3293 qui
1885 3245 2091 3293 evange-

317 3311 436 3358 lium
458 3310 575 3357 dixit
600 3326 608 3357 :
635 3326 721 3373 pro
751 3311 923 3358 eodem
952 3313 1177 3360 mandato
1206 3312 1524 3360 interfuerunt
1551 3313 1598 3360 in
1629 3313 1913 3361 dalmaticis.
1943 3315 2092 3361 Asca-

320 3394 426 3441 nius
448 3393 884 3451 vicecancellarius,
911 3396 1037 3443 dicto
1059 3397 1326 3460 evangelio,
1351 3396 1614 3446 incensavit
1631 3400 1835 3462 Papam3
1861 3401 1908 3446 et
1930 3398 2091 3445 omnia

314 3490 449 3524 more
474 3476 614 3524 solito
637 3481 748 3525 sunt
767 3476 1034 3526 observata.
