2216 3886
178 277 347 319 [Octobrc
373 278 467 316 1498]
638 277 805 313 RERUM
843 276 1142 313 URssANARUM
1175 277 1528 316 COMMENTAffll.
1895 282 1966 317 495

180 379 465 439 naturalem,
490 378 893 444 protonotarium,
919 378 1233 428 secretarium
1258 384 1306 428 et
1335 379 1620 443 scriptorem
1642 381 1963 444 apostolicum

180 463 383 527 Perugie
416 467 820 522 commorantem,
853 463 1017 511 nescio
1045 479 1105 511 ex
1134 479 1229 526 qua
1257 479 1402 511 causa
1429 463 1504 511 vel
1534 464 1741 527 qualiter
1767 482 1965 529 proces-

179 549 356 604 satum,
380 546 458 609 qui
492 551 832 610 procuratores
866 546 915 593 in
941 561 1144 595 romana
1176 547 1312 595 curia
1338 546 1598 596 existentes
1626 548 1882 598 constituit
1905 551 1965 598 ad

182 628 690 694 resignandum-pure,
714 629 863 679 libere
893 634 939 678 et
971 630 1254 694 simpliciter
1284 630 1646 679 secretariatum
1676 636 1728 679 ut
1762 633 1966 698 scripto-

184 710 301 758 riam
320 711 369 758 in
389 712 611 761 manibus
634 715 718 761 SS.
746 716 804 762 D.
828 715 884 761 N.
907 729 1030 778 pape
1050 729 1060 772 3
1085 714 1165 777 qui
1187 718 1526 778 procuratores
1545 730 1630 763 seu
1653 715 1775 764 alter
1796 733 1961 766 eorum

182 794 342 842 officia
360 794 642 858 hujusmodi
661 800 832 858 postea
851 796 911 844 de
934 812 1101 845 mense
1129 797 1402 845 novembris
1424 798 1537 846 dicti
1562 799 1675 846 anni
1698 799 1746 847 in
1773 800 1965 863 predic-

182 877 239 925 tis
266 877 487 925 manibus
511 878 820 943 resignarunt
843 895 929 928 seu
950 880 1232 944 resignavit3
1259 886 1306 929 et
1330 881 1572 945 provisum
1594 881 1683 930 fuit
1713 882 1772 930 de
1803 899 1964 932 secre-

180 962 298 1011 tario
328 964 383 1010 D.
410 962 595 1011 Danieli
614 963 672 1011 de
702 966 750 1012 S.
777 963 1080 1022 Sebastiano,
1106 964 1325 1028 scriptori
1348 954 1633 1029 apostolico,
1660 970 1708 1015 et
1728 966 1787 1015 de
1811 967 1963 1031 scrip-

178 1044 301 1092 toria
323 1045 603 1110 hujusmodi
636 1050 692 1095 D.
719 1050 863 1096 Petro
893 1047 952 1096 de
975 1047 1116 1106 Solis,
1141 1048 1436 1097 cubiculario
1465 1054 1511 1097 et
1538 1049 1880 1099 archidiacono
1904 1050 1962 1100 de

178 1128 333 1187 Bavia,
357 1128 407 1176 in
429 1129 635 1178 ecclesia
653 1131 876 1180 Ovetensi
899 1135 983 1196 (1).

241 1212 382 1260 Feria
414 1213 572 1270 tertia,
608 1218 664 1262 18
699 1214 812 1263 dicti
845 1216 1028 1263 mensis
1059 1215 1363 1280 septembris,
1398 1219 1453 1263 R.
1490 1219 1541 1264 P.
1579 1219 1636 1264 D.
1672 1218 1961 1267 Comadolus

176 1296 373 1359 Stanga,
404 1301 662 1361 preceptor
694 1299 869 1347 domus
903 1316 942 1347 s.
977 1299 1172 1348 Antonii
1206 1299 1565 1348 Cremoniensis
1595 1300 1800 1350 diecesis
1834 1303 1961 1351 sedis

175 1379 458 1441 apostolice,
481 1396 591 1429 cum
613 1381 972 1445 dispensatione
990 1382 1418 1447 protonotariatuS,
1443 1382 1636 1431 intravit
1659 1385 1837 1433 Urbem
1858 1402 1963 1435 ora-

176 1465 251 1509 tor
292 1462 603 1512 illustrissimi
645 1465 870 1514 Ludovici
915 1467 1113 1526 Sfortie,
1149 1466 1409 1515 Mediolani
1443 1465 1605 1526 ducis,
1647 1473 1872 1533 receptus
1913 1476 1961 1518 et

174 1539 440 1595 associatus
461 1563 490 1595 a
515 1548 708 1596 familiis
736 1553 785 1597 et
809 1549 1006 1614 prelatis
1037 1552 1121 1598 SS.
1148 1552 1205 1597 D.
1231 1552 1287 1597 N.
1313 1540 1435 1614 pape
1465 1553 1511 1598 et
1538 1552 1831 1601 RRmorum.
1856 1555 1955 1601 DD.

177 1630 506 1687 cardinalium,
540 1637 684 1695 prout
713 1636 929 1682 oratores
963 1649 1050 1697 pro
1085 1633 1363 1682 obedientia
1397 1636 1482 1682 SS.
1510 1635 1566 1681 D.
1591 1636 1648 1682 N.
1673 1651 1796 1700 pape
1820 1653 1958 1701 pres-

174 1713 318 1760 tanda
332 1714 582 1763 venientes
602 1716 752 1780 recipi
771 1721 818 1765 et
837 1717 1066 1765 associari
1089 1723 1460 1767 consueverunt.

238 1796 417 1845 Eadem
450 1798 546 1857 die,
580 1802 747 1847 Rmus.
782 1800 831 1847 in
862 1801 1052 1850 Christo
1089 1804 1141 1849 P.
1176 1806 1224 1850 et
1254 1804 1333 1859 D.,
1371 1804 1427 1850 D.
1464 1801 1710 1852 lohannes
1743 1802 1958 1867 Baptista

171 1895 210 1926 s.
242 1879 427 1928 Nicolai
448 1880 497 1928 in
518 1897 713 1932 carcere
744 1884 960 1933 Tulliano
988 1884 1221 1933 diaconus
1254 1885 1510 1933 cardinalis
1541 1885 1600 1933 de
1630 1886 1832 1934 Sabellis
1853 1886 1955 1934 vul-

170 1962 349 2025 gariter
370 1971 692 2030 nuncupatus,
712 1967 760 2015 in
780 1973 940 2017 castro
963 1983 1049 2017 suo
1071 1968 1302 2018 Candulfo
1325 1968 1454 2018 diem
1474 1968 1646 2018 clausit
1663 1975 1950 2018 extremum.

171 2048 415 2095 Portatum
443 2049 530 2097 suit
557 2065 732 2114 corpus
763 2052 861 2101 sive
889 2053 1092 2102 cadaver
1119 2069 1258 2100 suum
1285 2056 1507 2111 Romam,
1530 2053 1578 2101 in
1610 2057 1752 2102 nocte
1779 2053 1954 2102 imme-

168 2129 296 2179 diate
319 2133 564 2195 sequenti,
582 2134 629 2180 iu
652 2135 883 2198 palatium
909 2135 1220 2185 habitationis
1248 2141 1296 2185 et
1322 2136 1582 2186 residentia
1611 2152 1714 2196 sue,
1739 2136 1950 2201 positum

167 2212 347 2267 ibidem
369 2215 416 2262 in
440 2216 549 2264 aula
567 2233 678 2265 cum
696 2218 969 2280 intorticiis,
994 2235 1128 2268 more
1151 2220 1312 2268 solito.

235 2297 321 2348 Die
342 2301 586 2361 mercurii,
618 2306 673 2349 19
702 2302 816 2351 dicti
843 2303 1023 2352 mensis
1053 2303 1603 2367 immediate'sequenti,
1625 2309 1952 2353 convenerunt

167 2381 435 2432 cardinales
459 2385 508 2433 in
538 2386 709 2434 eodem
741 2387 918 2452 palatio
947 2404 1056 2435 cum
1087 2387 1284 2452 prelatis
1315 2392 1363 2436 et
1389 2387 1494 2436 aliis
1522 2388 1582 2436 ad
1611 2387 1951 2436 honorandum

166 2465 337 2525 t'unus3
374 2471 421 2515 et
454 2468 627 2517 fratres
665 2486 753 2533 per
790 2475 1051 2519 conventus
1084 2471 1311 2520 dixerunt
1348 2488 1571 2537 vesperas
1607 2476 1655 2519 et
1692 2471 1951 2520 matutinas

165 2545 504 2597 defunctorum
539 2566 548 2598 :
581 2551 754 2613 quibus
786 2552 1006 2617 expletis,
1037 2557 1282 2618 portatum
1313 2554 1401 2602 suit
1429 2555 1572 2602 funus
1604 2555 1664 2603 ad
1694 2554 1950 2603 ecclesiam

165 2629 305 2678 beate
334 2632 484 2680 Marie
513 2633 572 2681 de
594 2635 784 2684 Araceli
810 2640 1074 2685 conventus
1096 2637 1299 2686 fratrum
1324 2655 1362 2685 s.
1388 2637 1630 2686 Francisci
1654 2638 1713 2686 de
1735 2637 1950 2687 Zoccolis

166 2714 522 2778 sepeliendum;
546 2718 813 2768 cardinales
833 2735 946 2769 vero
968 2720 1216 2769 redierunt
1234 2721 1295 2770 ad
1315 2721 1486 2770 domos
1509 2737 1637 2770 suas.
1656 2721 1760 2770 Alia
1782 2721 1950 2770 obser·

166 2800 272 2846 vata
290 2804 403 2847 sunt
422 2815 559 2850 more
581 2802 742 2864 solito,
769 2804 902 2853 socio
920 2820 1030 2854 meo
1053 2805 1314 2855 referente.

229 2883 370 2932 Feria
407 2886 642 2948 secunda,
682 2892 699 2935 1
740 2890 923 2938 mensis
972 2890 1211 2951 octobris,
1246 2891 1295 2939 in
1331 2906 1499 2951 mane,
1536 2894 1719 2939 secrete
1763 2894 1812 2939 et
1845 2890 1948 2939 sine

162 2979 340 3030 pompa
365 2970 563 3019 recessit
591 2988 650 3019 ex
682 2973 808 3022 Urbe
836 2975 1002 3023 limus.
1027 2975 1075 3023 in
1105 2975 1294 3024 Christo
1318 2977 1371 3023 P.
1393 2980 1442 3024 et
1470 2978 1549 3033 1).,
1573 2978 1630 3023 D.
1655 2978 1818 3032 Cesar,
1841 2991 1949 3022 car-

163 3047 332 3097 dinalis
354 3052 654 3114 Valentinus,
680 3055 834 3105 iturus
853 3072 942 3121 per
962 3075 1095 3107 mare
1118 3060 1165 3107 in
1186 3058 1457 3118 Franciam,
1483 3062 1529 3107 et
1549 3070 1659 3106 cum
1682 3074 1740 3107 eo
1766 3057 1948 3121 magni-

209 3225 242 3261 1.
273 3240 290 3255 «
378 3225 425 3260 «la
450 3224 611 3264 Roma...
636 3239 736 3265 come
763 3228 795 3266 el
823 3230 1045 3278 x·escovoscli
1071 3231 1251 3280 Calagora
1278 3244 1338 3269 era
1359 3232 1416 3269 sta
1435 3230 1620 3280 publicato
1642 3229 1666 3265 il
1689 3242 1757 3266 suo
1774 3242 1951 3278 processo

160 3287 197 3319 et
215 3282 307 3320 lecto
332 3283 371 3319 in
397 3284 628 3332 concistorio,
649 3291 687 3326 et
713 3291 918 3328 condanato
944 3290 1072 3328 chome
1092 3291 1253 3329 ereticho
1278 3292 1327 3328 acl
1349 3295 1550 3338 peipetuas
1571 3301 1749 3328 carceres.
1773 3291 1906 3326 Tamen
1925 3288 1951 3325 il

162 3355 229 3380 suo
249 3342 321 3380 mal
341 3343 375 3379 su
398 3354 461 3392 per
479 3343 515 3380 la
534 3344 688 3385 richezia
707 3350 774 3386 che
796 3351 904 3388 bavia
927 3350 965 3386 di
992 3351 1118 3388 danari
1143 3351 1319 3396 contanti,
1343 3354 1379 3387 et
1397 3350 1510 3398 perh&
1537 3349 1572 3386 so
1602 3349 1756 3398 privato,
1778 3352 1814 3386 et
1834 3348 1859 3384 il
1881 3361 1948 3385 suo

159 3402 371 3451 episcopato
387 3403 472 3440 dato
490 3403 562 3443 via.
588 3420 606 3439 »
628 3407 782 3453 Sanuto,
803 3413 830 3447 t.
854 3410 883 3455 Ι,
904 3409 974 3447 col.
999 3411 1104 3450 1014.
