2202 3926
128 335 212 377 [Mai
235 336 328 375 1494]
576 335 745 373 RERUM
781 335 1081 372 URBANARUM
1115 335 1464 374 COMMENTARH.
1847 341 1907 375 151

128 437 275 486 Sedet
303 453 386 487 rex
416 438 466 485 in
493 436 757 486 faldistorio
785 437 834 485 in
861 435 1140 501 plano'ante
1170 436 1392 485 ultimum
1413 436 1615 501 gradum
1639 436 1801 485 altaris
1823 439 1909 485 sibi

126 525 311 585 parato,
341 521 389 569 in
419 526 763 580 transversum,
798 520 865 569 ita
891 521 1021 584 quod
1048 520 1241 568 sinistra
1273 519 1400 584 regis
1433 520 1493 568 sit
1527 535 1665 568 versa
1697 519 1832 567 altari
1867 526 1912 568 et

128 604 296 654 dextra
325 605 475 653 choro
506 604 881 664 canonicorum;
922 608 969 653 et
1002 604 1321 653 faldistorium
1362 603 1644 668 hujusmodi
1677 603 1822 651 stabit
1855 603 1914 651 ad

127 689 346 738 dextram
375 689 538 753 legati,
564 689 645 753 qui
667 688 854 738 sedebit
888 688 936 735 in
966 688 1059 737 alio
1090 687 1232 736 simili
1260 687 1527 736 faldistorio
1561 690 1672 736 ante
1698 687 1914 736 medium

129 773 292 821 altaris
326 773 375 820 in
412 773 551 821 tertio
586 773 735 837 gradu
775 777 823 820 et
864 773 1007 836 plano
1044 772 1169 820 illius
1208 771 1296 819 sibi
1329 776 1516 836 parato,
1551 771 1747 820 renibus
1777 771 1913 819 altari

131 856 293 905 versis.
319 856 618 920 Neapolitani
641 872 752 905 vero
783 856 832 903 in
853 857 1006 920 capite
1029 856 1184 919 prime
1203 856 1391 903 hanche
1416 856 1476 903 ad
1500 855 1742 903 sinistram
1768 854 1913 918 legati

132 957 183 989 se
205 940 452 997 locabunt‚
478 943 526 988 et
546 939 718 1003 prelati
741 954 911 987 omnes
932 939 982 986 in
1003 939 1102 986 suis
1123 938 1243 986 locis
1265 943 1421 986 erunt.

198 1023 431 1072 Omnibus
450 1023 519 1070 sic
538 1021 834 1081 sedentibus,
855 1026 1020 1085 surget
1036 1024 1093 1069 D.
1115 1021 1390 1086 Stephanus
1409 1021 1468 1070 de
1485 1022 1679 1083 Narnia,
1699 1021 1914 1071 notarius

131 1124 325 1157 camere
350 1105 634 1171 apostolice,
657 1122 766 1154 cum
791 1106 952 1169 legato
981 1121 1040 1155 ex
1071 1106 1197 1154 Urbe
1225 1106 1286 1154 ad
1311 1105 1442 1154 hunc
1473 1106 1621 1155 finem
1649 1106 1824 1155 missus
1847 1111 1910 1166 et,

127 1190 292 1239 habita
311 1207 339 1238 a
356 1190 518 1255 legato
538 1190 751 1250 licentia,
780 1194 911 1237 stans
929 1189 977 1237 in
997 1205 1148 1238 cornu
1171 1190 1404 1254 evangelii
1426 1190 1488 1238 ad
1505 1190 1750 1239 sinistram
1767 1190 1914 1254 legati

129 1275 175 1323 in
202 1275 360 1339 primo
390 1274 466 1323 vel
496 1273 710 1322 secundo
741 1272 890 1338 gradu
923 1272 1106 1332 altariS‚
1135 1273 1232 1322 alta
1264 1289 1379 1322 voce
1406 1274 1524 1337 legit
1555 1274 1739 1322 bullam
1760 1274 1914 1322 facul-

129 1358 237 1407 tatis
259 1357 517 1406 cardinalis
538 1373 566 1404 a
584 1355 820 1421 principio
840 1355 901 1403 ad
921 1355 1087 1416 finem,
1113 1358 1252 1422 cujus
1275 1362 1415 1406 tenor
1436 1357 1542 1406 talis
1565 1362 1638 1406 est
1662 1374 1672 1406 :

195 1462 218 1486 «
247 1440 521 1489 Alexander
534 1440 790 1504 episcopus
809 1455 974 1488 servus
992 1456 1240 1489 servorum
1259 1442 1366 1501 Dei,
1390 1441 1568 1491 dilecto
1589 1441 1687 1490 filio
1706 1446 1729 1491 J
1735 1442 1914 1491 ohanni

130 1524 253 1573 tituli
274 1528 439 1573 sancte
462 1526 681 1594 Susanne
709 1522 994 1588 presbytero
1016 1524 1264 1583 cardinali,
1289 1525 1349 1574 ad
1373 1541 1581 1589 regnum
1609 1525 1768 1575 Sicilie
1797 1525 1916 1575 citra

129 1608 340 1657 Pharum
373 1612 540 1656 nostro
569 1612 616 1655 et
647 1605 774 1654 sedis
804 1607 1069 1669 apostolice
1098 1608 1274 1673 legato,
1306 1609 1508 1658 salutem
1530 1613 1578 1657 et
1599 1609 1914 1673 apostolIcam

129 1691 538 1740 benedictionem.

192 1775 326 1825 Licet
351 1775 602 1839 potestatis
630 1775 881 1839 plenitudo
909 1776 1118 1840 desuper
1148 1775 1288 1824 nobis
1332 1778 1594 1825 commissa
1620 1777 1698 1837 sit,
1730 1782 1777 1826 et
1807 1777 1914 1826 uni-

126 1860 248 1908 versi
275 1860 436 1924 gregis
457 1858 704 1916 dominici,
729 1858 888 1907 divina
908 1859 1193 1923 disponente
1224 1859 1501 1920 clementia,
1533 1876 1700 1909 curam
1730 1862 1912 1910 habea-

127 1959 253 2003 muS,
272 1943 420 1991 finem
436 1946 598 1990 tamen
611 1940 823 1989 humane
839 1941 1170 2004 possibilitatis
1186 1942 1421 1990 excedere
1437 1959 1535 1992 non
1549 1943 1781 1996 valentes,
1797 1961 1914 1992 con-

130 2026 484 2089 siderandoque
504 2023 635 2088 quod
652 2023 781 2072 circa
798 2023 1002 2088 singula,
1024 2041 1111 2088 per
1127 2026 1472 2090 nosmetipsos,
1494 2027 1762 2091 ‚apostolice
1786 2027 1912 2075 sedis

130 2111 348 2160 debitum
387 2109 634 2158 absolvere
675 2123 771 2156 non
812 2122 1087 2171 possumus,
1128 2124 1473 2172 nonnunquam
1512 2114 1676 2159 sancte
1714 2126 1911 2158 romane

129 2193 345 2243 Ecclesie
379 2191 649 2241 cardinales
683 2191 732 2238 in
763 2194 952 2254 partem
973 2191 1310 2240 sollicitudinis
1344 2193 1652 2252 assumimus,
1690 2198 1759 2253 ut,
1796 2194 1912 2258 ipsis

128 2278 256 2326 vices
270 2280 459 2325 nostras
478 2274 832 2339 supplentibuS,
851 2273 1174 2322 ministerium
1191 2275 1331 2324 nobis
1347 2276 1678 2337 commissum,
1700 2277 1914 2326 secunda

128 2361 303 2425 pietate
333 2375 557 2424 superna,
591 2357 794 2417 facilius,
827 2357 1072 2406 efficacius
1100 2364 1149 2407 et
1175 2360 1414 2409 salubrius
1443 2378 1755 2425 exequamur.
1788 2364 1911 2410 Sane

126 2449 382 2510 postquam
419 2443 547 2491 clare
586 2441 820 2491 memorie
855 2441 1185 2491 Ferdinandus
1225 2444 1285 2493 de
1324 2445 1567 2509 Aragonia
1600 2445 1760 2494 Sicilie
1794 2445 1912 2494 citra

128 2529 337 2577 Pharum
359 2542 459 2587 reX,
486 2526 609 2574 sicut
635 2527 736 2574 Deo
758 2524 954 2589 placuit,
986 2526 1130 2575 rebus
1151 2527 1239 2575 suit
1264 2527 1490 2577 humanis
1513 2533 1783 2593 exemptus,
1815 2531 1910 2577 Nos

128 2611 491 2662 considerantes
510 2608 639 2673 quod
656 2607 933 2656 carissimus
952 2608 1000 2655 in
1019 2609 1208 2657 Christo
1227 2610 1373 2669 filius,
1393 2611 1614 2660 videlicet
1633 2611 1910 2675 Alphonsus

128 2693 417 2744 Ferdinandi
447 2692 573 2757 regis
603 2691 971 2756 primogenitUS,
1004 2695 1119 2740 tunc
1151 2692 1368 2742 Calabrie
1396 2693 1510 2752 dux,
1540 2695 1602 2742 ad
1630 2710 1830 2758 presens
1862 2694 1909 2740 in

129 2779 255 2828 dicto
278 2793 428 2842 regno
450 2780 497 2824 et
518 2779 619 2824 tota
639 2779 765 2824 terra
785 2790 878 2838 que
904 2779 978 2823 est
1004 2774 1134 2823 circa
1156 2776 1383 2836 Pharum,
1408 2794 1501 2840 que
1524 2777 1582 2826 de
1599 2778 1706 2842 jure
1729 2783 1775 2827 et
1796 2793 1910 2843 pro-

128 2862 330 2927 prietate
352 2864 514 2909 sancte
537 2873 736 2908 romane
760 2858 972 2907 Ecclesie
999 2865 1284 2922 noscuntur,
1319 2878 1471 2926 usque
1499 2862 1560 2911 ad
1580 2843 1792 2911 confinia
1812 2866 1909 2909 ter-

128 2961 290 2994 rarum
321 2943 472 3009 ipsius
506 2942 739 3001 Ecclesie,
775 2946 977 3007 excepta
1009 2943 1197 2993 civitate
1233 2950 1398 2994 nostra
1430 2948 1766 2996 Beneventana
1799 2962 1907 2994 cum

130 3029 234 3092 ejus
268 3027 524 3086 territorio,
564 3025 858 3075 districtibus
895 3030 941 3074 et
967 3027 1291 3090 pertinentiis,
1334 3029 1423 3094 ipsi
1457 3029 1762 3078 Ferdinando
1786 3028 1903 3092 regi,

75 3119 78 3123 ’
127 3111 290 3175 vigore
322 3110 600 3160 investitura
633 3115 682 3159 et
713 3109 1046 3158 concessionis
1078 3127 1166 3175 per
1198 3112 1351 3161 felicis
1383 3113 1729 3162 recordationis
1763 3115 1907 3160 Inno-

129 3194 341 3243 centium
369 3209 542 3257 papam
571 3198 790 3243 octavum
820 3193 1220 3257 predecessorem
1247 3202 1467 3245 nostrum
1489 3197 1577 3245 sub
1598 3196 1741 3245 certis
1762 3195 1907 3243 modo

128 3284 174 3328 et
196 3279 350 3327 forma
369 3277 603 3325 factarum
625 3276 875 3337 successit,
902 3278 1124 3340 quodque
1145 3280 1517 3343 predecessores
1539 3280 1690 3328 nostri
1721 3276 1905 3327 romani

125 3361 397 3428 pontifices,
436 3358 547 3407 dicti
582 3358 717 3422 regni
745 3375 888 3423 reges
920 3360 1000 3423 qui
1036 3376 1124 3424 pro
1161 3367 1379 3427 tempore
1417 3363 1627 3420 fuerunt,
1666 3359 1830 3423 inungi
1861 3362 1906 3406 et

128 3444 348 3495 coronari
378 3444 536 3492 facere
564 3446 933 3500 consueverunt,
961 3458 1016 3490 ac
1042 3442 1346 3494 intendentes
1374 3450 1424 3494 ut
1451 3445 1606 3494 'dictus
1633 3444 1905 3506 Alphonsus
