2202 3900
212 351 304 394 [suin
329 354 420 393 1497]
618 352 786 390 RERUM
821 351 1126 397 URBANARUM
1160 350 1511 388 COMMENTARII.
1914 353 1985 388 387

208 456 424 504 omnium
452 455 765 504 cardinalium
785 455 866 519 qui
888 453 1226 512 interfuerunt,
1256 453 1385 501 nullo
1408 469 1458 500 se
1481 456 1758 516 opponente
1788 469 1873 500 scu
1896 454 1987 501 mi-

211 539 395 588 nimum
414 541 612 590 verbum
634 539 1013 600 contradicente,
1039 538 1301 588 infeudavit
1323 536 1560 586 illustrem
1580 536 1852 586 Johannem
1873 539 1989 585 Bor-

210 622 337 685 giam
359 624 418 672 de
436 625 692 689 Aragonia,
715 624 889 673 ducem
912 623 1111 683 Gandie,
1138 639 1176 671 s.
1200 639 1240 670 r.
1267 620 1482 669 Ecclesi'e
1511 620 1815 684 capitaneum
1838 637 1987 685 gene-

210 706 375 767 ralem,
410 707 562 756 filium
590 724 730 756 suum
766 707 1105 756 charissimum
1137 711 1184 755 et
1221 721 1390 754 omnes
1435 720 1744 752 successores
1782 720 1894 752 suos
1929 720 1988 752 ex

205 791 310 855 ejus
349 791 524 839 lumbis
564 792 916 841 descendentes
953 793 1194 841 masculos
1234 791 1478 855 legitimos
1512 791 1560 838 in
1598 795 1886 855 perpetuum
1921 789 1979 837 dc

207 871 334 921 dicto
361 873 538 923 ducatu
566 876 903 925 Beneventano
931 880 978 925 et
1005 876 1193 925 civitate
1224 874 1558 923 Terracinensi
1589 879 1636 923 et
1663 877 1982 932 Pontecurvo,

206 970 261 1003 ac
282 957 385 1020 ejus
407 960 452 1005 et
475 973 643 1006 eorum
673 959 981 1008 comitatibus
1010 960 1104 1008 sive
1130 959 1403 1018 territoriis,
1435 958 1538 1006 solo
1564 961 1705 1006 Rmo.
1740 957 1984 1006 cardinale

208 1040 409 1089 Senensi
442 1040 637 1090 viriliter
667 1045 713 1091 et
741 1043 957 1091 animose
991 1042 1269 1108 hujusmodi
1302 1041 1636 1090 investituram
1677 1046 1986 1105 oppugnante

210 1139 270 1172 ne
290 1122 448 1183 fieret,
474 1127 521 1173 et
541 1140 600 1173 ex
619 1124 846 1189 legitimis
881 1126 1148 1174 rationibus
1177 1142 1233 1174 ac
1261 1124 1628 1174 evidentissimis
1659 1124 1797 1173 dictis
1824 1130 1989 1173 votumv

210 1224 348 1256 suum
375 1209 691 1273 approbante,
722 1210 803 1274 qui
831 1213 993 1259 tamen
1022 1210 1152 1260 solus
1178 1210 1405 1259 resistere
1432 1225 1487 1258 ac
1508 1210 1688 1258 factum
1717 1209 1872 1273 ipsum
1898 1210 1987 1257 im·-

206 1292 374 1356 pedire
401 1308 499 1342 non
522 1293 678 1358 potuit
700 1294 781 1360 (1).
803 1295 1128 1343 Interfuerunt
1163 1298 1326 1342 autem
1357 1292 1646 1341 consistorio
1679 1292 1981 1356 hujusmodi,

209 1376 397 1426 sirecte
416 1376 633 1436 memini,
658 1378 825 1447 RRmi.
851 1379 950 1426 DD.
977 1377 1338 1441 Neapolitanus,
1355 1375 1598 1439 s.Angeli,
1623 1375 1981 1433 Ulixbonensis,

209 1461 570 1521 RecanatensiS,
596 1478 635 1510 s.
662 1461 907 1522 Praxedis,
933 1461 1153 1520 UrsinUS,
1178 1476 1216 1508 s·
1244 1459 1476 1525 Dionysii,
1502 1458 1873 1518 Alexandrinus,
1899 1462 1986 1508 Se-

206 1543 469 1608 gobiensiS,
493 1532 852 1610 Agrigentinus,
879 1545 1159 1601 Perusinus,
1180 1543 1476 1609 presbyteri,
1502 1542 1749 1602 Senensis,
1776 1543 1986 1591 51160(-

205 1626 287 1691 gii,
313 1628 551 1688 SabeIIuS,
577 1629 830 1690 Columna,
860 1630 1115 1689 AscaniuS,
1141 1614 1222 1694 qui
1242 1628 1391 1677 hodie
1415 1628 1625 1692 primum
1647 1630 1756 1691 post
1779 1626 1985 1674 infirmi-

206 1714 353 1760 tatem
381 1727 536 1772 suam,
563 1717 611 1761 et
632 1713 865 1774 studiose,
891 1713 952 1763 ob
970 1714 1096 1763 hanc
1127 1729 1341 1772 causam,
1370 1712 1431 1761 ad
1451 1711 1790 1761 consistorium
1820 1709 1948 1758 venit
1971 1724 1980 1770 ;

204 1793 262 1843 (16
284 1794 501 1854 Medicis,
526 1814 564 1865 s.
592 1796 824 1857 Severini,
854 1797 1154 1858 ValentinuS,
1189 1797 1464 1858 Cesarinus,
1497 1796 1772 1853 Grimanus,
1804 1798 1983 1845 Farne-

197 1877 301 1926 ‘sius
329 1883 377 1928 et
399 1879 590 1944 Borgia,
619 1880 811 1929 diaconi
838 1881 1123 1930 cardinales.

270 1961 408 2012 Feria
435 1963 619 2028 quinta,
644 1968 672 2013 8
694 1964 874 2014 mensis
889 1965 1032 2030 junii,
1058 1965 1144 2014 fuit
1166 1965 1507 2014 consistorium
1540 1968 1784 2014 secretum
1810 1964 1860 2012 in
1886 1980 1980 2029 quo

203 2049 287 2096 SS.
314 2048 370 2096 D.
395 2047 452 2096 N.
477 2047 736 2112 publicavit
763 2048 824 2115 (2)
849 2049 1064 2112 legatum
1095 2049 1153 2097 de
1182 2049 1334 2097 latere
1370 2051 1562 2096 Rmum.
1595 2050 1653 2096 D.
1686 2047 1980 2098 cardinalem

200 2131 512 2180 Valentinum
532 2131 593 2181 ad
619 2131 951 2197 inungendum
973 2137 1020 2182 et
1045 2133 1376 2182 coronandum
1405 2132 1770 2180 serenissimum
1796 2134 1850 2179 D.
1881 2132 1974 2180 Fe-

198 2212 417 2263 dericum
454 2214 513 2264 de
546 2215 805 2280 Aragonia,
850 2215 1010 2265 Sicilie
1047 2232 1233 2281 regem,
1270 2217 1352 2280 qui
1388 2216 1477 2265 suit
1510 2215 1560 2263 in
1595 2214 1885 2264 consistorio
1921 2217 1979 2265 ab

198 2296 422 2346 omnibus
450 2297 774 2348 cardinalibus
800 2300 1107 2365 presentibus
1135 2314 1288 2364 usque
1311 2300 1372 2349 ad
1393 2315 1639 2349 cameram
1662 2315 1816 2358 suam,
1842 2315 1978 2348 more

198 2382 359 2443 solito,
381 2380 664 2434 associatus·

263 2465 402 2515 Feria
427 2470 612 2531 quarta,
649 2468 707 2514 14
734 2468 916 2516 mensis
942 2467 1085 2532 junii,
1116 2471 1279 2516 Rmus.
1314 2470 1370 2515 D.
1404 2467 1660 2515 cardinalis
1692 2466 1978 2526 Valentinus

197 2552 245 2598 et
266 2546 463 2598 illustris
483 2548 540 2598 D.
564 2550 808 2600 lohannes
830 2551 1006 2615 Borgia
1023 2552 1082 2600 de
1104 2551 1363 2616 Aragonia,
1397 2551 1580 2599 Gandie
1609 2550 1720 2610 dux,
1751 2549 1978 2616 princeps

197 2648 235 2680 s.
262 2648 300 2681 r.
325 2631 555 2693 Ecclesie,
594 2633 811 2698 gentium
838 2650 1082 2684 armorum
1109 2634 1673 2699 capitaneusgeneraliS,
1707 2636 1790 2683 SS.
1825 2638 1882 2682 D.
1917 2633 1972 2683 N.

194 2730 317 2781 pape
346 2714 430 2766 filii
461 2714 750 2779 charissimi,
785 2718 1007 2768 fecerunt
1034 2735 1205 2768 cenam
1234 2719 1283 2766 in
1313 2718 1457 2766 domo
1485 2718 1681 2767 domine
1708 2718 1972 2779 Vannosie,

240 2869 273 2908 1,
301 2870 607 2909 L’ambassadeur
625 2872 834 2922 d'Espagne
848 2872 985 2922 joignit
1005 2885 1064 2911 ses
1084 2872 1378 2922 protestationsa
1398 2871 1506 2909 celles
1521 2871 1570 2908 du
1586 2870 1745 2908 cardinal
1759 2872 1803 2909 de
1819 2871 1974 2917 Sienne;

194 2929 285 2967 mais
303 2930 337 2968 16
366 2943 458 2981 pape
483 2943 597 2980 passa
625 2936 740 2970 outre.
773 2933 880 2983 (Voy.
911 2933 1048 2980 Surita,
1070 2937 1095 2970 t.
1118 2934 1163 2980 V,
1186 2933 1246 2971 liv.
1278 2934 1339 2980 III,
1361 2933 1466 2981 chap.
1489 2935 1540 2979 v).
1571 2933 1761 2978 Pomtant,
1783 2933 1902 2970 moins
1932 2934 1976 2970 de

193 2987 289 3025 deux
321 3001 389 3027 ans
421 2993 542 3039 apres,
570 2990 776 3029 Alexandra
800 2992 864 3039 VI,
896 3004 959 3029 sur
990 2991 1042 3030 les
1075 2997 1288 3042 pressantes
1322 2992 1574 3029 observations
1608 2993 1657 3028 du
1689 2997 1976 3041 gouvcrncment

194 3047 384 3096 espagnol,
407 3049 524 3087 revint
545 3060 608 3087 sur
627 3063 668 3089 sa
688 3051 850 3089 decision
874 3065 882 3090 :
937 3090 943 3095 ,

1185 3136 1202 3155 «
1225 3120 1289 3158 Die
1309 3121 1356 3158 20
1374 3118 1494 3158 martii
1516 3120 1619 3157 1499.

242 3199 258 3216 υ
283 3183 324 3220 S.
347 3182 392 3222 D.
415 3189 554 3234 noster,
578 3198 643 3235 pro
670 3200 738 3226 suo
759 3189 934 3238 pastorali
960 3190 1079 3228 osticio
1099 3204 1142 3228 ac
1167 3192 1275 3229 etiam
1294 3192 1602 3230 intercedentibus
1624 3191 1808 3230 Sereniss.
1834 3204 1918 3241 roge
1938 3199 1974 3230 ct

195 3241 321 3291 regina
344 3242 614 3292 Hispaniarum,
644 3246 802 3287 restituit
829 3250 868 3288 S.
897 3251 942 3288 R.
972 3251 1011 3288 E.
1041 3250 1231 3288 Civitatem
1257 3252 1567 3296 Beneventanum,
1589 3263 1668 3287 cuin
1696 3251 1779 3288 olim
1803 3264 1881 3288 eain
1909 3253 1969 3288 (10-

194 3300 311 3338 disset
329 3300 476 3339 domino
494 3303 626 3340 Joanni
647 3305 794 3354 Borgie,
815 3308 890 3346 filio
911 3321 978 3346 suo
998 3313 1034 3346 et
1052 3310 1131 3358 ejus
1154 3311 1444 3348 successoribus.
1469 3325 1487 3346 n
1512 3313 1673 3358 (Dect-cm
1695 3313 1971 3348 Consistorialia

193 3362 239 3397 ab
259 3363 473 3400 Aleoeandro
498 3365 547 3401 VI
564 3375 676 3412 usque
697 3368 745 3403 ad
767 3367 953 3405 Urlamum
986 3371 1079 3407 ΠΗ.
1104 3370 1197 3408 Bibl.
1222 3374 1312 3417 nat.‚
1341 3370 1385 3406 de
1412 3370 1529 3416 Paris,
1560 3371 1615 3407 fds
1635 3370 1696 3408 lat.
1726 3383 1815 3409 mss.
1842 3372 1970 3409 12555.

194 3420 255 3459 1“οΙ.
280 3422 337 3460 10.
360 3423 410 3469 v.)

239 3482 275 3517 2.
306 3497 323 3515 «
347 3480 912 3534 Cardinalibus'repugnantibus
934 3504 967 3533 υ,
990 3487 1042 3525 dit
1062 3489 1216 3535 Sanum,
1238 3489 1373 3535 Marii,
1396 3494 1421 3527 t.
1446 3490 1472 3534 1,
1495 3490 1562 3527 ccl.
1585 3492 1667 3527 650.
