2248 3906
303 335 372 370 422
909 332 1142 369 ιΙΟΗΑΝΝΙΞ
1176 331 1467 370 BURCHARDI.
1751 333 1956 372 [Decembre
1976 337 2073 375 1498]

307 436 503 500 politani
528 439 573 484 et
595 439 757 483 orator
775 438 1090 493 Venetorum,
1115 435 1257 482 simul
1283 439 1384 482 tum
1411 433 1581 496 prelati
1605 448 1664 481 ex
1684 432 1866 482 familia
1888 437 2071 485 RRmo-

307 535 428 567 rum.
454 522 555 567 DD.
582 517 791 573 Ascanii,
815 534 852 564 S.
879 517 1110 575 Severini,
1137 520 1183 562 et
1205 515 1444 564 Valentini
1476 515 1806 574 cardinalium,
1830 516 1928 563 bini
1953 517 2066 578 bini,

304 602 470 650 ordine
502 605 752 648 consueto.
789 599 1025 661 Equitavit
1058 598 1213 661 primo
1253 596 1314 644 ad
1353 600 1529 661 Papam
1563 598 1734 646 deinde
1771 598 1830 645 ad
1862 602 2066 647 RRmos.

303 684 543 746 Borgiam,
569 681 960 738 Alexandrinum,
987 680 1375 742 Segobriensem,
1397 680 1780 744 Agrigentinum,
1803 682 2071 744 Neapolita-

300 782 439 825 num,
475 782 513 812 s.
551 764 715 812 Crucis
755 767 802 811 et
834 763 1252 811 Rechanatensem
1282 780 1291 810 ε
1321 763 1606 813 Valentinus
1642 764 1882 812 excusavit
1914 781 1990 825 se,
2026 783 2065 815 s.

302 847 527 896 Praxedis
543 863 640 895 non
662 851 764 894 erat
780 846 829 892 in
847 845 1041 909 palatio,
1061 846 1317 894 Perusinus
1339 851 1440 894 erat
1455 862 1565 894 cum
1584 849 1730 910 Papa,
1752 863 1790 894 S.
1809 847 2068 899 Clementis

299 947 394 979 non
418 935 520 979 erat
539 931 588 977 in
609 930 772 988 domo,
798 945 836 976 s.
864 929 1055 992 Georgii
1078 945 1173 976 non
1196 929 1344 977 voluit
1362 929 1558 977 visitari.

368 1014 575 1061 Sabbato
595 1012 829 1076 sequenti,
853 1012 1054 1060 visitavit
1075 1012 1193 1060 alios
1216 1013 1484 1061 cardinales
1507 1013 1727 1077 privatim
1749 1014 1797 1061 in
1818 1014 2063 1074 mantello,

298 1097 477 1159 absque
503 1097 731 1144 societate
759 1095 1023 1143 forensium
1052 1100 1098 1144 et
1119 1095 1413 1158 prelatorum
1445 1096 1524 1159 qui
1555 1112 1724 1145 omnes
1752 1101 1886 1145 erant
1913 1097 2067 1161 impe-

300 1179 406 1238 diti3
428 1184 475 1227 et
493 1179 725 1227 familiam
741 1179 864 1226 Rmi.
878 1178 1067 1226 Ascanii
1091 1178 1171 1241 qui
1191 1183 1292 1227 erat
1308 1178 1400 1226 alio
1417 1179 1569 1227 iturus
1583 1180 1764 1228 habere
1778 1196 1876 1228 non
1894 1181 2063 1244 potuit.

366 1262 619 1310 Dominica
646 1266 815 1325 quarta
848 1261 1103 1320 adventus,
1139 1265 1196 1308 24
1226 1261 1338 1309 dicti
1375 1262 1556 1310 mensis
1584 1263 1879 1322 decembriS,
1911 1263 2070 1326 vigilia

300 1345 553 1393 nativitatis
583 1348 640 1393 D.
678 1348 734 1393 N.
769 1349 881 1392 Jesu
922 1343 1115 1403 Christi,
1151 1359 1249 1390 non
1286 1343 1372 1390 fuit
1403 1344 1552 1391 missa
1586 1344 1767 1407 papalis
1803 1344 1852 1391 in
1886 1345 2070 1408 capella

299 1430 482 1492 majore
503 1428 682 1492 palatii,
709 1429 794 1475 sed
820 1428 868 1474 in
894 1428 1077 1490 majore
1100 1426 1357 1486 ordinaria,
1383 1442 1517 1474 more
1547 1427 1705 1475 solito.
1732 1429 1785 1474 In
1816 1443 1940 1488 sero,
1964 1428 2068 1476 fue-

300 1518 411 1561 runt
436 1528 633 1576 vespere
663 1512 902 1559 solemnes
932 1509 1234 1574 pontificales
1263 1509 1311 1556 in
1339 1509 1537 1558 basilica
1565 1526 1604 1557 s.
1638 1510 1783 1569 Petri,
1808 1513 1934 1574 Papa
1963 1526 2067 1574 prc-

299 1601 453 1654 sente,
472 1595 682 1644 crastino
704 1594 1021 1651 celebraturo,
1041 1592 1320 1640 solemniter
1338 1592 1549 1641 officium
1564 1597 1853 1656 peragente:
1872 1594 2064 1657 incepto

296 1680 452 1743 primo
480 1679 682 1742 psalmo,
710 1677 821 1725 fecit
843 1675 1146 1723 assistentem
1178 1690 1318 1722 suum
1352 1678 1407 1722 R.
1432 1659 1483 1721 in
1516 1674 1705 1723 Christo
1734 1678 1786 1722 P.
1820 1678 1876 1722 D.
1905 1676 2066 1723 Ferdi-

297 1763 526 1821 nandum,
552 1762 831 1825 episcopum
866 1760 1177 1822 Septensem;
1208 1757 1301 1804 alia
1327 1762 1438 1804 sunt
1462 1747 1714 1805 observata
1739 1772 1874 1806 more
1902 1758 2060 1806 solito.

296 1849 348 1893 In
371 1849 531 1903 nocte,
557 1843 683 1891 circa
711 1843 881 1889 horam
903 1840 1157 1899 decimam,
1182 1840 1372 1903 incepte
1401 1844 1511 1887 sunt
1541 1839 1774 1888 matutine
1803 1840 1851 1887 in
1881 1841 2066 1904 capella

298 1929 481 1992 majore
502 1926 732 1990 predicta,
758 1927 886 1988 Papa
908 1924 1105 1972 absente
1132 1939 1142 1971 ε
1163 1923 1276 1971 fecit
1299 1922 1514 1971 officium
1536 1925 1702 1970 Rmus.
1728 1926 1785 1971 D.
1811 1924 2065 1972 cardinalis

294 2008 635 2073 Agrigentinus
658 2007 737 2070 qui
758 2007 963 2070 primam
985 2005 1182 2053 missam
1204 2005 1477 2064 celebravit,
1503 2006 1764 2054 secundam
1786 2008 1843 2054 Ι).
1869 2006 2067 2054 Ludovi—

297 2108 400 2151 cus,
437 2091 692 2154 episcopus
729 2088 1087 2148 Cabellicensis,
1118 2089 1328 2152 prelatus
1354 2074 1535 2152 palatii,
1565 2088 1759 2137 nemine
1790 2089 1926 2151 quasi
1958 2103 2066 2152 pre-

297 2179 449 2234 sente,
474 2178 525 2222 ut
552 2174 699 2222 moris
722 2177 794 2222 est
819 2190 828 2221 :
853 2173 1006 2236 prime
1034 2176 1196 2220 autem
1224 2172 1370 2220 misse
1398 2176 1445 2219 et
1469 2172 1716 2220 matutinis
1744 2171 2063 2222 interfuerunt

296 2258 461 2305 RRmi.
497 2257 596 2305 DD.
635 2273 674 2304 S.
706 2258 948 2315 Praxedis,
982 2256 1350 2314 Alexandrinus,
1381 2272 1420 2303 S.
1455 2254 1640 2314 Crucis,
1675 2254 1950 2314 Perusinus,
1981 2257 2063 2303 Se-

299 2342 480 2400 nensis,
511 2357 550 2388 S.
584 2339 775 2403 Georgii
803 2344 850 2388 et
871 2340 928 2387 de
956 2339 1153 2387 Medicis
1182 2338 1448 2387 cardinales
1469 2344 1517 2388 et
1540 2340 1848 2403 quamplures
1872 2338 2058 2402 prelati.

911 2604 1443 2652 MCCCCLXXXXVIII.

359 2762 497 2806 Anno
520 2775 546 2807 a
567 2758 810 2807 nativitate
834 2757 1024 2805 Domini
1046 2758 1559 2806 MCCCCLXXXXVIII
1585 2757 1660 2804 die
1686 2757 1817 2817 lune,
1843 2761 1902 2806 25
1925 2772 2061 2805 men-

296 2843 360 2889 sis
383 2842 675 2900 decembris,
700 2841 823 2889 festo
845 2840 1101 2888 nativitatis
1124 2843 1180 2887 D.
1207 2839 1451 2887 salvatoris
1472 2840 1642 2897 nostri,
1674 2842 1756 2888 SS.
1788 2842 1844 2887 D.
1874 2844 2056 2899 noster,

292 2928 485 2987 paratus
507 2939 641 2970 more
670 2923 827 2981 solito,
852 2922 1100 2970 descendit
1127 2921 1187 2968 ad
1208 2921 1452 2968 basilicam
1475 2937 1513 2968 S.
1545 2921 1673 2968 Petri
1696 2921 1775 2968 ubi
1803 2921 2061 2970 celebravit

224 2991 231 2994 .
292 3007 488 3054 missam
519 3005 786 3053 solemnem
813 3020 822 3052 :
848 3007 1013 3051 Rmus,
1046 3007 1103 3052 D.
1138 3003 1392 3052 cardinalis
1424 3004 1766 3066 Neapolitanus
1798 3004 1885 3052 fuit
1915 3004 2060 3052 assis-

293 3095 417 3148 tens,
447 3092 612 3136 Rmus.
643 3090 699 3135 D.
731 3086 986 3134 cardinalis
1015 3087 1242 3134 Senensis
1272 3086 1388 3133 dixit
1418 3086 1718 3149 evangelium
1747 3087 1966 3147 latinum,
1997 3090 2054 3136 D.

291 3175 332 3221 V
336 3172 497 3219 asinus
519 3170 759 3218 Gambara
779 3169 1030 3233 epistolam
1051 3169 1265 3229 latinam,
1295 3172 1349 3216 R.
1377 3169 1426 3216 in
1447 3169 1632 3217 Christo
1656 3172 1706 3217 P.
1734 3172 1790 3217 D.
1822 3170 2058 3233 Georgius

291 3253 579 3311 Alexander,
608 3253 861 3316 episcopus
882 3251 1206 3309 Arcadiensis,
1232 3251 1529 3314 evangelium
1554 3267 1769 3314 grecum,
1796 3255 1852 3301 D.
1882 3255 2059 3301 Deme-

292 3337 409 3384 trius
443 3336 694 3399 epistolam
727 3350 939 3398 grecam.
977 3335 1184 3383 Primam
1215 3350 1389 3398 aquam
1419 3334 1549 3382 dedit
1582 3335 1802 3383 manibus
1837 3338 1963 3399 Pape
1997 3337 2052 3383 D.

292 3420 611 3483 Hieronymus
648 3421 880 3476 DonatuS,
920 3422 1079 3466 orator
1114 3418 1311 3466 dominii
1349 3421 1664 3476 Venetorum,
1701 3417 1962 3466 secundam
1997 3419 2053 3465 D.
