2216 3886
328 350 397 386 444
927 347 1159 382 „IOHANNIS
1194 346 1486 390 BURCHARDI,
1873 349 1978 389 [Avril
2002 347 2105 386 1498l

332 453 560 511 gnoverat
578 448 723 496 excisi
743 448 953 505 fuerunt,
971 447 1019 493 in
1041 449 1272 509 Campum
1294 446 1430 493 Flore
1453 445 1582 494 ducti
1611 451 1720 494 sunt
1744 453 1790 495 et
1810 448 1987 498 ibidem
2008 450 2102 498 duo

325 530 538 579 latrones
561 531 797 593 suspensi.
822 532 1014 576 Maurus
1038 543 1145 575 vero
1172 543 1316 589 super
1337 528 1529 575 cumulo
1546 528 1786 592 lignorum
1807 528 2008 593 positus,
2025 528 2093 582 'ad

329 613 601 660 columnam
623 611 819 674 patibuli
845 614 1042 658 necatus
1065 613 1154 667 est,
1184 610 1331 657 corda
1352 611 1410 657 ad
1432 610 1608 658 collum
1631 611 1719 658 sibi
1740 612 1896 675 posita
1917 617 1964 661 et
1989 619 2096 677 post

328 695 603 741 columnam
631 693 802 741 baculo
830 692 951 740 bene
979 697 1026 739 et
1052 692 1239 740 fortiter
1262 698 1400 751 torta,
1431 709 1635 742 accenso
1665 695 1857 743 cumulo
1889 700 1939 744 ut
1966 711 2099 744 com-

330 778 599 835 bureretur,
623 776 752 838 quod
777 775 882 824 fieri
902 791 999 822 non
1021 776 1173 838 potuit
1199 779 1395 839 propter
1417 776 1622 839 pluviam
1651 777 2092 840 supervenientem;

329 861 521 908 fuerunt
556 859 745 906 tandem
774 859 879 922 ejus
908 874 1047 906 crura
1076 858 1325 906 combusta
1355 863 1581 922 tanquam
1609 859 1707 922 igni
1738 860 2095 923 propinquiora.

391 946 491 989 Hoc
517 957 658 988 mane
680 941 872 988 fuerunt
893 941 1069 988 mitrati
1095 957 1179 988 sex
1199 940 1276 988 alii
1297 941 1460 989 rustici
1484 941 1564 1004 qui
1594 942 1753 989 oleum
1780 942 1986 991 vendere
2015 960 2102 1007 per

326 1025 503 1073 Urbem
532 1023 750 1070 solebant
780 1026 825 1070 et
853 1038 940 1084 per
964 1022 1141 1070 Urbem
1171 1022 1378 1086 fustigati
1409 1040 1468 1071 ex
1502 1039 1559 1072 eo
1591 1024 1719 1087 quod
1747 1025 1996 1074 dicebatur
2021 1044 2101 1076 re-

322 1114 461 1172 cepto
491 1106 646 1170 pretio
678 1121 704 1152 a
732 1105 1018 1168 quibusdam
1047 1106 1217 1153 morbo
1246 1106 1417 1169 gallico
1446 1112 1721 1171 nuncupato
1749 1108 2095 1170 laborantibus,

325 1191 405 1254 qui
425 1190 616 1238 illorum
636 1189 743 1236 oleo
764 1187 876 1235 tinis
894 1188 1119 1251 imposito
1139 1193 1185 1237 et
1207 1189 1427 1249 balneati,
1450 1190 1508 1237 ab
1526 1190 1804 1254 hujusmodi
1824 1192 2099 1242 infirmitate

321 1289 371 1321 se
398 1274 575 1321 liberos
604 1271 805 1320 evadere
835 1271 1110 1335 sperabant,
1133 1271 1179 1318 in
1209 1272 1488 1336 hujusmodi
1520 1274 1659 1322 tineis
1684 1274 1791 1322 oleo
1823 1275 1976 1339 plenis
1996 1277 2099 1325 bal-

322 1357 455 1404 neari
483 1356 826 1419 permiserant3
858 1358 905 1402 et
934 1353 1106 1402 balneo
1134 1354 1286 1414 finito,
1318 1356 1477 1404 oleum
1508 1356 1554 1403 in
1582 1357 1704 1404 vasis
1737 1358 1834 1406 suis
1867 1374 2098 1422 reposue-

326 1444 437 1487 runt
466 1443 511 1487 et
540 1454 625 1502 pro
653 1438 781 1486 bono
809 1440 855 1485 et
881 1437 1059 1484 mundo
1088 1437 1191 1484 aliis
1220 1453 1354 1485 more
1383 1439 1521 1486 solito
1549 1447 1645 1502 per'
1666 1440 1842 1488 Urbem
1871 1442 2098 1490 vendide-

330 1527 454 1571 runt.
927 1528 933 1531 ”

394 1605 647 1653 Dominica
681 1608 815 1652 sexta
854 1603 1246 1666 quadragesime,
1285 1605 1557 1653 Palmarum
1592 1610 1889 1669 nuncupata,
1926 1609 1953 1652 8
1989 1605 2102 1652 dicti

325 1688 505 1736 mensis
539 1688 718 1750 aprilis,
744 1688 828 1735 SS.
851 1689 907 1734 D.
933 1691 1100 1734 noster
1125 1687 1370 1734 benedixit
1396 1692 1442 1736 et
1467 1689 1707 1747 distribuit
1737 1689 1919 1751 palmas
1945 1687 1993 1734 in
2024 1703 2104 1735 ca-

327 1771 455 1835 pella
485 1771 686 1833 majore,
717 1785 851 1817 more
886 1769 1024 1816 solito
1056 1784 1065 1815 :
1098 1768 1228 1815 dedit
1256 1769 1477 1816 omnibus
1510 1771 1693 1833 palmas
1725 1787 1752 1817 a
1782 1770 2103 1818 cardinalibus

322 1869 475 1916 usque
520 1852 580 1900 ad
624 1852 880 1915 magistros
923 1851 1307 1908 ceremoniarum
1351 1852 1608 1912 inclusive3
1651 1854 1754 1901 aliis
1795 1855 2102 1917 sequentibus

327 1952 488 1984 ramos
521 1936 766 1983 olivarum.
801 1937 946 1982 Facta
976 1933 1330 1993 distributione,
1362 1938 1523 1983 orator
1555 1937 1940 1985 Florentinorum
1973 1937 2103 1986 dedit

329 2034 502 2082 aquam
533 2018 756 2066 manibus
787 2020 931 2080 Pape.
965 2016 1152 2063 Palmas
1184 2019 1309 2079 Pape
1346 2022 1615 2079 tenuerunt,
1649 2020 1686 2066 si
1721 2025 1850 2067 recte
1883 2020 2097 2079 memini,

330 2106 525 2148 senator
545 2105 594 2148 et
613 2100 795 2163 primus
818 2104 1124 2148 conservator
1144 2116 1334 2148 camere
1357 2101 1513 2149 Urbis.
1540 2102 1779 2150 Diaconus
1809 2102 1989 2165 capelle
2013 2102 2100 2149 sub

329 2199 443 2232 voce
478 2183 690 2247 episcopi
719 2181 805 2242 (1),
830 2198 939 2231 cum
974 2183 1158 2229 duobus
1194 2183 1410 2245 ejusdem
1442 2184 1623 2247 capelle.
1663 2186 1954 2243 cantoribus,
1985 2185 2100 2232 dixit

328 2267 630 2330 passionem3
665 2268 829 2312 Rmus.
865 2267 920 2312 D.
953 2265 1207 2313 cardinalis
1237 2266 1576 2330 Agrigentinus
1611 2267 1867 2315 celebravit
1902 2268 2098 2315 missam

326 2348 585 2412 publicam,
608 2352 653 2396 et
673 2347 766 2395 alia
785 2363 921 2395 more
945 2348 1100 2395 solito.

388 2431 528 2478 Feria
559 2431 717 2489 tertia,
759 2434 815 2477 10
847 2430 958 2477 dicti
989 2432 1168 2478 mensis
1199 2432 1378 2495 aprilis,
1415 2438 1646 2481 venerunt
1678 2449 1800 2481 nova
1832 2434 1892 2481 ad
1923 2435 2100 2482 Urbem

326 2514 454 2577 quod
484 2514 560 2562 die
594 2513 778 2561 sabbati
810 2513 1028 2576 proxime
1061 2515 1274 2576 preteriti
1307 2531 1399 2578 que
1428 2516 1516 2564 suit
1548 2521 1572 2563 7
1603 2517 1764 2580 hujus,
1797 2521 1991 2580 paratus
2016 2517 2100 2565 fuit

323 2597 448 2659 ignis
470 2612 556 2660 pro
579 2597 972 2645 corroboratione
994 2597 1054 2662 (2)
1075 2603 1122 2646 et
1148 2598 1327 2661 judicio
1361 2599 1695 2647 verificationis
1722 2604 1959 2648 certarum
1984 2616 2100 2648 con-

326 2680 597 2728 clusionum
624 2679 785 2726 fratris
808 2680 1086 2744 Hieronymi
1112 2681 1398 2729 Savonarole
1421 2681 1479 2729 de
1508 2683 1742 2740 Ferraria,
1767 2683 1927 2730 vicarii
1950 2699 2099 2746 gene-

325 2763 435 2810 ralis
483 2762 871 2825 congregationis
914 2766 1175 2810 conventus
1223 2780 1260 2810 s.
1301 2764 1448 2811 Marci
1492 2765 1876 2813 Florentinorum
1919 2765 2098 2812 ordinis

325 2845 702 2907 predicatorum,
735 2844 783 2890 in
815 2844 972 2907 platea
1002 2845 1276 2908 principalis
1312 2846 1512 2893 civitatis
1550 2847 1806 2903 Florentie‚
1833 2847 1967 2910 juxta
1999 2847 2099 2894 ins-

327 2925 615 2972 tructionem
650 2930 892 2973 certorum
922 2927 1121 2973 fratrum
1151 2927 1230 2989 qui
1262 2927 1321 2974 ad
1350 2927 1444 2975 hoc
1475 2943 1525 2976 se
1557 2928 1850 2989 obtulerant3
1883 2929 1967 2977 sed
1997 2945 2097 2978 rem

329 3008 566 3055 mansisse
588 3007 831 3055 infectam.
859 3011 1004 3056 Casus
1023 3008 1109 3056 fuit
1133 3025 1142 3055 :

393 3092 558 3138 Frater
590 3090 907 3154 Hieronymus
935 3090 1192 3153 predictus,
1225 3091 1304 3154 qui
1333 3091 1391 3139 ab
1422 3092 1623 3140 adventu
1655 3094 1809 3142 Caroli
1834 3097 1937 3143 VIII
1970 3095 2096 3158 regis

330 3175 621 3221 Francorum
649 3173 697 3220 in
729 3173 912 3221 Italiam
941 3173 989 3220 in
1011 3173 1198 3223 civitate
1220 3174 1459 3222 Florentie
1487 3176 1636 3223 multa
1667 3177 1901 3224 mendosa
1921 3181 1968 3226 et
1988 3177 2101 3225 ficta

378 3321 411 3355 1.
436 3335 453 3352 «
475 3320 547 3355 Sub
567 3331 647 3356 voce
668 3320 804 3356 Christi
824 3335 859 3365 »,
880 3332 969 3358 mss.
990 3321 1098 3365 5162,
1119 3319 1179 3358 fol.

375 3379 410 3415 2.
440 3379 538 3414 Dans
561 3378 590 3414 le
614 3391 698 3415 sens
719 3380 762 3415 de
784 3391 932 3426 preuve.
957 3379 1004 3415 Ce
1032 3383 1105 3416 mot
1124 3390 1145 3414 a
1165 3382 1220 3415 cte
1246 3379 1448 3425 egalement
1475 3381 1638 3429 einploy(¹
1659 3393 1725 3429 par
1745 3383 1987 3420 Guicciardini
2010 3395 2096 3420 avec

330 3436 363 3472 la
387 3440 499 3473 meme
522 3437 774 3483 signification.
