2216 3886
274 318 342 353 Δπμ
887 293 1117 349 ,ibamus
1153 311 1446 356 eunomiam,
1823 317 1931 356 [um-s
1949 319 2042 360 1498]

276 420 458 467 mensis
486 418 662 477 martii,
689 419 772 464 SS.
799 419 855 464 D.
880 420 1062 469 noster,
1086 418 1340 476 antequam
1364 413 1514 461 exiret
1545 414 1605 461 ad
1632 429 1873 464 cameram
1895 433 2043 482 papa-

276 502 387 565 galli
411 502 525 549 fecit
546 501 865 548 consistorum
890 502 1146 555 secretum,
1170 497 1217 542 in
1239 510 1334 557 quo
1356 495 1558 558 providit
1583 497 1785 546 ecclesie
1811 502 2041 548 Januensi

277 587 335 634 de
366 598 574 647 persona
607 585 661 628 R.
698 584 749 627 P.
784 583 839 626 D.
873 579 1104 626 Johannis
1137 577 1284 625 Marie
1318 577 1490 625 Sfortie
1522 581 1855 642 protonotarii,
1886 582 2046 630 fratris

276 666 505 715 naturalis
528 664 649 711 Rmi.
677 666 733 710 D.
759 661 1013 729 cardinalis
1042 660 1231 708 Ascanii
1254 664 1301 708 et
1328 661 1531 710 ecclesie
1553 663 1826 726 Adjacensi,
1852 680 1942 728 que
1964 682 2051 729 per

276 751 460 797 obitum
482 745 737 794 cardinalis
758 743 1011 791 Januensis
1037 744 1242 807 pastoris
1273 744 1441 791 solatio
1464 744 1690 794 destituta
1713 751 1832 806 crat,
1858 747 1916 795 de
1938 764 2051 811 per-

276 848 394 881 sona
430 829 587 878 fratris
631 831 685 875 D.
725 827 930 890 Philippi
971 826 1192 884 Gentilis,
1227 827 1416 890 nepotis
1457 828 1579 875 Rmi.
1618 832 1676 876 D.
1713 830 1968 878 cardinalis
2008 848 2047 880 s.

276 914 520 971 Praxedis,
545 912 625 975 qui
652 911 794 958 ambo
822 909 1089 958 cardinales
1121 909 1246 957 dicto
1277 910 1563 959 consistorio
1591 927 1688 958 non
1708 912 2046 962 interfuerunt.

278 997 584 1046 promotione
626 993 905 1057 hujusmodi
946 993 1090 1051 facta,
1129 994 1212 1039 SS.
1251 995 1307 1040 D.
1341 998 1507 1041 noster
1543 995 1672 1043 venit
1711 995 1772 1043 ad
1810 1011 2050 1045 cameram

276 1079 532 1146 papagalli,
550 1078 734 1141 accepit
755 1081 1037 1140 paramenta
1058 1080 1103 1123 et
1124 1075 1368 1123 benedixit
1391 1092 1575 1139 rogam,
1599 1093 1733 1126 more
1754 1079 1911 1127 solito.
1931 1082 2054 1128 Inte-

277 1165 364 1212 rim
386 1166 619 1211 venerunt
641 1160 753 1208 dicti
777 1160 869 1207 duo
892 1159 1156 1207 cardinales
1178 1159 1237 1206 ad
1259 1174 1503 1207 cameram
1524 1161 1791 1224 predictam
1813 1166 1876 1220 et,
1901 1162 2052 1211 bene-

275 1250 402 1296 dicta
428 1263 546 1311 roga
573 1263 660 1311 per
690 1246 987 1310 pontificem,
1020 1250 1329 1294 accesserunt
1359 1246 1419 1294 ad
1453 1261 1564 1293 eum
1597 1245 1740 1293 ambo
1774 1245 1865 1309 ipsi
1895 1245 2051 1294 cardi-

274 1332 432 1384 nales.
469 1335 516 1378 et
561 1329 801 1393 genuflexi
838 1328 1039 1376 osculati
1082 1333 1190 1376 sunt
1229 1329 1402 1392 pedem
1443 1331 1594 1392 Pape,
1629 1328 2051 1377 vicecancellarius

276 1415 450 1478 primo,
483 1413 655 1461 deinde
690 1429 727 1459 s.
765 1411 993 1460 Praxedis
1025 1428 1112 1475 pro
1145 1411 1423 1476 hujusmodi
1458 1411 1761 1474 promotione
1803 1410 2049 1459 Sanctitati

277 1513 360 1545 sue
389 1511 474 1560 pro
505 1511 672 1544 eorum
703 1494 956 1557 nepotibus
988 1494 1165 1557 gratias
1195 1498 1412 1557 agenteS,
1439 1493 1736 1557 subjungens
1759 1509 1797 1540 s.
1825 1493 2050 1541 Praxedis

278 1580 407 1643 quod
444 1578 635 1626 nolebat
678 1577 858 1624 dictum
902 1593 1041 1624 suum
1080 1581 1308 1640 nepotem
1342 1577 1402 1624 ad
1442 1576 1698 1624 ecclesiam
1732 1576 2050 1639 AdJ'acensem

278 1662 548 1725 promoveri
578 1660 662 1708 sed
690 1660 979 1723 Philippum,
1006 1660 1109 1723 ejus
1137 1659 1353 1719 fratrem,
1379 1660 1428 1706 in
1454 1658 1685 1722 vigesima
1714 1662 1882 1721 quarto
1912 1660 2051 1708 etatis

280 1761 364 1792 sue
396 1759 522 1791 anno
551 1743 889 1801 constitutum;
921 1748 968 1790 et
994 1747 1249 1806 propterea
1279 1742 1514 1790 Sanctitas
1547 1757 1630 1789 sua
1656 1742 1855 1791 mutavit
1880 1742 2052 1806 hujus-

277 1828 407 1874 modi
429 1827 785 1890 promotionem
805 1826 862 1873 de
884 1841 1092 1889 persona
1110 1825 1319 1889 promoti
1338 1825 1384 1872 in
1405 1840 1661 1888 personam
1683 1826 1794 1873 dicti
1825 1825 2047 1889 Philippi.

279 1910 581 1958 Deosculatio
600 1909 736 1973 pedis
759 1908 989 1972 predicta,
1014 1913 1065 1955 ut
1084 1908 1394 1972 premittitur,
1419 1908 1544 1956 facta
1563 1924 1650 1972 per
1670 1909 1934 1957 cardinales
1952 1908 2052 1959 visa

275 1999 347 2041 est
374 1994 492 2041 mihi
517 2009 639 2041 nova
666 1998 711 2041 et
739 1991 1100 2050 inconveniens,
1130 2007 1239 2039 cum
1268 2007 1365 2039 non
1395 1991 1509 2055 ipsis
1542 1992 1628 2040 sed
1655 2007 1823 2040 eorum
1851 1991 1983 2039 fratri
2005 1996 2050 2040 et

274 2078 439 2141 nepoti
474 2082 601 2125 esset
635 2076 898 2139 provisum.
925 2075 1185 2138 Respondit
1218 2075 1336 2122 mihi
1371 2074 1623 2122 cardinalis
1657 2091 1696 2122 s.
1728 2075 1891 2123 Crucis
1921 2074 2049 2137 quod

275 2160 541 2207 cardinales
574 2175 743 2208 omnes
772 2160 953 2207 habent
984 2159 1077 2205 hoc
1107 2158 1165 2206 de
1191 2157 1538 2206 consuetudine
1566 2157 1631 2205 ita
1650 2172 1738 2220 pro
1765 2157 1863 2204 suis
1883 2157 2051 2205 obser-

274 2258 402 2290 vare.
423 2243 567 2291 Venit
595 2242 769 2290 deinde
803 2243 886 2289 SS.
914 2244 969 2288 D.
994 2245 1160 2288 noster
1186 2239 1246 2287 ad
1276 2239 1508 2303 capellam
1537 2240 1771 2303 majorem
1802 2239 2050 2302 supradic-

278 2330 374 2372 tam
412 2329 458 2373 et
495 2325 655 2373 officio
696 2325 925 2373 interfuit.
968 2325 1163 2371 Missam
1207 2322 1462 2370 celebravit
1499 2326 1662 2370 Rmus.
1700 2325 1756 2370 D.
1793 2322 2049 2370 cardinalis

280 2408 542 2456 Perusinus
577 2425 587 2456 z
622 2423 898 2456 sermonem
931 2407 1045 2454 fecit
1074 2406 1268 2469 quidam
1302 2405 1450 2454 frater
1483 2405 1662 2453 ordinis
1695 2405 2050 2453 carmelitarum

278 2506 365 2555 pro
393 2497 704 2555 procuratore
735 2490 952 2554 ejusdem
981 2490 1159 2538 ordinis
1190 2489 1407 2548 absente,
1439 2493 1485 2537 et
1517 2489 1609 2537 alia
1638 2489 1890 2537 observata
1914 2503 2049 2536 more

279 2574 436 2621 solito.

345 2657 458 2704 Heri
489 2672 615 2716 sero,
647 2657 775 2704 circa
803 2657 975 2704 horam
1006 2656 1285 2720 vigesimam
1315 2659 1552 2719 quartam,
1578 2660 1796 2704 mortuus
1824 2660 1898 2703 est
1925 2655 2054 2703 bone>

282 2740 514 2788 memorie
547 2740 761 2798 Carolus,
793 2739 1047 2802 episcopus
1085 2740 1419 2798 Hostunensis,
1456 2740 1687 2802 magister
1719 2739 1888 2786 domus
1925 2739 2047 2787 Rmi.

286 2827 340 2871 D.
364 2822 617 2869 cardinalis
647 2822 1040 2879 vicecancellarii,
1071 2822 1149 2884 qui
1181 2821 1326 2869 hodie
1358 2823 1486 2870 circa
1509 2822 1789 2885 vigesimam
1819 2837 1962 2868 unam
1993 2821 2051 2869 de

284 2905 427 2953 domo
462 2904 508 2950 in
549 2920 643 2967 qua
681 2910 899 2951 mortuus
939 2909 1012 2951 est.
1048 2905 1135 2952 fuit
1171 2908 1409 2967 portatus,
1443 2904 1665 2952 omnibus
1697 2903 2051 2967 pontificalibus

281 2987 575 3051 paramentis
599 2987 810 3044 indutus,
834 2987 894 3034 ad
915 2987 1170 3034 ecclesiam
1192 2987 1330 3035 beate
1352 2988 1498 3035 Marie
1521 2987 1579 3034 de
1606 2987 1786 3050 Populo
1812 2987 2055 3050 sepelien-

282 3071 387 3129 duS,
420 3070 685 3118 associatus
713 3086 739 3116 a
766 3070 956 3117 familiis
985 3073 1223 3118 RRorum.
1260 3073 1359 3118 DD.
1392 3070 1704 3118 cardinalium
1732 3070 2048 3134 Neapolitani,

283 3169 321 3200 s.
354 3153 630 3211 Clementis,
663 3169 701 3200 S.
734 3153 976 3211 Praxedis,
1005 3153 1332 3212 Alexandrini,
1363 3170 1402 3201 s.
1435 3154 1643 3216 Georgii,
1672 3153 2051 3202 vicecancellarii

283 3240 330 3283 et
353 3251 390 3282 s.
419 3236 649 3295 Severini,
674 3236 855 3284 vestitis
877 3240 928 3284 ut
950 3237 1104 3285 solent
1124 3255 1133 3294 ;
1160 3238 1311 3285 secuti
1334 3240 1444 3284 sunt
1465 3235 1607 3283 funus
1628 3236 1906 3284 immediate
1928 3252 2051 3283 unus

284 3322 392 3380 post
413 3318 579 3376 alium,
604 3319 847 3382 digniores
869 3320 1040 3383 prime,
1061 3320 1234 3368 deinde
1257 3320 1333 3368 alii
1354 3319 1602 3383 pedestres
1622 3336 1630 3366 :
1650 3319 1819 3383 prelati
1839 3323 1947 3366 suut
1968 3334 2051 3367 eos

286 3400 435 3448 secuti
464 3401 561 3447 bini
584 3406 631 3448 et
663 3401 779 3461 bini,
803 3408 1068 3465 equestres.
1093 3404 1252 3450 Funus
1274 3407 1609 3466 precesserunt
1639 3403 1834 3464 triginta
1859 3402 1954 3449 duo
1977 3401 2050 3448 in-
