2216 3886
282 323 349 357 470
891 316 1125 354 JOHANNIS
1161 316 1452 362 BURCHARDI,
1869 324 1946 365 [Mai
1968 326 2063 366 1498]

281 426 369 472 rim
404 422 610 481 derisus,
645 420 945 485 pronuntiavi
982 420 1192 483 gladium
1232 423 1482 467 venturum
1522 434 1576 467 ac
1617 420 1752 484 pacis
1788 425 2054 475 remedium

284 507 472 556 ostendi
502 506 655 554 solam
684 520 791 552 6556
821 503 1135 568 penitentiam
1162 519 1171 561 3
1202 501 1328 549 unde
1354 500 1488 550 Italia
1521 502 1742 552 universa
1771 506 1946 569 gratias
1974 524 2059 571 pro

284 606 361 637 me
384 592 485 637 Deo
506 602 649 649 agere
678 585 891 632 deberet.
914 583 1066 631 Docui
1095 583 1225 630 enim
1247 598 1355 631 eam
1390 584 1661 633 remedium
1689 588 2057 652 tranquillitatis,

284 673 412 737 quod
431 670 624 734 quidem
650 682 841 716 servans
863 665 1105 714 Florentia
1125 667 1228 730 jam
1258 667 1405 716 habet
1425 668 1554 731 quod
1578 685 1675 717 non
1695 670 1900 721 haberet
1920 688 1930 731 ;
1956 679 2002 721 et
2024 677 2063 724 si

287 755 505 804 similiter
524 753 704 801 faceret
723 755 824 798 tota
839 750 932 799 hec
946 750 1096 810 ltalia,
1122 751 1308 814 gladius
1328 768 1631 817 nequaquam
1652 771 1740 819 per
1761 771 1868 804 eam
1892 758 2066 805 transi-

284 843 383 897 ret;
409 837 522 901 quid
543 836 673 885 enim
694 850 871 884 nocere
893 839 1052 898 potest
1072 835 1368 898 penitentie?
1389 837 1556 885 Nullus
1578 839 1745 903 itaque
1766 855 1877 888 vere
1899 829 2063 889 testari

284 926 444 987 potest
476 936 554 968 me
590 919 817 968 scandala
848 919 897 966 in
929 918 1197 966 Ecclesiam
1226 919 1511 980 seminasse,
1544 922 1630 970 sed
1661 938 1750 986 ego
1784 923 2061 973 innumeros

286 1007 443 1055 habeo
470 1007 617 1053 testes
647 1002 776 1067 quod
804 1002 933 1050 bona
962 1002 1298 1063 seminassem,
1325 1019 1487 1051 verum
1519 1004 1743 1053 inimicus
1772 1007 1921 1055 homo
1945 1008 2064 1057 ziza-

288 1090 418 1138 niam
440 1085 691 1136 seminavit
709 1090 757 1134 et
777 1085 945 1133 incidit
965 1085 1012 1132 in
1034 1085 1219 1134 foveam
1242 1102 1384 1149 quam
1406 1087 1535 1136 fecit.

349 1171 663 1236 Subjungitur
682 1174 903 1234 preterea
922 1169 1017 1216 hoc
1038 1169 1087 1215 in
1109 1168 1282 1216 eodem
1302 1168 1460 1218 brevi:
1482 1171 1673 1218 subdola
1695 1172 2065 1236 calliditateper-

290 1273 526 1306 versorum
547 1255 860 1321 quorumdam
879 1255 1108 1320 fratrum.
1135 1253 1348 1302 Primum
1370 1254 1499 1317 quod
1518 1269 1771 1318 perversos
1791 1255 1963 1305 fratres
1981 1273 2064 1305 605

290 1347 424 1391 vocat
445 1357 566 1405 quos
587 1341 716 1389 nulla
732 1355 929 1404 prorsus
950 1343 1084 1388 notat
1104 1339 1320 1398 infamia,
1341 1340 1438 1387 imo
1461 1339 1540 1402 qui
1562 1339 1611 1387 in
1639 1343 1741 1388 toto
1768 1339 1860 1388 hoc
1887 1341 2064 1405 populo

289 1431 397 1476 sunt
428 1426 608 1489 optime
635 1426 780 1483 fame,
807 1423 900 1472 hoc
923 1439 1021 1472 11011
1047 1428 1309 1488 1101061001
1337 1438 1597 1487 suggerere
1627 1424 1872 1472 Sanctitati
1905 1429 2060 1472 vestro

289 1510 380 1558 nisi
400 1509 607 1572 improbi
621 1508 861 1556 homines,
880 1508 1035 1556 Mittat
1050 1507 1179 1556 enim
1199 1523 1284 1555 sua
1305 1507 1542 1556 Sanctitas
1563 1506 1773 1570 aliquem
1789 1523 1847 1554 ex
1869 1506 1964 1554 suis
1979 1507 2063 1555 ho·

291 1594 497 1642 minibus
523 1591 745 1640 fidelibus
774 1591 854 1654 qui
882 1590 1008 1639 cives
1033 1593 1080 1638 et
1100 1591 1330 1655 populum
1350 1590 1614 1653 interroget
1633 1589 1691 1637 de
1714 1589 1843 1637 fama
1861 1589 2060 1638 fratrum

296 1676 447 1724 sancti
468 1676 617 1723 Marci
638 1679 685 1722 et
707 1675 858 1722 sancti
881 1673 1119 1722 Dominici
1141 1673 1199 1720 de
1221 1672 1429 1730 Fesulis3
1450 1673 1689 1736 probabit,
1715 1678 1762 1722 et
1784 1673 1957 1721 clarius
1979 1688 2062 1722 co-

289 1763 489 1823 gnoscet
510 1774 654 1821 quam
680 1762 899 1821 apertum
922 1757 1063 1805 fuerit
1085 1757 1177 1804 hoc
1200 1772 1366 1804 eorum
1388 1756 1713 1804 mendacium.
1740 1757 1960 1805 Secundo
1980 1757 2064 1805 fal-

290 1858 396 1890 sum
427 1846 500 1890 est
526 1841 657 1904 quod
688 1840 780 1888 hec
810 1841 1048 1904 separatio
1076 1840 1219 1888 fuerit
1248 1840 1504 1904 impetrata
1531 1840 1860 1904 aquibusdam
1884 1840 2063 1888 solum-

285 1926 431 1974 modo
449 1931 495 1974 et
516 1941 613 1972 non
629 1925 688 1973 ab
703 1925 944 1985 omnibus,
963 1928 1011 1971 111
1027 1923 1217 1987 publico
1232 1923 1381 1988 liquet
1402 1923 1741 1973 instrumento.
1759 1924 1935 1982 Tertio,
1953 1923 2064 1987 quia

282 2010 369 2059 fuit
390 2010 648 2074 impetrata
670 2024 767 2056 non
787 2013 836 2056 ut
856 2008 1010 2056 laxius
1032 2008 1081 2055 in
1099 2008 1319 2056 libertate
1343 2008 1626 2067 viveremus,
1652 2007 1738 2055 sed
1759 2007 1988 2066 strictius,
2013 2011 2062 2053 ut

284 2094 481 2142 effectus
499 2093 601 2158 ipse
624 2093 938 2141 demonstrat.
964 2094 1192 2140 Preterea
1213 2107 1303 2139 nec
1325 2091 1525 2140 subdole
1547 2092 1633 2139 fuit
1654 2092 1925 2155 impetrata,
1951 2106 2061 2139 cum

283 2193 429 2226 causa
447 2178 540 2225 hec
569 2177 715 2239 longo
747 2180 966 2239 tempore
997 2176 1141 2225 fuerit
1171 2176 1389 2224 discussa
1409 2180 1457 2224 et
1484 2179 1671 2223 mature
1698 2174 1986 2234 examinata,
2011 2179 2061 2221 ut

282 2261 417 2308 testis
441 2265 513 2308 est
539 2263 706 2308 Rmus.
734 2262 789 2307 D.
811 2264 1058 2323 protector
1086 2263 1252 2307 noster
1281 2258 1642 2322 NeapolitanUS,
1669 2258 1747 2321 qui
1770 2258 1896 2306 hanc
1918 2272 2060 2321 sepa-

284 2344 520 2392 rationem
556 2359 642 2391 sua
672 2343 930 2407 prudentia
956 2342 1242 2406 impetravit.
1268 2344 1387 2390 Nam
1414 2343 1552 2406 juxta
1576 2341 1754 2389 seriem
1786 2346 2061 2390 nostrarum

282 2427 681 2476 coustitutionum
701 2426 793 2474 hec
818 2426 1062 2490 provincia
1082 2430 1154 2475 est
1175 2442 1202 2474 a
1223 2426 1469 2490 provincia
1500 2425 1788 2473 Lombardie
1814 2424 2055 2483 distincta,

284 2515 331 2559 et
353 2526 446 2559 uua
468 2510 605 2559 alteri
620 2525 815 2574 preesse
837 2525 935 2557 11011
956 2510 1116 2558 debet.
1139 2513 1542 2573 Propterpestem
1564 2504 1823 2573 quamdam
1842 2507 2061 2556 deminu-

287 2594 342 2641 tis
368 2594 594 2642 fratribus
616 2593 664 2640 in
691 2593 783 2641 hac
805 2593 1066 2657 provincia,
1091 2597 1356 2641 conventus
1386 2593 1538 2641 sancti
1568 2592 1715 2640 Marci
1738 2591 1797 2640 de
1818 2592 2061 2641 Florentia

288 2677 372 2726 fuit
409 2693 497 2740 per
527 2677 689 2725 literas
724 2677 944 2741 ejusdem
981 2676 1221 2744 generalis
1255 2677 1472 2740 magistri
1499 2676 1659 2723 unitus
1697 2691 1782 2722 seu
1811 2689 2062 2723 commen-

287 2760 427 2808 datus
455 2759 817 2822 congregationi
839 2759 1149 2817 Lombardie3
1176 2760 1348 2807 deinde
1376 2760 1506 2823 prior
1526 2759 1739 2822 quidam,
1764 2773 1860 2806 non
1881 2756 2060 2806 vocatis

292 2842 511 2890 Fratribus
532 2843 653 2901 aliis,
675 2844 818 2890 breve
846 2843 1111 2905 impetravit
1141 2847 1192 2889 ut
1212 2842 1413 2905 predicti
1443 2847 1706 2890 conventus
1733 2842 1883 2889 sancti
1911 2839 2057 2888 Marci

293 2931 339 2973 et
358 2925 509 2973 sancti
533 2924 769 2972 Dominici
795 2925 852 2972 de
881 2924 1065 2971 Fesulis
1096 2928 1144 2972 et
1174 2924 1326 2971 sancti
1354 2924 1592 2971 Dominici
1625 2924 1683 2971 de
1713 2927 1880 2971 sancto
1902 2922 2061 2971 Gemi-

293 3009 434 3056 niano
465 3008 613 3056 etiam
634 3008 923 3055 authoritate
951 3007 1216 3070 apostolica
1240 3006 1516 3065 unirentur-3
1538 3007 1666 3070 quod
1695 3006 1889 3070 quidem
1916 3007 2058 3054 breve

292 3093 466 3141 nullius
491 3093 736 3141 dubitatur
761 3091 909 3139 fuisse
936 3091 1126 3151 valoris,
1152 3107 1260 3138 cum
1283 3094 1413 3139 esset
1435 3090 1770 3154 subreptitium
1795 3086 1806 3138 .·'
1831 3105 1996 3154 quare,
2021 3090 2057 3137 si

293 3175 617 3239 multiplicatis
636 3175 863 3224 fratribus
884 3180 932 3223 et
952 3175 1272 3238 augmentatis
1294 3174 1580 3222 authoritate
1608 3173 1881 3222 Sanctitatis
1901 3177 2061 3222 vestre

292 3258 353 3306 ad
374 3262 550 3306 statum
571 3260 843 3307 naturalem
864 3258 1041 3307 reversi
1064 3262 1191 3317 sunt,
1212 3259 1306 3306 hoc
1326 3257 1418 3306 11161
1438 3272 1535 3305 11011
1552 3260 1713 3321 1101651
1733 3272 1840 3305 6556
1862 3255 2058 3304 fraudu-

293 3342 447 3390 lenter
464 3342 662 3401 factum‚
686 3343 784 3392 imo
812 3347 884 3391 est
914 3341 1176 3391 secundum
1204 3344 1422 3389 tenorem
1449 3346 1723 3388 nostrarum
1751 3337 2056 3387 constitutio-

291 3440 423 3475 num.
450 3428 675 3475 Preterea
693 3427 873 3475 ibidem
895 3425 1137 3490 sequitur:
1160 3441 1271 3472 nam
1291 3425 1396 3472 licet
1414 3440 1504 3487 per
1529 3424 1687 3471 literas
1713 3430 1914 3480 nostras,
1942 3428 2050 3479 etc„
