2202 3926
217 366 302 407 [Mai
323 366 418 405 1494]
674 362 844 400 RERUM
878 360 1180 398 URBANARUM
1214 360 1564 401 COMMENTARH.
1932 367 2001 403 149

213 467 615 533 archiepiscopali
639 465 817 532 palatio
846 470 894 515 et
919 481 1113 515 camera
1141 465 1279 514 solite
1307 466 1570 514 residentia
1598 467 1819 530 ejusdem
1848 470 2001 518 archi-

142 576 145 578 ·
211 552 425 616 episcopi
447 550 767 616 personaliter
787 550 1095 610 constitutus,
1122 553 1291 597 exutus
1311 549 1480 598 habitu
1498 550 1656 598 laicali
1677 565 1823 613 quem
1846 569 1998 616 usque

212 642 323 685 tunc
344 641 591 699 tamquam
618 634 836 684 marchio
865 633 1140 682 Giracensis
1167 634 1424 694 detulerat,
1448 649 1535 698 per
1556 638 1805 682 tonsuram
1829 637 1997 700 capitis

211 719 284 767 sui
305 735 393 783 per
429 718 607 766 dictum
637 720 693 765 D.
726 717 1145 781 archiepiscopum
1173 733 1319 765 manu
1347 733 1435 766 sua
1460 717 1635 765 factam
1663 717 1752 765 fuit
1789 718 1996 766 clericali

210 805 453 850 caractere
488 801 744 865 insignitus
775 805 822 849 et
856 800 1010 848 aulice
1044 799 1254 848 clericali
1283 801 1535 865 ascriptuS,
1572 805 1620 848 et
1650 801 1796 864 longo
1830 802 1994 850 habitu

208 884 426 944 vestituS,
452 890 499 933 et
520 884 699 932 ibidem
722 883 810 930 sibi
831 883 958 931 facta
987 883 1146 947 ampla
1173 900 1368 944 corona,
1400 890 1543 948 prout
1569 886 1887 949 protonotarii
1915 887 1995 935 de-

209 970 334 1017 ferre
374 968 548 1026 solent,
584 965 891 1030 presentibus
923 966 1200 1014 reverendis
1240 967 1289 1013 in
1321 967 1512 1016 Christo
1543 968 1759 1031 patribus
1789 970 1997 1017 dominis

207 1050 479 1100 Alexandro
511 1048 880 1113 archiepiscopo
919 1053 1084 1097 sancte
1120 1050 1365 1109 Severine,
1399 1051 1596 1099 Nicolao
1627 1052 1836 1100 Antonio
1868 1054 1997 1117 epis-

208 1149 330 1198 copo
351 1131 582 1190 Murensi,
609 1135 656 1180 et
675 1131 894 1195 pluribus
914 1131 1018 1179 aliis
1040 1132 1417 1197 archiepiscopis
1440 1139 1486 1182 et
1509 1135 1748 1199 episcopis
1771 1136 1991 1185 testibus.

209 1217 394 1267 Deinde
417 1217 591 1266 eodem
609 1232 751 1264 mane
774 1216 902 1263 idem
922 1219 977 1264 D.
999 1217 1221 1282 Aloysius
1241 1217 1299 1266 de
1319 1219 1578 1280 Aragonia,
1602 1220 1649 1266 in
1668 1219 1797 1267 dicto
1816 1219 1993 1282 palatio

206 1307 254 1351 et
281 1301 467 1366 capella
488 1300 747 1349 residentie
769 1300 892 1347 Rmi.
926 1302 981 1347 D.
1005 1300 1238 1348 Johannis
1263 1300 1386 1348 tituli
1416 1307 1580 1351 sancte
1610 1304 1828 1350 Susanne
1856 1299 1994 1365 pres-

205 1385 359 1450 byteri
394 1383 650 1432 cardinalis
684 1382 946 1447 apostolice
982 1382 1109 1431 sedis
1141 1382 1306 1446 legati,
1347 1398 1510 1435 coram
1547 1383 1721 1431 eodem
1756 1388 1894 1434 Rmo.
1933 1389 1989 1434 D.

202 1469 363 1532 legato
401 1466 724 1532 personaliter
763 1466 1068 1525 constitutUS,
1112 1481 1277 1514 coram
1317 1482 1395 1514 me
1436 1466 1658 1515 videlicet
1694 1467 1783 1516 sub
1824 1475 1994 1532 quarto

203 1551 434 1600 kalendas
464 1551 579 1599 maii
609 1549 920 1614 pontificatus
949 1551 1033 1598 SS.
1070 1553 1126 1598 D.
1159 1550 1309 1597 nostri
1340 1549 1596 1598 Alexandri
1626 1566 1749 1614 pape
1777 1553 1838 1601 Vl
1866 1567 1992 1600 anno

203 1636 434 1694 secundo,
468 1636 516 1683 in
547 1634 935 1700 protonotarium
967 1634 1093 1682 sedis
1124 1634 1386 1698 apostolice
1414 1650 1502 1698 per
1529 1635 1613 1682 SS.
1646 1636 1702 1681 D.
1734 1637 1789 1683 N.
1821 1651 1993 1699 recep-

203 1725 296 1780 tuS,
321 1725 368 1768 et
389 1720 594 1768 aliorum
610 1719 1051 1783 protonotariorum
1077 1718 1296 1781 ejusdem
1314 1717 1662 1766 sedis‘numero
1681 1722 1728 1766 et
1746 1720 1990 1766 consortio

202 1807 491 1866 aggregatus
512 1802 616 1862 fuit,
641 1803 840 1866 prestito
861 1802 992 1866 prius
1008 1818 1098 1866 per
1111 1802 1336 1851 eumdem
1354 1805 1410 1850 D.
1430 1802 1677 1867 Aloysium
1697 1801 1746 1848 in
1763 1802 1987 1850 manibus

203 1889 260 1934 D.
296 1886 444 1949 legati
478 1886 715 1949 corporali
746 1887 1023 1950 juramento
1051 1886 1188 1949 juxta
1220 1885 1426 1933 formam
1457 1885 1655 1932 inferius
1689 1884 1983 1944 annotatam,

205 1970 343 2018 tactis
362 1969 683 2017 sacrosanctis
700 1970 785 2017 Dei
805 1969 1083 2032 evangeliis,
1102 1969 1304 2016 obtinuit
1326 1969 1414 2015 sibi
1437 1967 1774 2031 per‘eumdem
1792 1971 1985 2016 Rmum.

206 2055 260 2101 D.
287 2053 500 2116 legatum
522 2051 643 2100 tradi
663 2051 870 2116 insignia
891 2051 1316 2116 protonotariatuS,
1334 2052 1557 2100 videlicet
1580 2052 1850 2110 rochetum,
1875 2068 1989 2116 cap-

204 2153 314 2202 pam
343 2141 391 2185 et
423 2136 664 2199 capellum
698 2135 926 2199 nigrum;
964 2135 1154 2198 quibus,
1192 2135 1282 2183 sibi
1319 2136 1575 2198 genuflexo
1615 2152 1777 2184 coram
1819 2136 1990 2185 eodem

208 2223 262 2269 D.
285 2220 466 2283 legato,
489 2219 702 2279 traditis,
726 2219 854 2267 idem
881 2218 1259 2282 protonotarius,
1292 2218 1503 2266 dimissis
1528 2219 1715 2282 capello
1743 2224 1791 2268 et
1818 2235 1991 2284 cappa,

202 2303 402 2368 capucio
425 2307 472 2351 et
490 2302 690 2352 rocheto
715 2306 904 2351 retento
933 2307 978 2350 et
1000 2301 1231 2351 mantello
1257 2302 1467 2366 desuper
1490 2306 1686 2365 recepto
1713 2307 1760 2351 et
1790 2303 1990 2366 capucio

202 2394 491 2446 transverso,
525 2385 706 2450 gratias
728 2385 886 2435 eidem
916 2389 1054 2433 Rmo.
1087 2388 1145 2434 D.
1170 2385 1330 2450 legato
1361 2401 1527 2449 agens,
1562 2386 1764 2434 recessit
1790 2401 1990 2450 presen-

202 2472 326 2520 tibus
346 2470 526 2518 ibidem
549 2473 603 2517 R.
630 2472 682 2518 P.
709 2472 765 2517 D.
795 2469 1070 2518 Alexandro
1099 2474 1264 2518 sancte
1294 2471 1521 2519 Severine
1551 2470 1919 2534 archiepiscopo
1942 2474 1988 2517 et

202 2555 307 2604 aliis
328 2553 689 2618 quampluribus
711 2553 968 2617 episcopis,
995 2558 1042 2601 et
1063 2553 1167 2601 aliis
1188 2554 1410 2602 testibus.

266 2640 425 2686 Tenor
450 2654 563 2685 vero
588 2638 852 2701 juramenti
875 2637 1003 2700 quod
1025 2637 1269 2700 predictus
1292 2641 1349 2686 D.
1375 2637 1734 2702 protonotarius
1757 2637 1984 2701 prestitit,

203 2720 263 2768 de
282 2721 431 2768 verbo
453 2721 513 2769 ad
532 2721 728 2769 verbum
752 2720 985 2783 sequitur,
1007 2725 1055 2768 et
1077 2725 1149 2768 est
1168 2722 1295 2779 talis,
1319 2721 1542 2770 videlicet
1568 2741 1577 2769 z

271 2825 293 2848 «
337 2807 437 2868 Ego
475 2804 698 2868 Aloysius
738 2804 797 2852 de
838 2804 1096 2868 Aragonia,
1138 2804 1339 2853 clericus
1380 2805 1672 2864 Giracensis,
1717 2808 1775 2853 D.
1818 2808 1984 2852 nostro

202 2903 326 2953 pape
348 2888 408 2936 ab
430 2887 522 2936 hac
543 2887 665 2935 hora
683 2887 730 2934 in
754 2892 897 2936 antea
917 2887 1073 2936 fidelis
1095 2891 1143 2936 et
1160 2887 1301 2936 beato
1323 2891 1484 2949 Petro,
1505 2879 1768 2951 sancteque
1787 2902 1986 2934 romane

201 2971 434 3030 Ecclesie,
472 2973 529 3018 D.
560 2973 616 3019 N.
647 2971 844 3019 domino
876 2971 1149 3020 Alexandro
1180 2987 1302 3035 pape
1334 2976 1471 3020 sexto
1504 2972 1706 3036 ejusque
1738 2986 1987 3018 successo-

203 3055 334 3102 ribus
357 3054 591 3104 canonice
613 3055 903 3104 intrantibus
923 3071 1022 3103 non
1043 3071 1127 3104 ero
1147 3056 1198 3102 in
1226 3055 1371 3114 facto,
1396 3056 1618 3114 consiliO,
1645 3069 1887 3102 consensu
1911 3053 1984 3099 vel

204 3138 398 3196 auxilio,
431 3139 559 3201 quod
596 3138 742 3187 vitam
780 3139 984 3202 perdant
1022 3143 1102 3196 aut
1141 3140 1416 3188 membrum
1452 3139 1527 3186 vel
1565 3139 1817 3201 capiantur
1862 3136 2002 3183 mala-

205 3220 456 3283 captione;
483 3222 754 3283 consilium,
792 3223 922 3286 quod
953 3238 1040 3286 per
1073 3238 1124 3277 se
1154 3223 1231 3271 vel
1263 3223 1496 3271 nuncium
1533 3237 1671 3269 suum
1707 3225 1786 3269 aut
1822 3220 1984 3267 literas

204 3304 322 3353 mihi
355 3304 587 3352 reddituri
618 3310 746 3366 sunt,
773 3307 928 3370 signo,
951 3307 1097 3355 verbo
1120 3307 1192 3355 vel
1225 3311 1361 3364 nutu,
1392 3321 1468 3352 me
1500 3305 1702 3363 sciente,
1729 3303 1789 3351 ad
1818 3317 1984 3350 eorum

205 3390 435 3437 damnum
455 3387 528 3435 vel
550 3389 868 3451 prejudicium
890 3390 1071 3438 nemini
1093 3390 1301 3453 pandam
1325 3406 1334 3436 :
1365 3388 1403 3436 si
1424 3403 1538 3435 vero
1561 3387 1789 3434 damnum
1815 3398 1979 3431 eorum

209 3471 399 3521 tractari
423 3470 624 3528 scivero,
649 3485 735 3532 pro
762 3488 904 3535 posse
927 3488 1037 3520 meo
1059 3473 1318 3536 impediam
1340 3476 1388 3519 ut
1421 3470 1503 3518 tiat
1529 3489 1537 3517 :
1565 3469 1693 3532 quod
1721 3469 1756 3514 si
1787 3482 1874 3529 per
1901 3480 1978 3510 ine
