2222 3926
210 336 424 380 [Novembre
446 336 538 380 1494]
654 332 823 374 RERUM
857 336 1161 376 URBANARUM
1193 338 1542 380 COMMENTARII.
1922 346 1990 382 197

213 453 380 487 corum
402 439 563 490 furore
589 443 635 489 et
656 440 987 505 recuperanda
1006 443 1154 491 Terra
1178 445 1344 491 sancta
1365 446 1413 491 et
1432 443 1537 491 aliis
1560 443 1784 493 dominiis
1799 462 1886 510 per
1907 463 1989 496 eos

213 522 486 582 christianis
507 524 802 589 principibus
823 529 870 574 et
884 525 1071 590 populis
1093 526 1280 584 ablatis,
1306 526 1511 591 propriis
1532 529 1753 590 personis
1785 545 1839 578 ac
1861 530 1991 578 labo-

213 606 344 655 ribus
365 606 769 672 facultatibusque
800 624 895 658 non
918 625 1146 673 parcere3
1173 610 1287 673 quin
1309 611 1407 659 imo
1430 610 1753 660 dilectissimis
1775 629 1922 662 uxore
1945 618 1990 661 et

212 687 310 737 filio
333 689 474 739 unico
502 690 677 738 nostris
707 706 951 756 regnoque
986 693 1284 757 amplissimo
1315 694 1519 758 pacifico
1550 699 1596 744 et
1625 696 1989 760 opulentissimo

212 775 259 822 et
278 776 442 836 preter
466 773 759 824 voluntatem
785 775 1056 841 principum
1081 782 1128 826 et
1155 793 1412 841 procerum
1440 779 1577 843 regni
1607 781 1760 830 nostri
1792 781 1987 840 relictis,

212 856 466 907 statuimus
488 873 596 906 cum
617 858 854 923 adjutorio
877 860 981 915 Dei,
1001 862 1138 925 cujus
1158 877 1351 910 causam
1368 862 1705 927 amplectimur
1725 880 1781 913 ac
1799 879 1988 913 summo

212 941 427 991 omnium
467 942 840 992 christianorum
873 944 1111 1007 pontificis
1142 949 1190 995 et
1215 946 1440 1009 pastoriS‚
1471 961 1561 995 nec
1590 962 1688 995 non
1718 948 1992 1012 principum

213 1028 259 1073 et
280 1023 484 1075 aliorum
512 1024 727 1074 fidelium
756 1026 986 1090 presidiO,
1016 1026 1111 1076 hoc
1147 1027 1503 1076 sanctissimum
1532 1043 1652 1092 opus
1677 1027 1807 1078 fideli
1847 1029 1993 1078 devo-

212 1108 340 1158 tione
363 1113 410 1159 et
430 1125 607 1174 magno
637 1110 798 1159 animo
820 1110 1016 1175 aggredi
1043 1129 1051 1159 ;
1080 1111 1207 1175 quod
1229 1112 1423 1176 quidem
1451 1116 1669 1161 sanctum
1694 1112 1992 1177 propositum

211 1192 369 1242 divina
386 1194 628 1245 credimus
650 1194 963 1259 inspiratione
979 1199 1147 1245 nostro
1175 1195 1309 1244 cordi
1331 1195 1479 1244 fuisse
1494 1195 1723 1245 infusum.
1745 1198 1842 1245 Nec
1865 1196 1993 1246 arbi-

211 1281 362 1328 tretur
394 1278 631 1343 quispiam
658 1283 710 1328 ut
736 1278 796 1327 ad
821 1278 1154 1343 occupandum
1183 1294 1598 1343 quorumcumque
1629 1280 1897 1344 principum
1918 1281 1992 1329 vel

209 1361 512 1427 populorum,
532 1362 743 1411 dominia
758 1367 836 1412 aut
855 1362 1198 1422 civitateS,hoc
1219 1377 1340 1426 opus
1359 1367 1458 1411 tam
1481 1368 1702 1412 sanctum
1721 1369 1814 1429 tam
1830 1364 1994 1413 lauda-

209 1445 303 1494 bile
327 1445 684 1510 aggrediamur,
710 1443 796 1494 sed
816 1449 867 1494 nt
897 1445 1000 1508 ipse
1024 1447 1153 1494 Deus
1174 1460 1313 1494 verus
1343 1445 1478 1494 testis
1504 1450 1595 1503 est,
1620 1446 1714 1494 hoc
1740 1446 1895 1495 solum
1932 1448 1993 1496 ad

210 1529 313 1593 ejus
333 1529 527 1579 laudem
553 1534 600 1579 et
621 1529 822 1593 gloriam
847 1544 1030 1593 sueque
1053 1528 1166 1578 fidei
1190 1532 1237 1578 et
1258 1528 1521 1579 christiane
1544 1530 1791 1594 religionis
1814 1532 1990 1580 exalta-

210 1613 390 1662 tionem
413 1617 460 1663 et
481 1613 843 1678 ampliationem
865 1613 1221 1676 amplectimur,
1247 1617 1496 1677 sperantes
1518 1614 1568 1662 in
1594 1614 1699 1678 ipso
1723 1617 1824 1664 Deo
1846 1631 1874 1664 a
1895 1633 1990 1679 q-uo

208 1697 373 1746 omnia
402 1697 617 1762 perfecta
646 1713 794 1762 opera
823 1697 1174 1762 perfectionem
1205 1698 1486 1762 suscipiunt,
1521 1713 1610 1746 nos
1641 1698 1736 1747 hoc
1768 1703 1987 1748 sanctum

213 1781 505 1830 desiderium
540 1785 758 1830 nostrum
793 1781 853 1830 ad
878 1785 1093 1846 optatum
1125 1782 1351 1831 effectum
1380 1782 1715 1847 perducturos.
1752 1783 1846 1832 Sed
1877 1784 1989 1847 quia

209 1881 414 1930 regnum
447 1865 608 1915 Sicilie
643 1866 770 1929 quod
799 1866 1167 1930 Neapolitanum
1194 1866 1438 1930 appellant
1469 1882 1557 1931 per
1583 1868 1985 1932 primogenitores

212 1952 402 1998 nostros
424 1965 450 1997 e
470 1949 692 1997 manibus
714 1948 981 1997 infidelium
1004 1953 1051 1998 et
1070 1949 1275 1997 aliorum
1302 1954 1501 1999 romane
1524 1951 1738 1999 Ecclesie
1765 1956 1812 2000 et
1844 1968 1986 2016 apos-

210 2033 351 2082 tolice
379 2032 508 2081 sedis
526 2033 738 2081 hostium
758 2036 948 2082 erutum
970 2038 1015 2081 et
1037 2033 1195 2082 eidem
1213 2033 1429 2082 Ecclesie
1454 2034 1730 2083 restitutum
1748 2034 1869 2097 etde
1883 2037 1986 2098 ’quo

207 2117 296 2181 ipsi
312 2116 646 2181 progenitores
658 2117 810 2164 nostri
827 2116 990 2180 viginti
1010 2121 1216 2180 quatuor
1230 2117 1553 2178 investituras,
1569 2118 1790 2166 videlicet
1806 2119 1986 2167 duode-

207 2199 460 2264 vigesimas
476 2216 503 2249 a
521 2199 720 2249 diversis
740 2201 952 2249 romanis
970 2200 1297 2265 pontificibuS,
1311 2205 1358 2250 et
1374 2201 1491 2249 duas
1504 2201 1620 2249 alias
1636 2217 1664 2250 a
1678 2201 1866 2250 duobus
1882 2202 1987 2250 aliis

206 2283 356 2333 sacris
374 2284 924 2348 generalibusconciliis
945 2290 1254 2351 receperunt,
1276 2290 1324 2335 et
1339 2286 1468 2350 quod
1489 2286 1548 2335 ad
1563 2302 1651 2335 nos
1671 2287 1780 2350 jure
1798 2287 1990 2336 heredi-

209 2369 316 2417 tatis
337 2368 570 2433 pertinet,
594 2370 810 2433 quamvis
834 2371 946 2419 Pius
967 2373 1009 2419 ΙΙ
1030 2371 1196 2420 volens
1213 2355 1327 2420 suos
1346 2387 1403 2419 ex
1417 2370 1588 2419 humili
1605 2370 1745 2434 plebe
1769 2376 1906 2419 natos
1928 2371 1988 2420 ad

204 2452 497 2517 principatus
512 2452 755 2517 fastigium
772 2454 1002 2504 extollere
1017 2471 1221 2519 regnum
1236 2455 1411 2520 ipsium
1427 2455 1646 2504 nostrum
1666 2459 1834 2504 contra
1849 2455 1988 2519 justi-

205 2537 319 2586 tiam
346 2537 608 2586 abstulerat
629 2541 677 2586 et
699 2538 816 2586 illud
838 2538 1080 2601 quondam
1109 2539 1414 2588 Ferdinando
1438 2540 1496 2588 de
1518 2540 1762 2604 Aragonia
1789 2554 1987 2588 conces-

205 2627 349 2681 serat,
374 2622 434 2670 ad
460 2621 838 2686 oppugnandum
863 2621 1017 2671 dictos
1042 2622 1394 2687 perfidissimos
1433 2626 1613 2672 Turcos
1643 2624 1873 2688 precipue
1901 2638 1988 2686 per

204 2710 395 2770 portum
417 2706 618 2756 Valonie
640 2709 685 2754 et
706 2705 937 2754 nonnulla
957 2706 1050 2754 alia
1068 2706 1180 2755 loca
1203 2707 1343 2754 nobis
1366 2706 1558 2755 facilem
1582 2707 1854 2771 ingressum
1876 2722 1987 2770 pre-

205 2791 319 2839 bere
334 2793 522 2854 poterat
536 2789 698 2847 :‚illud‚
719 2793 821 2839 Deo
840 2790 1119 2850 auxiliante,
1136 2791 1430 2839 intendimus
1450 2805 1756 2854 recuperare,
1782 2793 1832 2838 ut
1848 2789 1987 2836 nobis

203 2878 251 2923 et
276 2874 453 2922 nostris
487 2873 640 2921 facilis
669 2873 916 2938 ingressus
959 2877 1007 2921 et
1035 2888 1261 2937 egressus
1295 2889 1350 2921 ac
1390 2877 1546 2922 tutum
1590 2858 1852 2938 presidium
1880 2887 1987 2920 esse

203 2959 370 3022 possit.
404 2960 502 3007 Nec
532 2957 825 3006 intendimus
846 2961 1105 3022 propterea
1134 2958 1258 3006 alme
1290 2957 1397 3005 urbi
1427 2961 1597 3018 Rome,
1630 2961 1770 3021 prout
1799 2956 1988 3003 moder-

203 3057 292 3090 nus
319 3042 593 3106 Alphonsus
623 3041 682 3089 de
707 3041 949 3105 Aragonia
976 3045 1023 3090 et
1050 3042 1122 3090 sui
1150 3042 1538 3106 predecessores,
1564 3042 1684 3089 alius
1708 3040 1984 3103 Alphonsus

206 3130 253 3172 et
283 3125 611 3174 Ferdinandus
647 3140 824 3189 magna
858 3126 1129 3174 temeritate
1167 3130 1214 3174 et
1258 3126 1521 3174 rebellione
1569 3141 1675 3173 eam
1716 3123 1982 3172 obsidendo

206 3208 448 3268 fecerunt3
473 3214 552 3257 aut
578 3209 669 3257 illis
696 3210 836 3258 terris
868 3224 1067 3258 romane
1102 3209 1287 3258 Eclesie
1321 3208 1644 3272 prejudicium
1680 3206 1875 3270 aliquod
1896 3220 1978 3253 seu

206 3292 434 3340 damnum
451 3291 631 3341 inferre
654 3309 664 3341 :
684 3293 768 3341 sed
787 3292 918 3341 illam
941 3299 989 3341 ut
1009 3294 1157 3357 ipsius
1179 3293 1392 3341 Ecclesie
1422 3291 1656 3350 subditos,
1678 3306 1765 3354 pro
1788 3290 1915 3337 illius
1938 3294 1984 3335 et

205 3373 466 3438 apostolice
489 3374 615 3422 sedis
633 3374 815 3423 honore
831 3379 878 3424 et
896 3375 1164 3423 reverentia
1184 3374 1242 3422 ab
1259 3374 1389 3422 omni
1409 3373 1584 3421 damno
1619 3377 1666 3421 et
1688 3371 1864 3435 injuria
1896 3383 1981 3432 pro

206 3473 347 3521 posse
369 3461 535 3505 nostro
557 3457 718 3505 illesos
739 3473 1039 3515 conservare,
1062 3463 1109 3505 et
1124 3458 1272 3519 ipsius
1289 3457 1503 3505 Ecclesie
1526 3457 1591 3503 sic
1617 3459 1809 3512 statum,
1832 3453 1982 3498 hono-
