2202 3926
151 333 305 377 [Fevrier
324 331 419 372 1493]
596 327 766 366 RERUM
801 327 1104 382 URBANARUM
1136 325 1485 366 COMMENTARH.
1892 332 1934 370 41

151 437 408 501 episcopus
429 433 682 483 Nitriensis
711 437 874 482 orator
896 433 1026 497 regis
1055 432 1284 496 Ungarie,
1314 432 1395 496 qui
1424 432 1601 496 reperit
1629 434 1679 480 in
1701 435 1936 497 capellam

151 524 208 571 R.
233 523 286 569 P.
311 522 369 569 D.
394 519 694 569 Wilielmum
717 517 1140 582 archiepiscopum
1168 517 1321 567 sancti
1349 517 1512 566 Andre
1541 522 1787 567 oratorem
1810 519 1937 582 regis

153 607 409 654 Scotorum
430 604 557 652 inter
577 603 696 652 alios
715 606 932 652 oratores
952 601 1162 666 prelatos
1183 606 1377 666 paratos
1400 601 1449 650 in
1471 618 1559 650 suo
1576 602 1685 651 loco
1708 606 1935 662 stantem,

155 705 299 754 quem
320 688 450 737 idem
472 688 727 753 episcopus
745 686 998 736 Nitriensis
1019 685 1283 750 precedere
1301 686 1466 746 voluit,
1492 687 1579 735 sed
1598 686 1678 737 ille
1696 686 1745 736 id
1767 701 1942 751 nequa-

153 789 300 839 quam
321 774 603 838 permittere
626 772 792 821 voluit.

223 859 406 915 Quibus
444 858 512 906 sic
545 857 688 905 simul
728 856 1151 916 contendentibus,
1188 856 1453 920 significavi
1498 858 1581 904 SS.
1623 860 1681 906 D.
1722 859 1780 905 N.
1814 856 1943 921 quod

154 943 433 1008 hujusmodi
456 941 703 991 contentio
726 940 887 988 minus
916 940 1211 988 conveniens
1243 940 1501 1000 videretur,
1528 957 1657 1000 cum,
1682 956 1793 990 meo
1811 941 1942 1005 judi-

157 1028 250 1086 cio,
282 1041 367 1073 rex
394 1025 602 1089 UngarIe
628 1027 885 1073 Scotorum
922 1023 1026 1087 regi
1053 1024 1198 1088 longe
1227 1029 1356 1074 esset
1382 1025 1719 1089 preferendus,
1746 1041 1806 1083 ex
1827 1041 1942 1089 quo,

157 1111 195 1159 si
227 1109 478 1158 Sanctitati
507 1124 593 1158 sue
621 1109 835 1173 placeret
861 1124 940 1157 me
970 1108 1039 1157 eis
1074 1123 1162 1157 suo
1196 1109 1394 1158 nomine
1427 1109 1607 1170 dicere,
1630 1110 1704 1158 vel
1741 1125 1946 1159 concor—

157 1196 328 1243 darent
353 1193 428 1242 vel
454 1194 597 1241 ambo
632 1192 867 1257 capellam
905 1192 1105 1241 exirent.
1143 1194 1228 1241 SS.
1263 1195 1321 1241 D.
1360 1196 1417 1242 N.
1455 1193 1622 1243 habito
1650 1197 1943 1243 RRmorum.

158 1282 257 1328 DD.
290 1277 611 1343 Neapolitani,
643 1277 799 1326 sancti
822 1277 1012 1341 Angeli,
1046 1277 1425 1341 PortugalensiS,
1459 1279 1689 1327 Senensis
1719 1283 1766 1327 et
1795 1279 1948 1328 sancti

157 1362 351 1426 Georgii
373 1362 595 1421 consilio,
621 1361 794 1426 quibus
816 1361 1042 1410 omnibus
1064 1361 1219 1410 visum
1241 1366 1315 1410 est
1334 1377 1504 1426 regem
1526 1363 1734 1426 Ungarie
1758 1362 1948 1427 dignio-

159 1462 263 1496 rem
297 1462 424 1506 esse,
458 1451 505 1495 et
541 1450 802 1511 propterea
834 1446 992 1510 ipsum
1038 1445 1218 1495 dictum
1266 1462 1432 1511 regem
1473 1447 1635 1496 Scotie
1682 1447 1948 1511 precedere

161 1532 359 1591 debere,
401 1531 646 1579 commisit
678 1530 799 1578 mihi
836 1535 888 1579 ut
921 1530 1109 1595 prefato
1151 1531 1518 1595 archiepiscopo
1562 1532 1715 1580 sancti
1756 1532 1950 1581 Andree

161 1617 374 1665 dicerem
392 1615 524 1680 quod
543 1615 671 1663 dicto
703 1615 935 1680 episcopo
963 1615 1193 1664 Nitriensi
1220 1615 1418 1686 cederet
1445 1632 1501 1664 ac
1529 1632 1675 1681 supra
1709 1632 1760 1664 se
1787 1616 1950 1665 locum

162 1700 316 1761 daret,
342 1700 472 1764 quod
493 1704 542 1748 et
561 1699 678 1758 feci3
704 1703 752 1748 et
773 1715 884 1748 cum
911 1699 960 1748 id
986 1699 1205 1764 predicto
1237 1699 1605 1765 archiepiscopo
1627 1700 1801 1749 durum
1818 1700 1952 1749 vide-

164 1790 313 1843 retur,
343 1789 454 1849 post
480 1784 620 1848 plura
651 1800 730 1833 me
767 1784 952 1848 rogavit
988 1790 1040 1832 ut
1068 1800 1157 1848 pro
1193 1783 1383 1833 minore
1415 1785 1542 1848 regis
1574 1785 1647 1833 sui
1681 1785 1951 1849 prejudicio

164 1869 416 1916 Sanctitati
439 1884 526 1916 sue
552 1868 879 1932 supplicarem
893 1874 944 1916 ut
964 1868 1171 1916 alterum
1190 1884 1251 1917 ex
1271 1868 1387 1932 ipsis
1409 1869 1457 1916 in
1479 1870 1790 1918 assistentem
1812 1885 1952 1917 suum

166 1953 422 2016 reciperet.
449 1954 552 2008 Quo
579 1967 669 2015 per
693 1967 772 1999 me
802 1953 887 2000 SS.
918 1954 976 1999 D.
1016 1954 1074 2000 N.
1107 1953 1346 2016 exposito,
1384 1954 1622 2002 Sanctitas
1653 1970 1741 2002 sua
1770 1954 1951 2002 dictum

165 2036 584 2100 archiepiscopum
625 2036 777 2084 sancti
812 2035 1005 2084 Andree
1038 2035 1087 2083 in
1130 2036 1440 2085 assistentem
1484 2053 1623 2085 suum
1668 2039 1852 2101 recepit
1894 2054 1951 2087 ac

163 2122 289 2169 inter
308 2120 586 2168 assistentes
610 2135 723 2167 suos
745 2119 835 2167 sibi
857 2135 946 2183 per
965 2135 1043 2168 me
1057 2120 1221 2168 locum
1243 2119 1344 2169 dari
1362 2121 1598 2185 precepit,
1616 2121 1747 2185 quod
1768 2125 1815 2170 et
1832 2121 1947 2169 feci:

160 2204 249 2253 fuit
275 2203 419 2267 igitur
443 2206 665 2267 receptus
694 2219 723 2251 a
750 2203 924 2252 ceteris
953 2204 1291 2253 assistentibus
1316 2210 1362 2253 et
1392 2206 1518 2254 inter
1539 2208 1883 2254 Patracensem
1905 2210 1952 2253 et

160 2288 493 2338 Nicosiensem
524 2287 917 2352 archiepiscopos
958 2288 1242 2337 collocatus
1293 2290 1426 2337 Datis
1464 2289 1710 2338 cineribus
1745 2306 1832 2354 per
1865 2291 1948 2339 SS.

159 2375 216 2422 D.
242 2376 463 2420 nostrum
481 2374 538 2420 R.
564 2374 618 2420 P.
643 2374 702 2420 D.
731 2372 912 2421 Jacobo
937 2373 1271 2437 protonotario
1297 2374 1355 2422 de
1379 2375 1682 2434 Sermoneta,
1710 2375 1950 2423 Sanctitas

159 2472 244 2505 sua
265 2457 424 2520 ipsum
448 2456 671 2505 similiter
690 2456 739 2505 in
759 2457 1068 2506 assistentem
1091 2474 1231 2506 suum
1252 2459 1453 2523 recepit,
1472 2462 1518 2508 et
1539 2475 1651 2507 cum
1674 2450 1848 2508 ceteris
1880 2475 1953 2508 as-

159 2539 438 2589 sistentibus
462 2539 691 2588 eumdem
714 2539 941 2589 collocari
959 2541 1222 2600 mandavit,
1241 2546 1380 2605 prout
1400 2542 1625 2592 adstatim
1645 2543 1824 2592 factum
1843 2544 1945 2592 tuit.

226 2624 338 2670 Post
373 2622 592 2672 cinerum
622 2623 887 2681 dationem,
915 2626 971 2672 D.
998 2625 1224 2690 Aloysius
1255 2625 1315 2675 de
1342 2626 1602 2687 PaladiniS,
1628 2632 1792 2676 orator
1822 2643 1945 2676 sere-

159 2705 346 2752 nissimi
383 2706 512 2769 regis
557 2707 879 2770 Neapolitani,
932 2707 1064 2756 dedit
1109 2725 1284 2773 aquam
1337 2713 1483 2775 Pape,
1524 2714 1664 2759 Rmo.
1714 2711 1946 2761 cardinali

160 2789 311 2836 sancti
347 2789 626 2851 ClementiS,
659 2791 820 2854 priore
852 2792 1247 2858 presbyterorum
1277 2794 1595 2843 cardinalium
1627 2796 1784 2859 ipsum
1810 2796 1946 2860 adju-

158 2877 317 2922 vante.
353 2873 461 2922 Alia
496 2874 660 2923 omnia
692 2875 945 2927 observata
978 2882 1088 2925 sunt
1127 2892 1265 2926 more
1304 2877 1473 2937 solito;
1520 2894 1798 2928 sermonem
1835 2879 1950 2928 fecit

159 2961 445 3021 procurator
495 2958 678 3007 ordinis
725 2958 926 3008 fratrum
972 2966 1135 3009 sancte
1188 2961 1338 3011 Marie
1384 2962 1443 3010 de
1490 2965 1653 3012 Monte
1704 2963 1942 3012 Carmelo.

160 3042 366 3090 Attende
394 3041 524 3106 quod
554 3058 666 3091 cum
693 3043 811 3091 alias
837 3044 888 3091 in
915 3044 991 3093 die
1019 3045 1367 3108 purificationis
1394 3046 1536 3095 beate
1562 3047 1711 3096 Marie
1745 3047 1946 3110 virginis

163 3125 273 3171 anni
314 3127 761 3177 MCCCCLXXXVII
800 3127 927 3176 inter
966 3132 1184 3177 oratores
1227 3130 1435 3194 Ungarie
1481 3136 1529 3180 et
1571 3131 1731 3179 Scotie
1775 3147 1945 3194 regum

165 3222 308 3270 super
327 3210 638 3271 precedentia
658 3212 1050 3272 contenderetur,
1082 3212 1236 3262 felicis
1265 3214 1616 3263 recordationis
1638 3215 1947 3263 Innocentius

162 3304 286 3352 papa
305 3291 347 3338 V
352 3293 411 3337 ΙΙΙ
429 3292 488 3340 de
510 3295 728 3342 omnium
750 3295 1065 3344 cardinalium
1083 3298 1282 3346 consilio
1303 3298 1530 3359 decrevit,
1555 3300 1762 3362 Ungarie
1780 3314 1945 3362 regem

163 3372 426 3436 precedere
448 3374 623 3425 debere
644 3394 811 3442 regem
835 3379 1013 3440 Scotie,
1037 3384 1177 3444 prout
1199 3397 1256 3431 ea
1277 3381 1352 3430 die
1374 3382 1515 3431 etiam
1540 3382 1763 3431 annotavi
1786 3382 1870 3441 (1).

212 3475 245 3511 1.
275 3474 366 3521 Voy.
390 3478 415 3511 t.
440 3474 467 3518 I,
488 3485 523 3520 p.
546 3475 616 3510 237
635 3477 679 3513 de
700 3462 799 3514 cette
815 3479 962 3518 edition.
