2222 3926
327 332 396 368 318
935 331 1169 370 JOHANNIS
1201 331 1494 377 BURCHARDI,
1884 333 2100 375 [Aont1496]

329 432 519 492 adduxi,
557 449 702 497 quare
744 434 925 498 primus
958 435 1094 483 locus
1123 434 1345 483 videlicet
1381 434 1579 481 dextera
1610 432 1770 494 legato
1803 435 2094 484 conveniret.

324 517 651 566 Interfuerunt
681 520 737 566 D.
764 518 1002 566 Hem-icus
1039 533 1202 565 comes
1227 517 1285 564 de
1315 515 1663 580 [Fustemberg]
1686 520 1734 563 et
1765 519 1823 564 D.
1850 518 2100 579 Marquar-

326 600 432 660 dus,
458 616 659 664 quorum
682 616 824 647 suasu
846 604 892 648 et
919 600 1121 648 consilio
1150 599 1399 647 decretum
1428 602 1501 646 est
1528 598 1628 662 regi
1659 598 1907 648 dexteram
1934 599 2098 648 deberi

325 690 372 732 et
393 683 601 747 primum
621 683 800 741 locum,
827 698 938 730 cum
961 682 1138 730 habeat
1165 682 1357 746 plenam
1385 682 1579 746 Imperii
1610 682 2094 732 administrationem.

386 766 721 830 Superioribus
773 766 960 826 diebus,
1016 766 1306 814 Domino....
1347 766 1408 814 ad
1440 767 1768 815 comitandum
1802 770 1992 816 Rmum.
2035 771 2092 816 D.

320 852 534 914 legatum
571 850 816 913 deputato,
865 849 1158 898 obstestatus
1200 850 1269 897 fui
1309 850 1437 914 apud
1474 854 1703 914 utrosque
1740 853 1944 899 RRmos.
1991 854 2092 900 DD.

320 933 589 982 cardinales
615 934 800 998 legatos
833 950 871 981 5.
907 934 1074 982 Crucis
1117 938 1165 981 et
1209 933 1430 982 Perusini
1471 950 1548 983 me
1577 949 1675 983 non
1701 939 1972 994 venturum,
2005 935 2096 984 nisi

318 1017 427 1065 1000
449 1017 567 1065 mihi
598 1016 760 1066 debito
792 1021 1018 1080 tanquam
1046 1018 1276 1081 magistro
1307 1017 1692 1067 ceremoniarum
1723 1018 1967 1082 assignato
1999 1017 2096 1083 (qui

319 1105 392 1149 est
411 1105 520 1164 post
540 1101 660 1149 duos
680 1105 894 1150 secretos
914 1101 1234 1150 cubicularios
1257 1106 1305 1150 et
1323 1118 1407 1150 eos
1430 1102 1731 1167 sequentes);
1768 1118 1911 1166 quem
1932 1102 2092 1151 locum

317 1184 520 1248 quisque
551 1201 718 1234 eorum
753 1201 831 1234 me
864 1185 1143 1234 habiturum
1175 1186 1412 1250 promisit.
1445 1189 1680 1235 Pervento
1714 1187 1774 1235 ad
1807 1185 2091 1244 Otriculum‚

314 1269 501 1333 legatus
522 1270 570 1318 in
589 1286 758 1319 mensa
779 1274 879 1319 DD.
903 1270 1165 1319 Antonium
1189 1269 1247 1316 de
1271 1269 1531 1328 Leonibus,
1562 1269 1844 1317 advocatum
1870 1273 1917 1316 et
1943 1270 2094 1316 Fran-

315 1353 496 1402 cisoum
527 1354 585 1402 de
607 1357 797 1413 Parma,
832 1355 1215 1403 abbreviatorem
1247 1355 1306 1403 de
1339 1370 1484 1418 parco
1516 1354 1705 1418 majori,
1730 1369 1808 1402 me
1829 1352 2092 1418 precedere

312 1454 481 1502 passus
511 1443 601 1499 est,
635 1439 763 1502 quod
794 1439 967 1487 subtuli
998 1439 1307 1503 impatienter
1339 1443 1386 1487 et
1411 1438 1459 1486 in
1488 1438 1719 1502 Fulgineo
1758 1437 1816 1485 de
1844 1437 1937 1485 hoc
1964 1436 2092 1501 apud

313 1521 470 1585 ipsum
503 1525 694 1571 Rmum.
734 1525 789 1570 D.
826 1522 1039 1587 legatum
1074 1526 1367 1586 conquestus
1402 1521 1488 1581 fui,
1524 1522 1602 1585 qui
1634 1521 1795 1585 posuit
1827 1537 1930 1569 rem
1967 1522 2091 1570 inter

312 1620 400 1652 nos
433 1605 493 1653 ad
526 1605 923 1669 disputationem;
961 1610 1008 1653 et
1039 1606 1152 1654 licet
1187 1608 1244 1653 D.
1277 1605 1562 1653 Franciscus
1591 1605 1651 1652 ad
1672 1605 1941 1653 cedendum
1969 1604 2088 1652 mihi

310 1694 503 1753 paratus
527 1689 783 1750 videretur,
815 1693 979 1738 tamen
1005 1705 1311 1753 nequaquam
1345 1689 1618 1737 consentire
1640 1689 1786 1737 voluit
1822 1689 1907 1737 sed
1931 1689 2089 1752 potius

310 1772 369 1820 ad
399 1773 576 1822 Urbem
607 1774 782 1822 redire.
818 1776 1026 1837 Legatus
1058 1773 1204 1833 enim,
1232 1774 1335 1837 ejus
1365 1788 1515 1836 opera
1535 1772 1773 1835 indigens,
1804 1772 1956 1821 noluit
1978 1789 2089 1821 eum

308 1856 511 1919 perdere
544 1873 636 1905 nec
663 1872 754 1922 ego
783 1857 871 1904 sibi
901 1857 1093 1906 cedere.
1128 1856 1372 1905 Ordinavit
1403 1856 1548 1920 igitur
1578 1859 1746 1903 Rmus.
1785 1859 1842 1904 D.
1881 1855 2009 1919 quod
2041 1843 2114 1904 in⁴

309 1940 515 1988 ecclesia
532 1940 694 1989 locum
722 1941 954 1990 haberem
976 1945 1087 1989 ante
1111 1957 1222 2001 005;
1254 1941 1302 1989 in
1334 1956 1503 1989 mensa
1524 1943 1685 1988 autem
1708 1943 1755 1988 et
1776 1939 1880 1987 aliis
1900 1940 2020 1988 locis
2041 1939 2091 1987 in

309 2022 452 2072 domo
484 2040 580 2072 non
616 2024 1008 2083 conveniremus,
1046 2025 1176 2088 quod
1210 2024 1548 2073 inviolabiliter
1576 2024 1703 2072 inter
1739 2039 1827 2072 nos
1862 2025 2088 2072 observa-

305 2122 431 2154 mus.
464 2101 707 2156 Statuerat
740 2109 885 2156 etiam
914 2111 1080 2156 Rmus.
1108 2110 1164 2156 D.
1195 2109 1401 2172 legatus,
1433 2112 1485 2155 ut
1514 2107 1629 2155 mihi
1662 2107 1839 2167 retulit,
1863 2123 1940 2156 me
1962 2108 2089 2157 refe-

306 2190 580 2239 rendarium
610 2207 748 2239 suum
777 2196 823 2239 et
848 2192 1095 2240 literarum
1125 2192 1498 2256 apostolicarum
1528 2191 1912 2239 abbreviatorem
1943 2207 2088 2240 cons-

306 2272 504 2331 tituere;
536 2274 664 2337 quod
694 2279 894 2338 propter
922 2274 1241 2323 differentiam
1264 2274 1549 2338 predictam,
1576 2274 1636 2322 ob
1656 2289 1799 2337 quam
1830 2273 2083 2322 convenire

304 2371 401 2404 non
425 2360 754 2420 potueramus,
780 2357 942 2406 facere
966 2373 1061 2406 non
1083 2358 1298 2422 potuisse
1322 2358 1455 2405 dixit.
1488 2357 1629 2405 Dedit
1650 2361 1808 2405 autem
1831 2356 1950 2404 mihi
1976 2357 2084 2404 offi—

305 2439 431 2488 cium
463 2441 772 2505 magistratus
806 2442 997 2506 registri
1027 2442 1286 2502 bullarum,
1319 2447 1461 2506 prout
1491 2442 1540 2490 in
1572 2441 1740 2491 cedula
1770 2440 2084 2489 ordinationis

303 2521 577 2571 officiorum
599 2529 815 2588 apparet.

368 2609 478 2654 Erat
511 2612 558 2655 et
592 2608 684 2655 alia
716 2608 987 2657 differentia
1017 2625 1161 2673 super
1190 2608 1482 2672 pertinentia
1509 2606 1906 2657 baldachinorum
1940 2623 2083 2672 supra

300 2690 514 2753 legatum
535 2691 584 2738 in
606 2692 884 2755 receptione
906 2709 991 2741 sua
1022 2693 1072 2740 in
1093 2692 1291 2756 singulis
1325 2692 1594 2742 civitatibus
1622 2696 1669 2740 et
1695 2691 1814 2740 locis
1841 2691 2082 2756 principa-

299 2771 424 2819 libus
455 2774 845 2823 deferendorum.
882 2775 1083 2824 Dicebat
1112 2775 1240 2823 enim
1272 2775 1458 2823 scalcus
1488 2775 1633 2839 legati
1662 2774 1723 2822 ad
1751 2789 1802 2822 se
1830 2773 1912 2838 illa
1941 2789 2079 2837 spec-

300 2858 420 2912 tare,
453 2870 479 2901 e
506 2857 766 2916 contrario,
802 2857 1115 2920 parafrenarii
1151 2857 1265 2920 ipsis
1302 2856 1467 2905 deberi
1512 2862 1814 2916 asserentes;
1857 2861 1906 2905 et
1936 2857 2075 2904 ambe

298 2940 461 3000 partes
493 2954 580 3002 pro
618 2938 863 2987 decisione
902 2940 1174 2988 differentie
1210 2940 1489 3003 hujusmodi
1529 2940 1590 2987 ad
1626 2956 1703 2987 me
1741 2938 2071 2987 recurrebant.

300 3019 417 3081 Ego,
452 3019 771 3083 qui'iniquum
787 3021 1065 3083 judicabam
1096 3021 1277 3069 clerum
1305 3024 1352 3069 et
1378 3021 1607 3085 populum
1638 3022 1716 3084 qui
1745 3022 1805 3069 ad
1831 3021 2073 3070 honoran-

298 3101 412 3149 dum
445 3104 706 3167 apostolice
745 3104 869 3153 sedis
901 3104 1115 3167 legatum
1151 3119 1249 3152 non
1282 3105 1341 3152 ad
1378 3121 1429 3153 se
1468 3098 1670 3152 miss'u'm
1705 3105 1789 3153 sed
1827 3106 1886 3152 ad
1918 3108 2071 3153 terras

299 3201 408 3232 suas
439 3192 486 3234 et
511 3187 617 3236 loca
648 3204 733 3236 sua
765 3188 991 3235 duntaxat
1020 3191 1458 3251 pertranseuntem,
1485 3188 1615 3235 omni
1637 3191 1812 3235 conatu
1840 3186 2069 3251 jubebam

296 3266 472 3317 debere
509 3270 822 3319 ecclesiarum
859 3285 1053 3318 suarum
1102 3271 1416 3330 ornamentis,
1460 3286 1547 3335 pro
1587 3270 1714 3319 bono
1756 3275 1803 3319 et
1836 3270 2064 3319 laudabili

297 3365 460 3415 opere,
495 3354 685 3417 spoliari
722 3371 807 3403 seu
839 3354 1034 3418 privari;
1074 3353 1205 3402 nolui
1239 3354 1527 3403 sententiam
1567 3369 1727 3402 meam
1763 3353 1878 3418 ipsis
1912 3352 2068 3402 decla-

298 3450 421 3496 rare,
454 3436 545 3485 nisi
573 3453 622 3486 re
654 3437 758 3502 ipsa
788 3437 1111 3486 illustrissimo
1140 3441 1197 3486 D.
1230 3438 1390 3503 legato
1417 3438 1549 3502 prius
1584 3436 1955 3497 communicata,
1989 3436 2062 3484 cui
