2202 3926
136 298 316 337 Mai1493]
563 295 734 333 RERUM
766 296 1072 333 URBANARUM
1107 298 1458 341 COMMENTARH.
1868 312 1914 346 77

117 400 354 449 memorie
388 400 640 449 Nicolaum
675 415 851 465 papam
879 399 1101 463 quintum
1127 400 1334 465 legatos,
1375 407 1422 450 et
1451 403 1611 453 eidem
1647 406 1773 455 hanc
1806 427 1909 460 rem

117 486 362 550 exposuit;
396 487 496 550 qui,
522 486 767 535 intellecto
795 484 974 533 dietam
999 484 1279 548 hujusmodi
1307 501 1394 549 pro
1429 489 1678 536 communi
1708 490 1904 539 christi-

118 568 336 618 fidelium
363 569 491 618 bono
521 573 568 618 et
597 569 855 624 commodo
890 569 1123 618 indictam
1160 585 1287 629 esse,
1327 571 1570 635 prefatum
1618 575 1913 626 cardinalem

118 653 177 703 de
200 657 325 703 Cusa
345 654 394 702 in
419 655 546 704 sedis
565 655 829 720 apostolice
853 655 1068 718 legatum
1091 653 1149 702 de
1170 654 1322 703 latere
1352 657 1549 718 creavit,
1576 658 1833 723 ipsumque
1857 666 1907 709 ut

122 740 487 803 congregationi
514 740 795 804 hujusmodi
833 744 879 789 et
908 740 1036 788 diete
1073 740 1290 804 predicte
1317 746 1553 804 preesset,
1592 743 1908 792 Ratisbonam

115 822 268 882 misit;
294 839 387 887 quo
408 824 539 872 idem
560 824 816 873 cardinalis
838 839 896 872 ea
917 824 1261 872 commissione
1290 827 1338 872 et
1357 824 1600 887 legatione
1621 825 1903 890 hujusmodi

117 922 167 955 se
186 908 406 967 contulit,
433 913 481 958 et
506 913 605 957 tam
638 909 741 957 sedi
775 908 1039 972 apostolice
1076 924 1222 971 quam
1254 907 1442 971 prefato
1470 908 1752 971 imperatori
1789 925 1901 957 cum

117 990 303 1040 honore
325 996 373 1040 et
393 991 715 1040 cardinalatus
737 991 985 1055 dignitatis
1010 989 1424 1054 perseveratione,
1457 990 1710 1039 satisfecit.

184 1076 365 1132 Quibus
399 1080 446 1124 et
486 1075 591 1123 aliis
631 1074 967 1133 consideratis,
1008 1073 1296 1123 conclusum
1325 1073 1415 1122 fuit
1444 1090 1531 1138 per
1559 1074 1641 1124 SS.
1677 1077 1733 1122 D.
1774 1077 1831 1123 N.
1862 1075 1910 1122 in

120 1157 498 1222 congregatione
516 1157 751 1221 predicta,
788 1156 1085 1205 cardinalem
1112 1158 1289 1205 Montis
1323 1158 1516 1222 Regalis
1542 1158 1807 1221 prefatum,
1829 1162 1911 1207 aut

122 1258 476 1306 quemcumque
498 1242 687 1291 obviam
713 1241 944 1305 predictis
973 1241 1243 1289 oratoribus
1271 1241 1397 1289 mitti
1426 1246 1508 1291 aut
1528 1242 1786 1307 legationis
1811 1243 1909 1292 sive

121 1327 327 1375 oratoris
348 1327 509 1376 officio
531 1327 666 1391 fungi
687 1341 786 1375 non
807 1324 1004 1384 debere,
1036 1330 1083 1374 et
1112 1329 1371 1390 propterea
1392 1328 1656 1376 secretario
1678 1328 1909 1376 commis-

118 1426 223 1458 sum
262 1411 392 1475 quod
439 1413 877 1470 Tarraconensem,
924 1409 1380 1474 Carthaginiensem
1428 1416 1477 1460 et
1518 1415 1785 1461 Pacensem
1820 1430 1910 1478 per

118 1494 263 1544 breve
281 1495 602 1560 apostolicum
615 1495 732 1560 ipsis
752 1498 1012 1559 propterea
1032 1494 1340 1556 mittendum,
1360 1500 1519 1545 certos
1535 1496 1761 1545 redderet
1775 1497 1904 1560 quod

117 1595 287 1628 eorum
323 1579 574 1628 introitum
609 1580 725 1628 alias
755 1579 1036 1629 ordinarent
1073 1584 1120 1628 et
1145 1586 1558 1644 prosequerentur
1589 1581 1771 1646 absque
1802 1597 1908 1629 car-

117 1665 290 1715 dinalis
312 1666 650 1730 expectatione
674 1664 755 1732 (1).

181 1753 296 1799 Post
315 1751 610 1816 prescriptos
631 1751 876 1816 principes
904 1750 1181 1801 obtulerunt
1208 1767 1283 1800 xvl
1310 1749 1482 1799 vexilla
1508 1749 1662 1813 patrie
1686 1750 1905 1814 subjecte

118 1837 282 1886 domui
299 1837 511 1896 Austrie,
540 1835 764 1885 videlicet
791 1853 877 1900 pro
906 1836 1121 1900 qualibet
1147 1837 1411 1901 patriarum
1438 1850 1562 1882 unus
1594 1833 1770 1882 nobilis
1792 1849 1907 1897 por-

119 1922 250 1971 tabat
276 1923 502 1971 vexillum
541 1935 773 1983 magnum
803 1936 948 1983 quem
977 1920 1305 1984 sequebantur
1336 1919 1549 1984 quinque
1581 1918 1660 1965 alii
1695 1917 1901 1977 nobiles,

120 2020 328 2068 quorum
361 2022 487 2054 unus
519 2005 742 2070 portabat
774 2005 981 2069 galeam,
1026 2004 1148 2052 alius
1188 2020 1339 2064 arma,
1384 2004 1504 2053 alius
1545 2005 1754 2069 insignia
1790 2020 1902 2052 cum

119 2093 274 2151 scuto,
299 2090 379 2138 alii
401 2090 494 2138 duo
511 2089 745 2139 ducentes
771 2105 950 2153 equum
976 2103 1206 2152 magnum
1233 2087 1458 2136 vestitum
1486 2089 1584 2138 sive
1614 2092 1902 2152 coopertum

115 2188 276 2237 panno
298 2174 437 2238 nigro
459 2190 487 2222 a
507 2173 664 2238 capite
684 2189 838 2237 usque
860 2173 920 2221 ad
937 2173 1104 2237 pedes.

182 2260 433 2307 Postremo
462 2258 757 2322 sequebatur
786 2257 979 2321 Imperii
1010 2257 1170 2306 ferens
1204 2256 1445 2315 vexillum,
1481 2256 1658 2319 aquila,
1689 2256 1897 2320 galeam,

116 2340 354 2403 diadema,
387 2343 622 2392 mundum
654 2343 750 2392 sive
781 2359 1001 2408 pomum,
1042 2346 1307 2406 sceptrum,
1344 2341 1557 2406 gladium
1590 2340 1819 2389 heraldus
1853 2347 1900 2389 et

118 2442 271 2490 equus
324 2428 581 2476 maximus.
633 2428 850 2476 Aderant
890 2432 936 2476 et
973 2427 1111 2475 multi
1150 2426 1230 2474 alii
1254 2427 1479 2490 ‚comites
1523 2429 1570 2474 et
1600 2425 1808 2474 barones
1851 2428 1898 2473 et

115 2515 356 2575 potentes,
382 2528 502 2576 quos
525 2528 812 2562 enumerare
833 2512 1034 2576 longum
1056 2516 1202 2562 esset.

179 2597 453 2660 Sequuntur
471 2612 551 2645 xw
570 2596 725 2661 patrie
745 2596 804 2645 de
827 2596 1000 2659 quibus
1023 2612 1168 2660 supra
1188 2595 1242 2644 fit
1263 2595 1447 2644 mentio
1471 2613 1480 2642 ;

175 2679 454 2743 Imperium,
496 2681 760 2744 Hungaria,
804 2680 999 2728 Austria
1042 2696 1188 2739 nova,
1234 2680 1427 2728 Austria
1467 2679 1682 2741 antiqua,
1728 2677 1892 2736 Stiria,

114 2763 349 2823 Karintia,
374 2764 614 2823 Carniola,
647 2764 890 2827 Aspurgh,
922 2763 1110 2822 Tirolis,
1139 2763 1348 2823 Alsacia,
1380 2762 1631 2826 Burgaria,
1656 2761 1900 2809 Marchio-

115 2850 255 2895 natus
293 2847 600 2906 Viennensis,
643 2850 825 2896 Pontus
865 2847 1062 2907 Naonis,
1100 2847 1273 2896 Phiere
1309 2847 1568 2895 comitatus
1591 2845 1668 2910 (de
1692 2844 1891 2910 Frigia),

116 2931 417 2994 Brisachum,
443 2931 603 2981 Patria
629 2932 753 2981 ultra
772 2935 1014 2982 Donatum
1038 2930 1099 2998 (2)
1121 2932 1304 2980 flumen
1326 2930 1406 2979 ubi
1429 2934 1502 2980 est
1523 2930 1658 2978 Lintz
1664 2967 1762 2979 .....

158 3149 191 3188 1.
217 3150 288 3189 Sur
307 3157 398 3192 cette
419 3152 636 3191 ambassade
661 3164 734 3201 que
755 3150 943 3190 Burchard
963 3165 1009 3190 ne
1034 3152 1100 3190 fait
1125 3164 1195 3201 que
1216 3151 1458 3198 menfictmer,
1481 3164 1565 3201 voy.
1591 3149 1777 3189 Infessura
1798 3149 1890 3189 dans

116 3206 264 3258 Eceard,
284 3216 313 3250 t.
335 3213 472 3264 II,.col.
494 3214 602 3253 2012.

161 3272 196 3308 2.
224 3270 276 3307 Le
292 3272 459 3320 Danube,
479 3286 526 3312 en
545 3275 723 3312 allemand
742 3277 884 3312 Donau.
907 3274 957 3311 Le
972 3274 1120 3323 journal
1139 3273 1184 3311 de
1197 3273 1386 3310 Burchard
1401 3272 1549 3309 s'arrete
1570 3272 1616 3308 ici
1637 3276 1673 3309 et
1686 3284 1730 3308 ne
1743 3271 1899 3319 reprend

110 3329 195 3378 qu’a
213 3329 249 3366 la
269 3330 350 3368 date
369 3332 419 3368 du
439 3334 590 3380 sameffl,
613 3335 654 3371 11
679 3334 821 3383 janvier
849 3335 953 3372 1494.
987 3335 1088 3371 Cette
1115 3333 1244 3370 lacune
1270 3337 1326 3370 est
1352 3344 1397 3368 en
1424 3332 1538 3380 partie
1565 3331 1726 3369 comblee
1747 3331 1839 3367 dans
1866 3329 1898 3364 le

108 3389 217 3439 Chigi
242 3395 279 3428 et
298 3390 330 3427 le
348 3392 456 3437 5522,
492 3405 556 3441 par
586 3406 657 3430 une
682 3394 940 3443 interpolation
961 3394 1186 3431 d'Infessura
1218 3393 1280 3441 qui
1314 3395 1371 3428 est
1396 3391 1604 3440 reproduite
1626 3391 1671 3427 ici
1696 3394 1796 3427 entre
1817 3400 1896 3424 cro-

110 3450 227 3489 chets.
250 3451 321 3488 Les
341 3462 430 3489 mss,
456 3452 536 3496 149,
556 3453 652 3489 5160
671 3457 707 3490 et
729 3454 844 3490 13734
865 3465 911 3490 ne
931 3453 965 3490 la
985 3454 1148 3490 donnent
1168 3464 1247 3501 pas.
