2222 3926
216 360 227 366 -
308 305 378 340 208
914 305 1144 343 JOHANNIS
1179 306 1469 353 BURCHARDI,
1758 308 1967 348 [Decembre
1989 310 2084 349 1494]

310 409 473 454 nostra
494 406 626 455 felici
656 406 859 456 sanitate
882 412 929 456 et
952 423 1135 466 amore,
1161 413 1211 456 ut
1240 413 1287 456 et
1307 424 1390 456 vos
1412 423 1505 470 que
1527 407 1586 455 de
1607 406 1746 455 nobis
1767 413 1878 456 sunt
1901 410 1959 457 ab
1980 410 2082 474 ipso

309 488 539 538 discenda
559 490 810 539 audientes
837 490 1145 539 delectemini
1169 490 1291 538 sicut
1313 494 1360 538 et
1382 505 1468 537 nos
1491 489 1788 538 delectamur
1814 506 1823 537 :
1849 491 2082 554 jussimus

311 572 472 633 etiam,
504 578 551 622 et
578 579 650 622 est
684 573 847 621 datum
885 573 933 621 id
963 573 1092 636 quod
1128 576 1201 621 est
1237 577 1526 621 conventum
1559 573 1777 636 predicto
1809 589 1945 623 servo
1973 590 2081 624 meo

312 656 574 716 Cassimen,
601 660 651 703 ut
671 656 882 719 perferat
902 656 1059 719 ipsum
1081 655 1141 703 ad
1165 659 1292 703 tuam
1315 655 1694 715 Gloriositatem3
1716 661 1762 705 et
1783 672 1892 705 cum
1910 657 2085 706 auxilio

309 739 393 787 Dei
422 754 641 787 reversus
676 738 817 787 fuerit
847 753 1036 786 rursum
1065 738 1124 786 ad
1153 754 1314 787 meam
1341 739 1655 788 Altitudinem
1677 740 1915 804 significet
1941 740 2079 789 nobis

306 825 509 870 vestram
547 821 751 870 salutem
794 825 841 870 et
872 821 1153 881 amicitiam,
1194 826 1245 871 ut
1277 821 1388 871 inde
1421 838 1531 871 cum
1569 823 1891 872 audiverimus
1924 824 2078 888 magis

307 905 451 954 etiam
481 905 779 954 delectemur
806 909 853 953 et
882 919 974 968 que
1003 904 1094 968 ipsi
1119 904 1450 954 mandavimus
1475 907 1601 955 nota'
1618 907 1763 955 faciet
1786 922 1871 956 sue
1898 907 2082 971 magni-

307 987 476 1051 tudini.
509 991 628 1038 Date
655 992 814 1037 autem
841 988 930 1052 ipsi
959 988 1104 1037 fidem
1138 988 1187 1037 in
1220 988 1294 1037 his
1330 986 1634 1054 quecumque
1666 990 1838 1038 dixerit
1868 1005 1877 1037 z
1914 989 2078 1037 datum

306 1072 354 1120 in
384 1072 492 1121 aula
517 1076 680 1121 nostre
709 1072 892 1120 sultane
922 1072 1218 1120 auctoritatis
1249 1072 1298 1120 in
1319 1073 1751 1138 Constantinopoli,
1777 1076 1918 1133 1494,
1949 1089 2078 1123 anno

307 1171 333 1204 a
353 1158 464 1204 Jesu
488 1156 722 1220 prophete
745 1155 1008 1215 nativitate,
1035 1155 1112 1204 die
1133 1171 1251 1204 xvui
1272 1156 1560 1220 septembris
1583 1157 1780 1206 mensis.

368 1239 533 1288 Sultan
557 1238 745 1304 Bajazet
773 1239 922 1299 Chan,
957 1243 1071 1300 etc.,
1103 1238 1392 1299 Alexandro,
1415 1245 1530 1300 etc.,
1553 1246 1662 1305 post
1682 1241 2068 1301 convenientem,

306 1328 397 1372 etc,
419 1339 428 1372 :
453 1327 619 1371 notum
642 1323 707 1371 sit>
725 1328 805 1371 tuo
828 1337 1051 1387 supremo
1073 1323 1320 1386 pontificio
1347 1323 1754 1387 quemadmodum
1776 1328 1830 1373 R.
1858 1327 1914 1373 D.
1939 1325 2079 1374 Nico-

302 1407 405 1455 laus
437 1399 569 1467 Cibo,
598 1405 987 1471 archiepiscopus
1013 1406 1328 1466 Arelatensis,
1356 1411 1429 1456 est
1456 1407 1628 1472 dignus
1662 1412 1709 1457 et
1739 1408 1896 1457 fidelis
1926 1409 2075 1458 homo

305 1491 406 1555 ipse
444 1491 665 1540 videlicet
704 1495 755 1540 ut
799 1495 1017 1554 tempore
1065 1489 1370 1554 precedentis
1410 1492 1536 1555 Pape
1580 1492 1792 1556 supremi
1831 1491 2076 1556 pontificis

303 1575 483 1625 domini
503 1573 770 1624 Innocentii
795 1589 944 1638 usque
966 1573 1016 1622 in
1035 1573 1324 1623 hodiernum
1346 1574 1473 1622 diem
1493 1574 1542 1623 in
1564 1580 1752 1639 tempus
1779 1591 1862 1624 sue
1881 1575 2070 1639 Magni-

304 1657 481 1707 tudinis
501 1657 709 1722 gloriose
728 1657 788 1706 ad
810 1673 982 1722 pacem
1004 1662 1048 1706 et
1071 1658 1334 1707 amicitiam
1355 1658 1567 1718 festinat,
1601 1674 1888 1723 semperque
1910 1659 2072 1708 anima

303 1746 351 1790 et
380 1756 582 1806 corpore
612 1740 660 1789 in
698 1740 978 1790 fidelissima
1012 1740 1107 1789 fide
1145 1741 1331 1790 duabus
1362 1740 1575 1805 partibus
1614 1738 1803 1788 servivit
1838 1743 1886 1786 et
1913 1737 2072 1787 adhuc

303 1825 447 1874 servit
488 1840 497 1874 ε
536 1825 680 1890 hujus
719 1824 864 1889 igitur
907 1823 978 1872 rei
1024 1839 1170 1873 causa
1206 1825 1389 1888 justum
1431 1828 1503 1872 est
1541 1821 1678 1871 nobis
1719 1826 1767 1871 et
1807 1820 1984 1870 decens
2022 1821 2071 1870 in

302 1908 468 1972 majori
502 1908 669 1956 ordine
700 1908 855 1972 ipsum
886 1922 993 1956 esse
1024 1906 1219 1967 debere,
1253 1907 1380 1956 unde
1412 1912 1460 1956 et
1489 1906 1760 1970 rogavimus
1789 1921 2073 1971 supremum

300 1991 582 2056 pontificem
618 1995 669 2039 ut
704 1991 884 2040 faceret
929 1989 1063 2039 illum
1112 1990 1405 2040 cardinalem
1442 1996 1490 2040 et
1529 2006 1755 2040 assensus
1792 1995 1866 2040 est
1906 1995 2071 2040 nostre

300 2074 520 2139 petitioni
558 2075 678 2124 adeo
713 2080 764 2123 ut
798 2072 949 2124 literis
985 2074 1130 2123 etiam
1163 2075 1302 2123 nobis
1337 2075 1678 2139 significaverit
1709 2074 1838 2139 quod
1866 2075 2070 2139 petitum

301 2163 374 2208 est
394 2159 557 2208 datum
578 2159 725 2208 fuisse
747 2158 861 2223 ipsi;
886 2173 1051 2207 verum
1073 2158 1185 2221 quia
1205 2173 1302 2207 non
1325 2162 1425 2207 erat
1448 2163 1656 2222 tempUS,
1680 2157 1729 2205 id
1756 2161 1827 2206 est
1857 2162 2071 2221 septem-

303 2240 396 2291 bris
418 2241 616 2302 mensiS,
642 2257 739 2291 non
761 2241 896 2291 sedet
915 2241 964 2290 in
985 2241 1153 2290 ordine
1175 2257 1260 2290 suo
1283 2246 1331 2290 ut
1354 2241 1552 2305 requirit
1575 2245 1729 2290 vestra
1749 2240 2068 2290 consuetudO.

303 2326 490 2374 Interea
523 2341 634 2375 vero
667 2325 806 2389 jussu
841 2325 926 2374 Dei
963 2323 1094 2373 dedit
1123 2325 1336 2390 pontifex
1366 2340 1622 2374 commune
1656 2324 1889 2385 debitum,
1923 2329 1971 2374 et
2003 2325 2071 2374 sic

301 2408 402 2473 ipse
426 2409 671 2458 remansit.
697 2411 764 2457 Ea
788 2409 934 2473 igitur
963 2410 1021 2458 de
1051 2425 1197 2459 causa
1218 2408 1470 2458 scribimus
1493 2413 1540 2457 et
1563 2423 1787 2473 rogamus
1813 2413 1946 2457 tuam
1970 2410 2070 2457 Ma-

300 2492 600 2556 gnitudinem
630 2496 826 2558 propter
854 2508 1024 2557 pacem
1047 2498 1095 2541 et
1122 2492 1382 2542 amicitiam
1410 2508 1528 2556 quas
1557 2491 1682 2541 inter
1712 2507 1800 2540 nos
1831 2491 2070 2540 habemus

301 2578 348 2623 et
368 2579 562 2640 propter
582 2591 745 2625 meum
767 2591 868 2636 cor,
891 2581 942 2624 ut
963 2576 1221 2641 adimpleat
1252 2576 1301 2624 id
1323 2580 1456 2625 tuum
1477 2575 1795 2640 pontificium,
1827 2575 2065 2634 videlicet,

300 2662 352 2707 ut
390 2657 531 2707 faciat
565 2659 723 2723 ipsum
760 2659 1028 2724 perfectum
1064 2659 1358 2708 cardinalem
1395 2674 1404 2706 :
1435 2658 1722 2707 habebimus
1757 2664 1802 2708 et
1830 2673 1918 2707 nos
1945 2657 1994 2706 id
2023 2657 2071 2705 in

301 2753 477 2803 magna
498 2741 666 2805 gratia.

369 2824 542 2873 Datum
580 2825 629 2873 in
679 2825 788 2875 aula
839 2831 1003 2876 nostre
1050 2826 1234 2875 sultane
1280 2825 1594 2887 auctoritatis,
1645 2825 1692 2874 in
1735 2823 2074 2874 Constantino—

303 2904 400 2969 poli
428 2910 568 2970 1494,
593 2924 718 2958 anno
737 2926 765 2958 a
780 2913 893 2959 Jesu
915 2910 1171 2975 Prophete,
1196 2909 1439 2958 nativitate
1460 2924 1580 2957 xvm
1602 2907 1889 2958 decembris,

372 2992 704 3058 Suprascripte
735 2998 967 3058 quaterne
997 2994 1135 3042 litere
1166 2997 1302 3043 erant
1325 2992 1499 3056 scripte
1526 2991 1574 3039 in
1606 2991 1769 3040 charta
1797 2990 2075 3039 authentica

303 3091 437 3126 more
461 3080 726 3128 Turcarum
749 3095 859 3127 cum
888 3078 1096 3143 quodam
1119 3078 1255 3143 signo
1284 3092 1431 3126 aureo
1463 3077 1511 3125 in
1537 3076 1691 3140 capite
1723 3090 1732 3123 ε
1763 3090 1881 3139 quas
1910 3074 2073 3123 literas

304 3160 542 3209 transtulit
559 3161 607 3209 in
625 3162 827 3211 latinum
850 3162 910 3212 de
922 3162 1071 3212 verbo
1095 3162 1155 3211 ad
1178 3161 1377 3210 verbum
1398 3175 1476 3210 me
1499 3160 1766 3225 excipiente
1790 3164 1837 3209 et
1854 3163 2068 3219 notante,

302 3243 516 3293 eruditus
534 3244 605 3293 vir
617 3248 865 3307 LascaruS,
888 3246 1081 3295 natione
1097 3247 1276 3294 Grecus
1293 3259 1302 3303 ;
1322 3243 1575 3292 assistente
1592 3243 1658 3291 illi
1675 3247 1721 3292 et
1736 3243 1809 3308 adj
1818 3247 1988 3291 uvante
2003 3242 2073 3290 in—

306 3327 635 3391 terpretationi
670 3329 934 3379 reverendo
970 3332 1026 3378 D.
1062 3327 1256 3395 Aloysio
1292 3327 1424 3387 Pico,
1456 3327 1683 3392 episcopo
1721 3327 2072 3390 Famagustano

302 3415 348 3459 et
369 3411 595 3460 Marcello
629 3413 1171 3478 Constantinopolitan0‚
1196 3410 1503 3461 illustrissimi
1525 3411 1757 3476 principis
1785 3404 2070 3459 Salernitani
