2222 3926
265 325 331 359 194
867 322 1426 371 JOHANNISJQURCHARDI,
1702 323 1913 365 [Novembre
1936 322 2031 361 1494]

265 442 444 489 ganeus
479 442 594 474 suus
617 426 712 473 sive
745 425 946 474 vicarius
981 427 1028 473 in
1061 427 1414 490 pontificalibus
1437 430 1582 483 esset,
1607 429 1654 473 et
1686 425 1744 472 de
1765 425 2032 488 provisione

266 510 583 559 ducentorum
606 510 888 559 ducatorum
911 509 1020 557 alibi
1045 509 1288 572 provisum
1310 511 1357 555 et
1379 506 1583 555 ecclesia
1607 507 1838 555 Gurcensi
1856 523 1884 554 a
1904 507 2034 555 solu-

266 593 395 642 tione
432 594 678 657 pensionis
718 595 842 641 illius
879 592 968 640 sibi
1002 591 1178 639 vicario
1215 594 1454 637 reservate
1491 589 1683 653 exigere
1714 589 1788 638 vel
1820 589 2034 654 recipere

265 692 362 724 non
395 676 556 734 vellet;
588 692 809 724 asserens
839 691 890 722 se
921 675 1100 722 dudum
1139 673 1285 720 fuisse
1315 678 1361 720 et
1393 688 1500 721 esse
1521 661 1747 731 effetum,
1780 688 1953 736 meque
1986 672 2034 720 in

267 775 597 807 successorem
620 774 758 806 suum
781 758 1005 820 elegisse,
1040 760 1088 804 et
1108 772 1186 804 me
1216 756 1475 804 exhortans
1496 755 1556 803 ad
1583 755 1929 819 acceptandum
1949 771 2036 820 per

265 843 403 906 plura
428 846 658 890 consueta
687 841 846 889 verba.
876 840 1118 903 Respondi
1147 840 1360 903 allegans
1388 838 1778 888 insufficientiam
1805 854 1962 888 meam
1992 843 2038 887 et

265 925 395 988 quod
421 941 567 988 super
591 925 684 972 hoc
713 924 885 972 melius
915 923 1172 987 cogitaret3
1209 938 1299 987 ego
1329 923 1473 970 etiam
1501 938 1660 971 essem
1690 922 2037 971 deliberaturus

266 1009 394 1072 qnod
414 1008 531 1055 mihi
553 1008 828 1056 faciendum
850 1011 994 1056 esset.

330 1091 510 1140 Eadem
560 1091 655 1151 die,
701 1091 862 1155 vigilia
900 1090 1116 1138 omnium
1163 1094 1457 1149 sanctorum,
1489 1105 1587 1138 non
1635 1089 1724 1138 fuit
1756 1088 2033 1137 audientia:

263 1175 465 1223 mutatio
507 1190 784 1238 capparum.
822 1176 1033 1222 Fuerunt
1070 1189 1268 1237 vespere
1301 1173 1496 1237 papales
1535 1173 1585 1221 in
1623 1172 1806 1237 capella
1831 1172 2034 1236 majore,

263 1261 392 1322 Papa
427 1262 653 1321 presente
680 1274 689 1317 ;
732 1257 778 1304 in
816 1273 958 1305 mane
982 1257 1203 1320 sequenti
1238 1256 1325 1305 fuit
1356 1257 1504 1304 missa
1526 1256 1576 1304 in
1615 1255 1812 1304 basilica
1845 1272 1883 1303 s.
1910 1253 2038 1303 Petri

263 1358 406 1405 quam
438 1341 696 1390 celebravit
731 1340 986 1388 cardinalis
1015 1339 1292 1398 Gurcensis,
1322 1342 1449 1403 Papa
1479 1339 1624 1388 etiam
1660 1342 1902 1403 presente.
1932 1340 2040 1386 Ser-

262 1439 458 1473 monem
498 1423 614 1472 fecit
661 1426 718 1471 D.
766 1423 1108 1483 Bernardinus,
1160 1423 1422 1471 canonicus
1479 1425 1935 1486 Cesaraugustanus,
1980 1420 2039 1468 ab

258 1507 481 1555 omnibus
501 1507 746 1555 laudatum
773 1524 782 1556 :
810 1507 903 1556 alia
922 1523 1058 1555 more
1082 1507 1242 1557 solito.
1266 1510 1320 1556 In
1352 1522 1477 1566 sero,
1499 1521 1596 1555 non
1618 1506 1811 1554 fuerunt
1837 1519 2035 1569 vespere

259 1594 458 1654 propter
476 1590 769 1639 dominicam
806 1594 1105 1654 sequentem.

326 1674 504 1722 Eadem
533 1674 627 1733 die,
665 1678 773 1738 post
795 1674 1069 1738 prandium,
1094 1674 1350 1722 cardinalis
1385 1673 1668 1724 Valentinus
1688 1672 1927 1736 equitavit
1945 1674 2042 1720 Ma-

263 1758 422 1807 rinum
453 1775 511 1807 ex
542 1759 886 1808 commissione
908 1762 1061 1823 Pape;
1094 1760 1268 1808 absens
1291 1759 1469 1807 ibidem
1493 1773 1836 1823 permansurus
1863 1771 2042 1819 quous-

260 1858 354 1905 que
388 1842 644 1891 cardinalis
665 1843 899 1890 Ascanius
930 1843 1108 1891 ibidem
1144 1859 1364 1906 presens,
1389 1842 1472 1905 qui
1500 1842 1559 1891 ad
1590 1841 1889 1891 vocationem
1912 1842 2039 1904 Pape

261 1927 464 1973 Romam
486 1925 637 1972 iturus
669 1929 788 1984 erat,
813 1925 1050 1972 Marinum
1084 1924 1279 1973 rediret.

325 2008 593 2068 Dominica,
633 2010 659 2054 2
694 2007 984 2068 novembris,
1023 2023 1224 2072 vespere
1261 2008 1455 2057 fuerunt
1492 2008 1618 2056 dicte
1661 2011 1709 2056 et
1743 2004 2033 2066 matutinum

259 2091 595 2140 desunctorum
631 2090 680 2138 in
717 2091 903 2154 capella
935 2091 1136 2155 majore,
1177 2107 1311 2139 more
1348 2091 1505 2151 solito,
1541 2094 1668 2154 Papa
1705 2092 1947 2154 presente,
1985 2087 2035 2134 in

257 2190 407 2238 cappa
422 2174 479 2223 de
496 2174 717 2222 scarlato.
738 2174 970 2221 Fimbrias
999 2174 1142 2221 simul
1162 2175 1389 2223 collectas
1404 2174 1608 2238 portavit
1625 2174 1880 2237 episcopus
1913 2174 2032 2219 Por-

260 2256 538 2320 tugallensis
566 2257 797 2305 assistens
830 2263 926 2305 tam
948 2257 1105 2306 eundo
1121 2257 1181 2305 ad
1198 2257 1433 2321 capellam
1467 2272 1610 2320 quam
1629 2256 1740 2304 inde
1764 2253 2029 2304 redeundo.

327 2342 378 2387 ln
399 2345 540 2388 nocte
563 2340 800 2403 sequenti,
837 2341 966 2389 venit
987 2340 1047 2389 ad
1078 2341 1254 2389 Urbem
1277 2340 1337 2388 ad
1362 2340 1590 2404 palatium
1617 2337 1934 2403 apostolicum
1973 2333 2033 2382 ad

261 2427 439 2488 Papam
460 2427 626 2472 Rmus.
652 2427 709 2472 D.
733 2424 986 2472 cardinalis
1010 2424 1243 2472 Ascanius
1263 2424 1342 2487 qui
1366 2439 1476 2472 cum
1498 2426 1642 2488 Papa,
1668 2422 1726 2471 ad
1748 2426 1846 2471 tres
1866 2420 2030 2478 horas,

261 2508 320 2555 de
342 2508 486 2556 rebus
509 2507 828 2567 currentibus,
853 2506 1043 2555 locutus
1067 2512 1138 2556 est
1162 2512 1243 2573 (1).

309 2669 341 2707 1.
363 2669 521 2706 Ascanio
542 2668 638 2706 avait
663 2667 726 2704 fait
752 2667 828 2704 dire
848 2679 894 2704 611
915 2665 1013 2715 Pape
1041 2666 1127 2715 qu'il
1147 2667 1234 2703 etait
1253 2670 1333 2716 pret
1357 2670 1378 2704 6
1405 2679 1443 2704 se
1469 2667 1597 2704 rendre
1622 2669 1644 2703 a
1662 2667 1791 2711 Rome,
1814 2665 1867 2702 s’il
1889 2664 2036 2713 pouvait

258 2729 429 2765 effectuer
449 2741 535 2766 sans
557 2729 697 2776 danger
718 2739 786 2764 son
806 2739 960 2776 voyage.
983 2726 1087 2763 Volci
1107 2726 1141 2764 la
1160 2727 1320 2775 depeche
1340 2738 1410 2775 que
1437 2726 1599 2764 Guidotti
1619 2727 1663 2763 de
1691 2725 1790 2763 Colle
1816 2723 1995 2761 adressait
2015 2726 2037 2760 6

260 2801 300 2824 66
319 2789 413 2837 sujet
434 2801 505 2825 aux
525 2790 559 2826 8.
583 2789 627 2824 de
650 2786 806 2832 Pratum,
830 2787 861 2823 le
881 2789 904 2822 :2
923 2786 1117 2823 novembre
1133 2787 1237 2824 1494.

310 2863 328 2881 «
415 2847 443 2883 Il
462 2847 601 2884 Revmo
625 2847 811 2894 monsign.
834 2846 992 2882 Ascanio
1019 2847 1067 2881 ha
1093 2846 1187 2883 sacto
1208 2846 1284 2883 dire
1304 2845 1337 2882 al
1364 2848 1464 2894 Papa
1488 2847 1535 2883 da
1554 2845 1735 2883 Cardinali
1756 2844 1792 2881 di
1820 2844 1894 2881 San
1921 2844 2031 2880 Seve-

259 2907 338 2943 rino
359 2910 394 2943 et
413 2906 449 2943 di
469 2907 585 2951 Luna,
607 2907 674 2942 ohe
702 2905 848 2953 quando
875 2905 1019 2953 posessi
1050 2905 1293 2942 sicuramente
1318 2905 1440 2942 venire
1467 2905 1502 2941 in
1529 2906 1657 2950 Roma,
1679 2902 1867 2941 volentieri
1886 2901 2034 2939 verrebe

260 2968 306 3003 (16
326 2967 365 3004 S.
389 2965 553 3002 Sanctita
570 2977 633 3013 per
658 2965 798 3012 parlare
820 2977 887 3000 con
914 2964 1030 3011 quelle
1051 2977 1135 3001 cose
1159 2965 1194 3001 di
1215 2964 1286 3001 tale
1312 2964 1534 3013 importanza
1553 2966 1618 3000 che
1647 2975 1720 3000 non
1741 2962 1764 2999 li
1781 2974 1842 2999 era
1861 2960 1958 2997 licito
1978 2960 2033 2996 ne'

260 3026 385 3063 voleva
412 3024 658 3062 commecterle
689 3024 735 3059 ad
755 3023 846 3060 altri.
872 3023 898 3059 Il
919 3025 1032 3071 Papa,
1055 3024 1160 3060 nanzi
1190 3024 1213 3060 li
1239 3024 1350 3062 habbi
1371 3023 1575 3061 consentite
1592 3023 1628 3059 la
1652 3026 1798 3068 venuta,
1826 3020 1905 3057 dice
1924 3021 2036 3056 haver

261 3085 356 3122 facto
386 3084 576 3132 diligentia
603 3083 639 3120 di
666 3082 785 3119 volere
812 3082 1000 3118 intendere
1033 3083 1186 3130 qualche
1216 3083 1455 3132 partichulare
1481 3083 1518 3119 di
1544 3082 1661 3131 quello
1689 3081 1822 3130 perche
1853 3080 1901 3116 ha
1931 3079 2036 3115 decto

260 3143 395 3187 venire,
418 3143 472 3179 ne’
494 3142 565 3179 mai
587 3143 633 3178 da
657 3142 695 3178 S.
719 3141 816 3187 Sigia
837 3141 976 3176 Revma
995 3141 1042 3177 ha
1062 3147 1214 3190 possuto
1241 3142 1383 3179 ritrarre
1404 3141 1506 3186 altro,
1536 3153 1575 3177 se
1601 3152 1673 3177 non
1703 3141 1769 3176 che
1795 3139 1831 3175 in
1853 3149 1986 3186 genere
2012 3135 2035 3172 li

262 3203 309 3238 ha
328 3203 422 3238 facto
442 3201 655 3250 rispondere
676 3201 742 3236 6116
764 3199 866 3237 viene
892 3203 954 3247 qui
980 3211 1080 3235 come
1102 3201 1216 3237 amico
1240 3205 1275 3237 et
1294 3201 1413 3237 buono
1432 3199 1614 3236 servidore
1633 3198 1669 3234 di
1683 3199 1723 3236 S.
1741 3196 1904 3234 Sanctita
1922 3199 1957 3232 et
1974 3206 2037 3243 per

261 3261 348 3297 dii-si
376 3273 458 3297 cose
487 3262 551 3297 che
581 3261 604 3296 li
630 3260 860 3308 piaceranno,
891 3263 927 3296 et
953 3260 1109 3295 secondo
1139 3260 1162 3295 il
1189 3259 1369 3296 desiderio
1395 3271 1474 3296 suo.
1498 3259 1567 3295 Per
1592 3264 1721 3307 questo
1748 3258 1782 3294 la
1807 3255 2036 3294 Beatitudine

262 3332 328 3357 sua
342 3321 389 3356 116
407 3320 612 3357 consentito
635 3320 669 3356 16
685 3322 820 3356 venuta
840 3322 901 3366 qui
916 3318 973 3355 del
986 3318 1124 3366 prefato
1139 3321 1289 3356 Revmo.
1307 3318 1477 3365 Ascanio,
1497 3329 1560 3366 per
1575 3321 1718 3355 securta
1736 3317 1793 3354 del
1809 3315 1913 3365 quale
1927 3313 2039 3362 hoggi

260 3381 306 3416 ha
333 3380 502 3416 mandato
525 3379 557 3415 el
588 3379 739 3415 Rcvmo.
767 3377 954 3415 Cardinale
981 3377 1017 3413 di
1042 3377 1200 3414 Valenza
1226 3391 1247 3415 a
1273 3377 1412 3415 Marino
1438 3377 1474 3413 in
1495 3381 1619 3425 potere
1639 3378 1683 3414 de
1713 3374 1922 3420 Colonnesi,
1944 3373 2036 3409 dove

260 3441 358 3475 stara
375 3442 491 3485 tanto,
520 3442 656 3486 quanto
689 3441 751 3486 qui
784 3440 866 3475 sara
891 3436 925 3473 la
956 3440 1079 3473 stanza
1104 3436 1140 3472 di
1161 3436 1319 3485 Monsig.
1348 3436 1518 3482 Ascanio,
1544 3437 1566 3473 il
1593 3436 1697 3485 quale
1718 3440 1847 3485 questa
1882 3445 1963 3471 sera
1988 3431 2035 3468 ad
