2202 3938
181 403 407 449 [Decembre
422 403 516 443 1492]
640 398 811 436 RERUM
844 382 1149 436 URBANARUM
1181 396 1532 435 COMMENTARH.
1961 402 1985 438 5

195 507 273 556 del
303 510 456 556 Rosso
488 505 537 553 in
564 503 725 553 medio
754 501 911 566 campi
933 501 1072 550 Flore
1106 500 1347 549 insultavit
1371 500 1680 548 Dominicum
1704 502 1983 552 Beneacce-

195 593 365 641 dutum
394 591 501 655 ejus
537 587 807 645 inimicum,
840 602 952 635 cum
986 601 1080 649 quo
1114 589 1277 634 tamen
1312 585 1400 632 sub
1431 584 1764 648 fideijussione
1796 586 1985 635 vivebat

195 677 571 740 quingentorum
605 673 907 730 ducatorum,
937 670 1191 734 ipsumque
1227 669 1414 718 duabus
1444 669 1841 733 percussionibus
1874 687 1985 734 per-

196 761 346 809 cussit
388 764 436 808 et
474 755 737 806 vulneravit
766 754 1004 813 letaliter3
1043 770 1103 802 ex
1138 754 1310 817 quibus
1345 757 1566 801 mortuus
1600 752 1705 801 fuit.
1738 754 1795 801 Et
1825 756 1853 800 4
1887 753 1982 814 die,

117 848 125 851 ’
197 848 326 909 Papa
347 843 478 892 misit
497 840 927 891 vicecamerarium
947 854 1060 887 cum
1088 837 1510 887 conservatoribus
1533 843 1581 885 et
1602 840 1703 885 toto
1725 838 1905 902 populo
1926 838 1989 887 ad

199 926 544 976 destruendam
567 926 674 988 ejus
695 923 914 982 domum,
940 937 1146 984 eamque
1168 920 1422 969 destruxit.
1447 923 1506 968 Et
1526 920 1698 969 eadem
1720 924 1748 967 4
1773 920 1850 968 die
1873 935 1987 985 sep—

194 1011 420 1070 tembris,
458 1010 782 1072 Hieronymus
832 1004 982 1052 frater
1021 1003 1135 1052 dicti
1180 1003 1438 1051 Salvatoris
1481 1003 1825 1052 adinstantiam
1872 1002 1986 1051 dicti

196 1094 435 1145 Dominici
464 1092 555 1141 fuit
587 1105 870 1154 suspensuS,
901 1093 952 1136 ut
988 1102 1150 1152 supra.
1186 1089 1244 1135 Et
1276 1087 1344 1135 sic
1376 1087 1548 1136 eadem
1583 1086 1678 1146 die,
1709 1086 1769 1135 de
1805 1101 1864 1134 eo
1895 1085 1986 1134 fuit

195 1182 446 1243 assumpta
469 1176 696 1233 vindicta,
722 1173 850 1237 quod
882 1180 979 1220 non
1008 1175 1082 1220 est
1110 1171 1408 1220 credendum
1431 1171 1534 1220 sine
1558 1170 1645 1220 Dei
1667 1169 1984 1235 dispositione

193 1262 509 1328 processisse.
529 1264 659 1324 Papa
680 1257 878 1307 abstulit
899 1272 1077 1321 penam
1095 1272 1124 1304 a
1144 1255 1531 1321 fidejussoribus.

260 1347 444 1396 Eodem
464 1360 651 1404 mense,
667 1341 944 1410 Alexander
964 1340 1202 1389 ordinavit
1219 1340 1490 1388 visitatores
1512 1355 1782 1399 carcerum,
1805 1344 1853 1389 et
1873 1339 1987 1388 fecit

193 1437 401 1496 quatuor
421 1427 783 1479 commissarios
805 1426 887 1490 qui
918 1426 1141 1475 audirent
1168 1425 1393 1489 querelas
1422 1425 1470 1472 in
1500 1424 1647 1474 Urbe.
1673 1427 1731 1472 Et
1753 1424 1989 1473 ordinavit

194 1514 498 1581 syndicatum
523 1511 731 1577 Vignole
750 1514 798 1559 et
819 1525 1020 1558 suorum
1036 1509 1334 1568 officialium,
1361 1514 1408 1557 et
1431 1509 1598 1557 statuit
1618 1508 1914 1557 audientiam
1938 1508 1984 1555 in

193 1599 269 1648 die
296 1598 464 1646 martis
492 1597 719 1645 omnibus
747 1595 928 1645 civibus
955 1599 1054 1642 tam
1082 1594 1297 1643 maribus
1324 1608 1470 1656 quam
1500 1591 1711 1652 feminis,
1738 1598 1786 1640 et
1807 1591 1987 1641 audivit

194 1683 400 1748 ipsemet
427 1681 666 1745 querelas,
692 1684 740 1730 et
751 1679 988 1744 justitiam
1007 1678 1213 1727 mirabili
1230 1678 1376 1726 modo
1399 1678 1560 1727 facere
1584 1679 1712 1743 cepit
1734 1677 1814 1744 (1).

256 1766 441 1815 Eodem
459 1780 607 1824 anno,
625 1779 794 1813 mense
814 1762 1107 1821 decembris,
1126 1777 1298 1826 parum
1317 1766 1428 1811 ante
1453 1761 1646 1811 Domini
1666 1760 1981 1820 nativitatem,

196 1918 293 1966 sujet
311 1921 347 1952 et
367 1915 430 1951 fait
449 1914 605 1950 allusion
626 1925 673 1949 au
694 1924 872 1949 concours
887 1911 1108 1949 scandaleux
1130 1914 1230 1960 prete
1248 1923 1313 1960 par
1332 1911 1364 1948 le
1385 1912 1477 1948 frere
1492 1912 1626 1948 duduc
1646 1911 1691 1948 de
1705 1909 1820 1949 Milan
1835 1912 1856 1946 a
1870 1908 1988 1946 l'elec-

194 1978 270 2015 tion
290 1976 339 2011 du
359 1972 655 2011 vice-chancelier
677 1971 807 2018 Rorgia
834 1983 841 2006 t

348 2086 366 2104 «
388 2072 430 2106 P.
454 2070 500 2105 M.
523 2068 570 2105 A.
596 2070 643 2104 Μ.
666 2069 828 2104 Ascanio
851 2068 1014 2113 Sf'ortiw,
1037 2069 1260 2109 Vieecomili‚
1284 2067 1490 2108 Cardinali,
1519 2067 1836 2104 Vicecaneellario.

239 2171 258 2190 «
340 2155 414 2191 Sed
441 2154 510 2190 hoc
537 2152 682 2197 habeto,
707 2152 882 2199 Princeps
905 2151 1250 2196 111ustrissime,nec
1270 2150 1456 2199 placuisse
1475 2150 1567 2187 meis
1583 2150 1763 2198 Regibus,
1781 2149 1982 2186 Innocentii

192 2214 382 2253 pontificis
403 2218 574 2258 mortem,
592 2223 711 2260 neque
738 2211 997 2248 Pontificatum
1024 2211 1070 2247 ad
1096 2210 1360 2253 Alexandrum,
1390 2210 1556 2258 quamvis
1587 2222 1712 2246 eorum
1738 2209 1987 2252 ditionarium‚

190 2275 413 2325 pervenisse.
436 2273 618 2310 Verentur
637 2283 796 2319 namque
817 2283 862 2307 ne
883 2270 980 2308 illius
1008 2270 1204 2319 cupiditas,
1227 2281 1272 2306 ne
1292 2269 1455 2315 ambitio,
1479 2282 1524 2306 ne
1553 2270 1664 2317 (quod
1693 2270 1874 2317 gravius),
1896 2270 1989 2307 mol-

190 2336 286 2373 lities
307 2334 426 2372 filialis
448 2333 684 2370 christianam
706 2331 920 2380 religionem
940 2331 977 2366 in
998 2343 1159 2379 praeceps
1179 2331 1313 2368 trahat.
1335 2330 1408 2366 Nec
1420 2335 1461 2365 tu
1478 2333 1565 2365 nota
1581 2340 1700 2375 cares,
1715 2329 1778 2377 qui
1800 2329 1991 2377 suffragiis

189 2396 356 2446 pluribus
387 2393 485 2430 illum
520 2392 719 2438 hominem,
746 2396 787 2429 ut
806 2392 1035 2437 eveheretur,
1056 2390 1188 2427 diceris
1215 2389 1451 2438 adjuvisse...
1473 2388 1635 2425 Vulnera
1659 2388 1853 2437 calcesque
1873 2389 1920 2426 ab
1947 2400 1989 2425 eo

191 2455 311 2504 magis
338 2465 447 2502 quam
475 2451 735 2501 gratitudinem
761 2456 824 2488 aut
851 2451 986 2500 linguae
1019 2450 1212 2488 lambentis
1246 2449 1488 2487 medicamina
1519 2448 1752 2497 suspicamur
1782 2448 1985 2497 proditura.

192 2517 353 2563 Tempus
375 2513 442 2550 erit
461 2524 582 2549 rerum
602 2511 726 2548 index.
749 2511 851 2548 Vale.
874 2526 893 2545 »

880 2586 900 2605 «
928 2571 982 2607 Ex
1002 2571 1298 2619 Caesaraugusta,
1318 2571 1351 2608 V
1374 2569 1451 2608 Cal.
1471 2569 1631 2606 octobris
1655 2569 1760 2605 1492.
1784 2583 1803 2603 »

240 2638 335 2685 (Lib.
358 2638 404 2684 V,
426 2638 543 2687 Epist.
567 2638 696 2683 CXIX,
719 2649 805 2686 pag.
827 2638 904 2686 66.)

240 2705 273 2741 1.
302 2703 359 2739 Un
381 2704 446 2740 des
467 2703 643 2752 premiers
665 2702 766 2740 soins
788 2702 837 2738 du
857 2714 950 2751 pape
970 2702 1025 2739 fut
1044 2703 1088 2739 de
1109 2702 1259 2739 retablir
1278 2702 1465 2739 l'exercice
1486 2702 1531 2738 de
1551 2701 1586 2738 la
1599 2702 1754 2750 justice,
1775 2701 1988 2750 quin'exis-

192 2763 261 2800 tait
281 2763 364 2811 plus
385 2766 407 2799 a
426 2764 541 2800 Rome
561 2763 692 2811 depuis
713 2762 748 2799 la
766 2761 922 2798 maladie
942 2761 1005 2809 qui
1025 2761 1122 2799 avait
1142 2765 1304 2810 emporte
1325 2763 1503 2798 Innocent
1521 2761 1620 2798 VIII.
1651 2761 1739 2798 Huit
1765 2760 1858 2797 mois
1886 2763 1993 2808 apres

195 2834 262 2859 son
283 2822 451 2868 election,
472 2822 496 2858 il
522 2822 649 2870 publia
674 2822 709 2859 la
734 2821 834 2859 bulle
865 2823 964 2858 Inter
988 2823 1214 2869 multiplices
1245 2833 1364 2863 curas,
1395 2824 1518 2858 contre
1551 2833 1643 2857 ceux
1676 2821 1739 2869 qui
1761 2833 1800 2858 se
1820 2820 1992 2857 saisaient

188 2881 324 2930 justice
345 2885 576 2918 eux—memes
597 2894 643 2918 ou
664 2881 727 2930 qui
751 2881 922 2918 faisaient
935 2881 999 2917 des
1021 2881 1230 2918 incursions
1251 2893 1314 2918 sur
1327 2881 1360 2917 le
1379 2881 1559 2918 territoire
1580 2881 1871 2929 ecclesiastique.
1893 2880 1989 2928 Voy.

193 2941 443 2978 Bullarum....
479 2942 709 2987 amplissima
741 2942 914 2986 collectio,
942 2945 968 2979 t.
992 2941 1058 2987 III,
1079 2941 1118 2977 3Θ
1138 2945 1248 2989 part.,
1270 2952 1357 2989 pag.
1380 2940 1463 2978 232.
1487 2940 1594 2977 Anno
1614 2940 1759 2977 Domini
1780 2941 1887 2976 1493.
1907 2939 1990 2977 Kal.

193 3000 334 3049 aprilis.
357 3001 407 3037 Le
429 3001 483 3036 1⁰¹⁹
503 3012 601 3037 mars
630 3001 736 3045 1494,
758 2999 784 3036 il
803 3012 949 3038 nomma
968 3013 1041 3038 une
1067 3001 1303 3038 commission
1323 3003 1520 3049 composee
1546 3002 1613 3037 des
1646 3004 1926 3037 conservateurs
1948 3000 1991 3035 de

192 3059 228 3096 la
251 3060 350 3106 ville,
382 3061 447 3097 des
469 3059 570 3096 chefs
598 3061 643 3096 de
663 3060 844 3108 quartiers
866 3065 903 3098 et
922 3061 966 3097 de
987 3065 1157 3110 quatorze
1178 3061 1344 3110 citoyens
1364 3060 1525 3097 romains
1546 3061 1590 3096 de
1611 3063 1846 3109 competence
1869 3071 1991 3096 recon-

191 3130 263 3155 nue
282 3130 375 3166 pour
394 3118 586 3163 remanier,
605 3118 767 3167 corriger
785 3127 822 3157 et
841 3121 1037 3168 completer
1056 3120 1109 3157 les
1129 3120 1391 3157 constitutions
1411 3119 1610 3165 anciennes
1628 3123 1664 3156 et
1684 3118 1871 3156 nouvelles
1892 3130 1984 3166 pon-

192 3177 344 3214 tificales
365 3183 402 3215 et
420 3177 675 3226 municipales,
691 3178 746 3215 les
770 3183 919 3225 statuts,
937 3181 1093 3225 decrets‚
1115 3184 1201 3226 etc.,
1216 3192 1308 3228 pour
1327 3179 1458 3216 unifier
1477 3191 1522 3216 en
1544 3192 1593 3216 un
1613 3185 1690 3216 mot
1709 3178 1744 3216 la
1764 3177 1985 3227 legislation.

194 3235 244 3272 Ce
264 3236 346 3273 bref
363 3249 402 3274 se
421 3242 549 3274 trouve
570 3238 663 3274 dans
692 3237 746 3274 les
765 3239 913 3276 statuta
945 3244 978 3276 et
1002 3251 1105 3276 novae
1131 3242 1409 3285 reformationes
1436 3240 1545 3276 Urbis
1564 3242 1698 3284 Rmnae,
1722 3238 1856 3284 in-fol.,
1880 3238 1985 3282 1558,

193 3294 333 3338 Romae,
357 3295 415 3333 liv.
438 3297 500 3342 IV,
529 3296 591 3334 fol.
614 3298 644 3334 Ι.
667 3297 721 3333 En
750 3299 855 3344 1498,
877 3298 1085 3336 Alexandra
1104 3300 1153 3337 VI
1174 3311 1315 3347 songea
1339 3301 1362 3335 a
1383 3298 1515 3336 etahlir
1535 3311 1580 3335 en
1602 3298 1717 3343 Italie,
1740 3297 1835 3334 ainsi
1857 3295 1987 3344 qu'elle

195 3353 344 3391 existait
364 3366 409 3390 en
429 3356 612 3404 Espagne‚
634 3356 669 3393 la
687 3357 864 3394 confrerie
885 3359 929 3395 de
951 3358 984 3395 la
1004 3359 1500 3407 Sainte-Hermandad,pour
1519 3357 1695 3406 reprimer
1709 3358 1738 3393 le
1758 3356 1985 3404 brigandage

195 3418 230 3450 et
249 3413 358 3462 punir
378 3412 430 3448 les
451 3413 592 3450 voleurs
612 3419 649 3452 et
666 3415 720 3452 les
741 3416 901 3454 bandits.
926 3417 955 3453 Il
974 3429 1020 3454 ne
1041 3418 1095 3454 sut
1119 3430 1187 3466 pas
1211 3418 1331 3454 donne
1353 3417 1447 3454 suite
1468 3420 1489 3453 a
1509 3428 1550 3453 ce
1570 3417 1699 3465 projet.
1721 3416 1817 3463 Voy.
1838 3417 1984 3450 Decreta

195 3473 466 3510 consistorialia
486 3473 531 3507 ab
550 3473 763 3512 Alemandro
787 3477 836 3512 VI
854 3487 966 3522 usque
985 3478 1034 3513 ad
1056 3478 1243 3514 Urbanum
1267 3475 1488 3518 V111‚·‚Bib1.
1511 3479 1604 3519 nat.,
1620 3487 1712 3512 mss.
1732 3474 1859 3516 12555,
1876 3470 1983 3507 fonds

195 3532 274 3577 lat.‚
297 3533 357 3570 fol.
380 3533 414 3570 2.
438 3532 508 3586 Les
530 3534 664 3567 statuts
683 3533 728 3568 de
748 3538 842 3570 cette
862 3535 1038 3572 confrerie
1059 3541 1144 3573 sont
1164 3548 1208 3572 en
1226 3533 1418 3583 espagnol.
