<?xml version="1.0" encoding="UTF-8"?>
<!DOCTYPE html PUBLIC "-//W3C//DTD XHTML 1.0 Transitional//EN"
    "http://www.w3.org/TR/xhtml1/DTD/xhtml1-transitional.dtd">
<html xmlns="http://www.w3.org/1999/xhtml" xml:lang="en" lang="en">
 <head>
  <title>
</title>
<meta http-equiv="Content-Type" content="text/html;charset=utf-8" />
  <meta name='ocr-system' content='tesseract 3.04.00' />
  <meta name='ocr-capabilities' content='ocr_page ocr_carea ocr_par ocr_line ocrx_word'/>
</head>
<body>
  <div class='ocr_page' id='page_1' title='image "./diariumsivererum02burcuoft_0302.png"; bbox 0 0 2222 3926; ppageno 0'>
   <div class='ocr_carea' id='block_1_1' title="bbox 360 319 2138 366">
    <p class='ocr_par' dir='ltr' id='par_1_1' title="bbox 360 319 2138 366">
     <span class='ocr_line' id='line_1_1' title="bbox 360 319 2138 366; baseline 0.008 -16"><span class='ocrx_word' id='word_1_1' title='bbox 360 322 430 356; x_wconf 84' lang='lat'>290</span> <span class='ocrx_word' id='word_1_2' title='bbox 967 319 1199 356; x_wconf 79' lang='lat' dir='ltr'>JOHANNlS</span> <span class='ocrx_word' id='word_1_3' title='bbox 1231 320 1528 366; x_wconf 83' lang='lat' dir='ltr'>BURCHARDI,</span> <span class='ocrx_word' id='word_1_4' title='bbox 1923 324 2021 364; x_wconf 76' lang='lat' dir='ltr'>[Juiss</span> <span class='ocrx_word' id='word_1_5' title='bbox 2044 325 2138 364; x_wconf 78' lang='lat'><strong>1496]</strong></span> 
     </span>
    </p>
   </div>
   <div class='ocr_carea' id='block_1_2' title="bbox 343 422 2140 3233">
    <p class='ocr_par' dir='ltr' id='par_1_2' title="bbox 360 422 2140 1234">
     <span class='ocr_line' id='line_1_2' title="bbox 363 422 2136 487; baseline 0.002 -18"><span class='ocrx_word' id='word_1_6' title='bbox 363 425 412 469; x_wconf 90' lang='lat' dir='ltr'>et</span> <span class='ocrx_word' id='word_1_7' title='bbox 440 423 567 485; x_wconf 90' lang='lat' dir='ltr'>Pape</span> <span class='ocrx_word' id='word_1_8' title='bbox 589 426 829 484; x_wconf 83' lang='lat' dir='ltr'>receptuS,</span> <span class='ocrx_word' id='word_1_9' title='bbox 854 426 901 469; x_wconf 91' lang='lat' dir='ltr'>et</span> <span class='ocrx_word' id='word_1_10' title='bbox 923 437 1074 484; x_wconf 89' lang='lat' dir='ltr'>usque</span> <span class='ocrx_word' id='word_1_11' title='bbox 1103 422 1163 470; x_wconf 91' lang='lat' dir='ltr'>ad</span> <span class='ocrx_word' id='word_1_12' title='bbox 1188 424 1386 470; x_wconf 91' lang='lat' dir='ltr'>domum</span> <span class='ocrx_word' id='word_1_13' title='bbox 1409 426 1466 470; x_wconf 92' lang='lat' dir='ltr'>D.</span> <span class='ocrx_word' id='word_1_14' title='bbox 1497 423 1729 470; x_wconf 88' lang='lat' dir='ltr'>Johannis</span> <span class='ocrx_word' id='word_1_15' title='bbox 1760 423 1889 481; x_wconf 89' lang='lat' dir='ltr'>Gilii,</span> <span class='ocrx_word' id='word_1_16' title='bbox 1921 425 2136 487; x_wconf 88' lang='lat' dir='ltr'>ejusdem</span> 
     </span>
     <span class='ocr_line' id='line_1_3' title="bbox 364 504 2137 568; baseline 0.003 -17"><span class='ocrx_word' id='word_1_17' title='bbox 364 504 490 568; x_wconf 88' lang='lat' dir='ltr'>regis</span> <span class='ocrx_word' id='word_1_18' title='bbox 532 504 678 553; x_wconf 91' lang='lat' dir='ltr'>etiam</span> <span class='ocrx_word' id='word_1_19' title='bbox 718 504 939 563; x_wconf 79' lang='lat' dir='ltr'>oratoriS,</span> <span class='ocrx_word' id='word_1_20' title='bbox 979 505 1264 562; x_wconf 80' lang='lat' dir='ltr'>associatus,</span> <span class='ocrx_word' id='word_1_21' title='bbox 1303 505 1418 552; x_wconf 90' lang='lat' dir='ltr'>licet</span> <span class='ocrx_word' id='word_1_22' title='bbox 1453 519 1549 552; x_wconf 92' lang='lat' dir='ltr'>non</span> <span class='ocrx_word' id='word_1_23' title='bbox 1571 505 1698 553; x_wconf 89' lang='lat' dir='ltr'>venit</span> <span class='ocrx_word' id='word_1_24' title='bbox 1736 521 1823 568; x_wconf 90' lang='lat' dir='ltr'>pro</span> <span class='ocrx_word' id='word_1_25' title='bbox 1863 507 2137 557; x_wconf 88' lang='lat' dir='ltr'>obedientia</span> 
     </span>
     <span class='ocr_line' id='line_1_4' title="bbox 360 586 2136 653; baseline 0.002 -19"><span class='ocrx_word' id='word_1_26' title='bbox 360 587 578 651; x_wconf 81' lang='lat' dir='ltr'><strong>proxime</strong></span> <span class='ocrx_word' id='word_1_27' title='bbox 611 586 831 634; x_wconf 87' lang='lat' dir='ltr'>Pontifici</span> <span class='ocrx_word' id='word_1_28' title='bbox 853 586 1134 649; x_wconf 84' lang='lat' dir='ltr'>prestanda3</span> <span class='ocrx_word' id='word_1_29' title='bbox 1167 590 1214 634; x_wconf 88' lang='lat' dir='ltr'>et</span> <span class='ocrx_word' id='word_1_30' title='bbox 1241 587 1353 649; x_wconf 89' lang='lat' dir='ltr'>quia</span> <span class='ocrx_word' id='word_1_31' title='bbox 1380 587 1507 634; x_wconf 91' lang='lat' dir='ltr'>inter</span> <span class='ocrx_word' id='word_1_32' title='bbox 1534 591 1750 636; x_wconf 86' lang='lat' dir='ltr'>oratores</span> <span class='ocrx_word' id='word_1_33' title='bbox 1779 589 1905 653; x_wconf 87' lang='lat' dir='ltr'>regis</span> <span class='ocrx_word' id='word_1_34' title='bbox 1935 591 2136 653; x_wconf 89' lang='lat' dir='ltr'>predicti</span> 
     </span>
     <span class='ocr_line' id='line_1_5' title="bbox 362 668 2133 733; baseline 0.002 -15"><span class='ocrx_word' id='word_1_35' title='bbox 362 674 410 718; x_wconf 90' lang='lat' dir='ltr'>et</span> <span class='ocrx_word' id='word_1_36' title='bbox 450 670 575 733; x_wconf 88' lang='lat' dir='ltr'>regis</span> <span class='ocrx_word' id='word_1_37' title='bbox 618 668 954 731; x_wconf 79' lang='lat' dir='ltr'>Hispaniarum</span> <span class='ocrx_word' id='word_1_38' title='bbox 994 683 1138 731; x_wconf 89' lang='lat' dir='ltr'>super</span> <span class='ocrx_word' id='word_1_39' title='bbox 1171 669 1481 731; x_wconf 89' lang='lat' dir='ltr'>precedentia</span> <span class='ocrx_word' id='word_1_40' title='bbox 1519 671 1843 732; x_wconf 83' lang='lat' dir='ltr'>contenditur,</span> <span class='ocrx_word' id='word_1_41' title='bbox 1886 671 2039 720; x_wconf 92' lang='lat' dir='ltr'>dictus</span> <span class='ocrx_word' id='word_1_42' title='bbox 2077 675 2133 721; x_wconf 90' lang='lat' dir='ltr'>D.</span> 
     </span>
     <span class='ocr_line' id='line_1_6' title="bbox 363 750 2136 818; baseline 0.003 -19"><span class='ocrx_word' id='word_1_43' title='bbox 363 753 618 809; x_wconf 87' lang='lat' dir='ltr'>Rohertus,</span> <span class='ocrx_word' id='word_1_44' title='bbox 643 756 821 807; x_wconf 88' lang='lat' dir='ltr'>orator,</span> <span class='ocrx_word' id='word_1_45' title='bbox 851 750 979 798; x_wconf 90' lang='lat' dir='ltr'>venit</span> <span class='ocrx_word' id='word_1_46' title='bbox 1007 750 1196 798; x_wconf 85' lang='lat' dir='ltr'>medius</span> <span class='ocrx_word' id='word_1_47' title='bbox 1225 751 1352 800; x_wconf 92' lang='lat' dir='ltr'>inter</span> <span class='ocrx_word' id='word_1_48' title='bbox 1380 753 1799 818; x_wconf 90' lang='lat' dir='ltr'>archiepiscopum</span> <span class='ocrx_word' id='word_1_49' title='bbox 1824 756 2136 804; x_wconf 85' lang='lat' dir='ltr'>Cusentinum</span> 
     </span>
     <span class='ocr_line' id='line_1_7' title="bbox 360 834 2136 899; baseline 0.003 -16"><span class='ocrx_word' id='word_1_50' title='bbox 360 836 596 899; x_wconf 88' lang='lat' dir='ltr'>prelatum</span> <span class='ocrx_word' id='word_1_51' title='bbox 619 835 780 898; x_wconf 90' lang='lat' dir='ltr'>palatii</span> <span class='ocrx_word' id='word_1_52' title='bbox 802 850 830 882; x_wconf 92' lang='lat' dir='ltr'>a</span> <span class='ocrx_word' id='word_1_53' title='bbox 849 834 1029 883; x_wconf 79' lang='lat' dir='ltr'>dextris</span> <span class='ocrx_word' id='word_1_54' title='bbox 1048 840 1096 882; x_wconf 92' lang='lat' dir='ltr'>et</span> <span class='ocrx_word' id='word_1_55' title='bbox 1115 835 1352 899; x_wconf 88' lang='lat' dir='ltr'>prefatum</span> <span class='ocrx_word' id='word_1_56' title='bbox 1372 838 1428 884; x_wconf 89' lang='lat' dir='ltr'>D.</span> <span class='ocrx_word' id='word_1_57' title='bbox 1451 837 1645 897; x_wconf 86' lang='lat' dir='ltr'>Gilium,</span> <span class='ocrx_word' id='word_1_58' title='bbox 1672 843 1974 888; x_wconf 90' lang='lat' dir='ltr'>cooratorem</span> <span class='ocrx_word' id='word_1_59' title='bbox 1997 857 2136 889; x_wconf 92' lang='lat' dir='ltr'>suum</span> 
     </span>
     <span class='ocr_line' id='line_1_8' title="bbox 361 918 2138 987; baseline 0.003 -21"><span class='ocrx_word' id='word_1_60' title='bbox 361 936 388 966; x_wconf 88' lang='lat' dir='ltr'>a</span> <span class='ocrx_word' id='word_1_61' title='bbox 409 918 628 976; x_wconf 87' lang='lat' dir='ltr'>sinistris,</span> <span class='ocrx_word' id='word_1_62' title='bbox 655 933 775 981; x_wconf 91' lang='lat' dir='ltr'>quos</span> <span class='ocrx_word' id='word_1_63' title='bbox 798 918 950 967; x_wconf 88' lang='lat' dir='ltr'>secuti</span> <span class='ocrx_word' id='word_1_64' title='bbox 973 924 1083 966; x_wconf 91' lang='lat' dir='ltr'>sunt</span> <span class='ocrx_word' id='word_1_65' title='bbox 1110 924 1326 967; x_wconf 91' lang='lat' dir='ltr'>oratores</span> <span class='ocrx_word' id='word_1_66' title='bbox 1355 922 1682 968; x_wconf 88' lang='lat' dir='ltr'>Romanorum</span> <span class='ocrx_word' id='word_1_67' title='bbox 1704 923 1850 986; x_wconf 88' lang='lat' dir='ltr'>regis,</span> <span class='ocrx_word' id='word_1_68' title='bbox 1882 923 2138 987; x_wconf 90' lang='lat' dir='ltr'>Hispania-</span> 
     </span>
     <span class='ocr_line' id='line_1_9' title="bbox 363 1002 2139 1066; baseline 0.003 -16"><span class='ocrx_word' id='word_1_69' title='bbox 363 1019 467 1051; x_wconf 89' lang='lat' dir='ltr'>rum</span> <span class='ocrx_word' id='word_1_70' title='bbox 489 1002 617 1066; x_wconf 87' lang='lat' dir='ltr'>regis</span> <span class='ocrx_word' id='word_1_71' title='bbox 640 1006 684 1050; x_wconf 89' lang='lat' dir='ltr'>et</span> <span class='ocrx_word' id='word_1_72' title='bbox 712 1002 896 1065; x_wconf 88' lang='lat' dir='ltr'>regine,</span> <span class='ocrx_word' id='word_1_73' title='bbox 929 1002 1056 1066; x_wconf 83' lang='lat' dir='ltr'>regis</span> <span class='ocrx_word' id='word_1_74' title='bbox 1083 1003 1401 1066; x_wconf 82' lang='lat' dir='ltr'>Neapolitani,</span> <span class='ocrx_word' id='word_1_75' title='bbox 1430 1004 1629 1052; x_wconf 92' lang='lat' dir='ltr'>dominii</span> <span class='ocrx_word' id='word_1_76' title='bbox 1656 1008 1974 1065; x_wconf 88' lang='lat' dir='ltr'>Venetorum,</span> <span class='ocrx_word' id='word_1_77' title='bbox 2004 1007 2139 1056; x_wconf 88' lang='lat' dir='ltr'>ducis</span> 
     </span>
     <span class='ocr_line' id='line_1_10' title="bbox 360 1085 2140 1153; baseline 0.002 -17"><span class='ocrx_word' id='word_1_78' title='bbox 360 1087 638 1144; x_wconf 91' lang='lat' dir='ltr'>Mediolani,</span> <span class='ocrx_word' id='word_1_79' title='bbox 673 1085 753 1149; x_wconf 92' lang='lat' dir='ltr'>qui</span> <span class='ocrx_word' id='word_1_80' title='bbox 788 1085 961 1149; x_wconf 86' lang='lat' dir='ltr'>singuli</span> <span class='ocrx_word' id='word_1_81' title='bbox 994 1086 1270 1149; x_wconf 87' lang='lat' dir='ltr'>equitarunt</span> <span class='ocrx_word' id='word_1_82' title='bbox 1302 1102 1330 1134; x_wconf 87' lang='lat' dir='ltr'>a</span> <span class='ocrx_word' id='word_1_83' title='bbox 1363 1086 1564 1135; x_wconf 87' lang='lat' dir='ltr'>sinistris</span> <span class='ocrx_word' id='word_1_84' title='bbox 1599 1088 1897 1152; x_wconf 84' lang='lat' dir='ltr'>singulorum</span> <span class='ocrx_word' id='word_1_85' title='bbox 1931 1091 2140 1153; x_wconf 89' lang='lat' dir='ltr'>prelato-</span> 
     </span>
     <span class='ocr_line' id='line_1_11' title="bbox 360 1168 1599 1234; baseline -0.001 -15"><span class='ocrx_word' id='word_1_86' title='bbox 360 1188 465 1219; x_wconf 88' lang='lat' dir='ltr'>rum</span> <span class='ocrx_word' id='word_1_87' title='bbox 487 1169 666 1234; x_wconf 89' lang='lat' dir='ltr'>palatii,</span> <span class='ocrx_word' id='word_1_88' title='bbox 693 1172 740 1217; x_wconf 91' lang='lat' dir='ltr'>et</span> <span class='ocrx_word' id='word_1_89' title='bbox 760 1172 868 1232; x_wconf 90' lang='lat' dir='ltr'>post</span> <span class='ocrx_word' id='word_1_90' title='bbox 887 1184 970 1216; x_wconf 90' lang='lat' dir='ltr'>eos</span> <span class='ocrx_word' id='word_1_91' title='bbox 992 1168 1071 1216; x_wconf 92' lang='lat' dir='ltr'>alii</span> <span class='ocrx_word' id='word_1_92' title='bbox 1092 1168 1261 1232; x_wconf 90' lang='lat' dir='ltr'>prelati</span> <span class='ocrx_word' id='word_1_93' title='bbox 1283 1184 1419 1218; x_wconf 90' lang='lat' dir='ltr'>more</span> <span class='ocrx_word' id='word_1_94' title='bbox 1442 1170 1599 1218; x_wconf 90' lang='lat' dir='ltr'>solito.</span> 
     </span>
    </p>

    <p class='ocr_par' dir='ltr' id='par_1_3' title="bbox 357 1252 2140 1651">
     <span class='ocr_line' id='line_1_12' title="bbox 425 1252 2140 1320; baseline 0.003 -19"><span class='ocrx_word' id='word_1_95' title='bbox 425 1254 564 1303; x_wconf 89' lang='lat' dir='ltr'>Feria</span> <span class='ocrx_word' id='word_1_96' title='bbox 583 1253 742 1311; x_wconf 88' lang='lat' dir='ltr'>tertia,</span> <span class='ocrx_word' id='word_1_97' title='bbox 765 1252 926 1316; x_wconf 86' lang='lat' dir='ltr'>vigilia</span> <span class='ocrx_word' id='word_1_98' title='bbox 955 1252 1286 1316; x_wconf 89' lang='lat' dir='ltr'>apostolorum</span> <span class='ocrx_word' id='word_1_99' title='bbox 1310 1254 1439 1302; x_wconf 90' lang='lat' dir='ltr'>Petri</span> <span class='ocrx_word' id='word_1_100' title='bbox 1462 1258 1509 1302; x_wconf 91' lang='lat' dir='ltr'>et</span> <span class='ocrx_word' id='word_1_101' title='bbox 1530 1254 1682 1313; x_wconf 90' lang='lat' dir='ltr'>Pauli,</span> <span class='ocrx_word' id='word_1_102' title='bbox 1707 1258 1766 1303; x_wconf 77' lang='lat'>28</span> <span class='ocrx_word' id='word_1_103' title='bbox 1781 1256 1923 1320; x_wconf 85' lang='lat' dir='ltr'>junii,</span> <span class='ocrx_word' id='word_1_104' title='bbox 1948 1258 2140 1307; x_wconf 86' lang='lat' dir='ltr'>fuerunt</span> 
     </span>
     <span class='ocr_line' id='line_1_13' title="bbox 358 1335 2139 1403; baseline 0.002 -17"><span class='ocrx_word' id='word_1_105' title='bbox 358 1353 557 1402; x_wconf 88' lang='lat' dir='ltr'>vespere</span> <span class='ocrx_word' id='word_1_106' title='bbox 591 1336 785 1400; x_wconf 89' lang='lat' dir='ltr'>papales</span> <span class='ocrx_word' id='word_1_107' title='bbox 820 1335 1063 1384; x_wconf 86' lang='lat' dir='ltr'>solemnes</span> <span class='ocrx_word' id='word_1_108' title='bbox 1099 1335 1148 1383; x_wconf 91' lang='lat' dir='ltr'>in</span> <span class='ocrx_word' id='word_1_109' title='bbox 1181 1336 1379 1385; x_wconf 87' lang='lat' dir='ltr'>basilica</span> <span class='ocrx_word' id='word_1_110' title='bbox 1415 1353 1453 1385; x_wconf 93' lang='lat' dir='ltr'>s.</span> <span class='ocrx_word' id='word_1_111' title='bbox 1494 1338 1636 1397; x_wconf 89' lang='lat' dir='ltr'>Petri,</span> <span class='ocrx_word' id='word_1_112' title='bbox 1671 1341 1800 1403; x_wconf 90' lang='lat' dir='ltr'>Papa</span> <span class='ocrx_word' id='word_1_113' title='bbox 1834 1345 2060 1403; x_wconf 86' lang='lat' dir='ltr'>presente</span> <span class='ocrx_word' id='word_1_114' title='bbox 2091 1344 2139 1389; x_wconf 92' lang='lat' dir='ltr'>et</span> 
     </span>
     <span class='ocr_line' id='line_1_14' title="bbox 359 1419 2132 1483; baseline 0.001 -14"><span class='ocrx_word' id='word_1_115' title='bbox 359 1420 640 1469; x_wconf 88' lang='lat' dir='ltr'>solemniter</span> <span class='ocrx_word' id='word_1_116' title='bbox 685 1419 900 1468; x_wconf 89' lang='lat' dir='ltr'>officium</span> <span class='ocrx_word' id='word_1_117' title='bbox 949 1423 1210 1483; x_wconf 80' lang='lat' dir='ltr'>peragente</span> <span class='ocrx_word' id='word_1_118' title='bbox 1254 1438 1262 1467; x_wconf 91' lang='lat'>:</span> <span class='ocrx_word' id='word_1_119' title='bbox 1306 1420 1539 1468; x_wconf 86' lang='lat' dir='ltr'>intonavit</span> <span class='ocrx_word' id='word_1_120' title='bbox 1579 1421 1833 1470; x_wconf 86' lang='lat' dir='ltr'>cardinalis</span> <span class='ocrx_word' id='word_1_121' title='bbox 1875 1424 2132 1483; x_wconf 80' lang='lat' dir='ltr'>Senensis3</span> 
     </span>
     <span class='ocr_line' id='line_1_15' title="bbox 357 1502 2132 1569; baseline 0.001 -16"><span class='ocrx_word' id='word_1_122' title='bbox 357 1504 516 1563; x_wconf 91' lang='lat' dir='ltr'>tertio,</span> <span class='ocrx_word' id='word_1_123' title='bbox 568 1503 823 1552; x_wconf 89' lang='lat' dir='ltr'>cardinalis</span> <span class='ocrx_word' id='word_1_124' title='bbox 870 1502 1237 1566; x_wconf 88' lang='lat' dir='ltr'>Neapolitanus;</span> <span class='ocrx_word' id='word_1_125' title='bbox 1287 1508 1455 1566; x_wconf 90' lang='lat' dir='ltr'>quarto</span> <span class='ocrx_word' id='word_1_126' title='bbox 1504 1506 1898 1564; x_wconf 89' lang='lat' dir='ltr'>Beneventanus;</span> <span class='ocrx_word' id='word_1_127' title='bbox 1948 1506 2132 1569; x_wconf 90' lang='lat' dir='ltr'>quinto,</span> 
     </span>
     <span class='ocr_line' id='line_1_16' title="bbox 363 1587 640 1651; baseline -0.004 -16"><span class='ocrx_word' id='word_1_128' title='bbox 363 1604 402 1635; x_wconf 92' lang='lat' dir='ltr'>s.</span> <span class='ocrx_word' id='word_1_129' title='bbox 429 1587 640 1651; x_wconf 86' lang='lat' dir='ltr'>Georgii.</span> 
     </span>
    </p>

    <p class='ocr_par' dir='ltr' id='par_1_4' title="bbox 351 1670 2135 2397">
     <span class='ocr_line' id='line_1_17' title="bbox 423 1670 2135 1734; baseline 0.001 -14"><span class='ocrx_word' id='word_1_130' title='bbox 423 1671 511 1720; x_wconf 92' lang='lat' dir='ltr'>Die</span> <span class='ocrx_word' id='word_1_131' title='bbox 558 1670 797 1734; x_wconf 89' lang='lat' dir='ltr'>sequenti,</span> <span class='ocrx_word' id='word_1_132' title='bbox 853 1670 1032 1718; x_wconf 87' lang='lat' dir='ltr'>festum</span> <span class='ocrx_word' id='word_1_133' title='bbox 1080 1670 1409 1734; x_wconf 91' lang='lat' dir='ltr'>apostolorum</span> <span class='ocrx_word' id='word_1_134' title='bbox 1463 1672 1811 1734; x_wconf 85' lang='lat' dir='ltr'>predictorum,</span> <span class='ocrx_word' id='word_1_135' title='bbox 1854 1672 1941 1719; x_wconf 82' lang='lat' dir='ltr'>fuit</span> <span class='ocrx_word' id='word_1_136' title='bbox 1986 1674 2135 1722; x_wconf 89' lang='lat' dir='ltr'>missa</span> 
     </span>
     <span class='ocr_line' id='line_1_18' title="bbox 357 1752 2132 1819; baseline 0.001 -17"><span class='ocrx_word' id='word_1_137' title='bbox 357 1753 587 1802; x_wconf 90' lang='lat' dir='ltr'>solemnis</span> <span class='ocrx_word' id='word_1_138' title='bbox 608 1754 658 1800; x_wconf 91' lang='lat' dir='ltr'>in</span> <span class='ocrx_word' id='word_1_139' title='bbox 679 1752 851 1801; x_wconf 90' lang='lat' dir='ltr'>eadem</span> <span class='ocrx_word' id='word_1_140' title='bbox 872 1752 1086 1812; x_wconf 90' lang='lat' dir='ltr'>basilica,</span> <span class='ocrx_word' id='word_1_141' title='bbox 1111 1768 1256 1817; x_wconf 91' lang='lat' dir='ltr'>quam</span> <span class='ocrx_word' id='word_1_142' title='bbox 1274 1752 1531 1801; x_wconf 89' lang='lat' dir='ltr'>celebravit</span> <span class='ocrx_word' id='word_1_143' title='bbox 1554 1756 1637 1802; x_wconf 90' lang='lat' dir='ltr'>SS.</span> <span class='ocrx_word' id='word_1_144' title='bbox 1661 1757 1718 1802; x_wconf 94' lang='lat' dir='ltr'>D.</span> <span class='ocrx_word' id='word_1_145' title='bbox 1744 1760 1923 1803; x_wconf 75' lang='lat' dir='ltr'>noster.</span> <span class='ocrx_word' id='word_1_146' title='bbox 1946 1756 2132 1819; x_wconf 89' lang='lat' dir='ltr'>Aquam</span> 
     </span>
     <span class='ocr_line' id='line_1_19' title="bbox 354 1836 2133 1901; baseline 0.001 -17"><span class='ocrx_word' id='word_1_147' title='bbox 354 1852 442 1901; x_wconf 91' lang='lat' dir='ltr'>pro</span> <span class='ocrx_word' id='word_1_148' title='bbox 470 1837 654 1885; x_wconf 84' lang='lat' dir='ltr'>lotione</span> <span class='ocrx_word' id='word_1_149' title='bbox 686 1852 917 1884; x_wconf 89' lang='lat' dir='ltr'>manuum</span> <span class='ocrx_word' id='word_1_150' title='bbox 957 1839 1084 1901; x_wconf 92' lang='lat' dir='ltr'>Pape</span> <span class='ocrx_word' id='word_1_151' title='bbox 1120 1836 1469 1895; x_wconf 89' lang='lat' dir='ltr'>ministrarunt,</span> <span class='ocrx_word' id='word_1_152' title='bbox 1494 1836 1670 1899; x_wconf 90' lang='lat' dir='ltr'>primo,</span> <span class='ocrx_word' id='word_1_153' title='bbox 1706 1851 1870 1885; x_wconf 90' lang='lat' dir='ltr'>comes</span> <span class='ocrx_word' id='word_1_154' title='bbox 1896 1837 2133 1886; x_wconf 88' lang='lat' dir='ltr'>Antonius</span> 
     </span>
     <span class='ocr_line' id='line_1_20' title="bbox 354 1917 2134 1988; baseline 0.002 -23"><span class='ocrx_word' id='word_1_155' title='bbox 354 1918 640 1978; x_wconf 86' lang='lat' dir='ltr'>Mirandule,</span> <span class='ocrx_word' id='word_1_156' title='bbox 676 1918 908 1978; x_wconf 90' lang='lat' dir='ltr'>secundo,</span> <span class='ocrx_word' id='word_1_157' title='bbox 942 1922 1106 1966; x_wconf 87' lang='lat' dir='ltr'>orator</span> <span class='ocrx_word' id='word_1_158' title='bbox 1124 1921 1442 1977; x_wconf 88' lang='lat' dir='ltr'>Venetorum,</span> <span class='ocrx_word' id='word_1_159' title='bbox 1467 1917 1627 1977; x_wconf 88' lang='lat' dir='ltr'>tertio,</span> <span class='ocrx_word' id='word_1_160' title='bbox 1653 1918 1980 1988; x_wconf 25' lang='lat' dir='ltr'>D.&#39;Antonius</span> <span class='ocrx_word' id='word_1_161' title='bbox 2014 1920 2134 1983; x_wconf 81' lang='lat' dir='ltr'>Spe-</span> 
     </span>
     <span class='ocr_line' id='line_1_21' title="bbox 355 2001 2131 2066; baseline 0.001 -17"><span class='ocrx_word' id='word_1_162' title='bbox 355 2002 552 2060; x_wconf 87' lang='lat' dir='ltr'>randeo,</span> <span class='ocrx_word' id='word_1_163' title='bbox 578 2006 742 2050; x_wconf 87' lang='lat' dir='ltr'>orator</span> <span class='ocrx_word' id='word_1_164' title='bbox 761 2001 890 2066; x_wconf 89' lang='lat' dir='ltr'>regis</span> <span class='ocrx_word' id='word_1_165' title='bbox 919 2001 1240 2065; x_wconf 86' lang='lat' dir='ltr'>Neapolitani,</span> <span class='ocrx_word' id='word_1_166' title='bbox 1270 2006 1440 2065; x_wconf 92' lang='lat' dir='ltr'>quarto</span> <span class='ocrx_word' id='word_1_167' title='bbox 1463 2005 1658 2050; x_wconf 91' lang='lat' dir='ltr'>senator</span> <span class='ocrx_word' id='word_1_168' title='bbox 1679 2002 1836 2050; x_wconf 86' lang='lat' dir='ltr'>Urbis.</span> <span class='ocrx_word' id='word_1_169' title='bbox 1868 2001 2131 2051; x_wconf 90' lang='lat' dir='ltr'>Cardinalis</span> 
     </span>
     <span class='ocr_line' id='line_1_22' title="bbox 353 2083 2130 2147; baseline 0.002 -15"><span class='ocrx_word' id='word_1_170' title='bbox 353 2083 696 2147; x_wconf 88' lang='lat' dir='ltr'>Neapolitanus</span> <span class='ocrx_word' id='word_1_171' title='bbox 733 2085 819 2133; x_wconf 87' lang='lat' dir='ltr'>suit</span> <span class='ocrx_word' id='word_1_172' title='bbox 846 2085 1076 2133; x_wconf 86' lang='lat' dir='ltr'>assistens</span> <span class='ocrx_word' id='word_1_173' title='bbox 1107 2090 1154 2133; x_wconf 91' lang='lat' dir='ltr'>et</span> <span class='ocrx_word' id='word_1_174' title='bbox 1181 2085 1436 2133; x_wconf 90' lang='lat' dir='ltr'>cardinalis</span> <span class='ocrx_word' id='word_1_175' title='bbox 1465 2085 1721 2133; x_wconf 88' lang='lat' dir='ltr'>Cesarinus</span> <span class='ocrx_word' id='word_1_176' title='bbox 1752 2086 1957 2134; x_wconf 85' lang='lat' dir='ltr'>cantavit</span> <span class='ocrx_word' id='word_1_177' title='bbox 1987 2101 2130 2135; x_wconf 88' lang='lat' dir='ltr'>evan-</span> 
     </span>
     <span class='ocr_line' id='line_1_23' title="bbox 353 2167 2130 2233; baseline 0.001 -19"><span class='ocrx_word' id='word_1_178' title='bbox 353 2167 532 2230; x_wconf 89' lang='lat' dir='ltr'>gelium</span> <span class='ocrx_word' id='word_1_179' title='bbox 571 2168 794 2228; x_wconf 90' lang='lat' dir='ltr'>latinum,</span> <span class='ocrx_word' id='word_1_180' title='bbox 827 2171 884 2216; x_wconf 95' lang='lat' dir='ltr'>D.</span> <span class='ocrx_word' id='word_1_181' title='bbox 917 2169 1215 2231; x_wconf 85' lang='lat' dir='ltr'>Augustinus</span> <span class='ocrx_word' id='word_1_182' title='bbox 1246 2169 1565 2216; x_wconf 89' lang='lat' dir='ltr'>subdiaconus</span> <span class='ocrx_word' id='word_1_183' title='bbox 1605 2168 1917 2233; x_wconf 86' lang='lat' dir='ltr'>apostolicus,</span> <span class='ocrx_word' id='word_1_184' title='bbox 1952 2168 2130 2232; x_wconf 87' lang='lat' dir='ltr'>episto-</span> 
     </span>
     <span class='ocr_line' id='line_1_24' title="bbox 351 2249 2127 2315; baseline 0.001 -18"><span class='ocrx_word' id='word_1_185' title='bbox 351 2249 449 2297; x_wconf 91' lang='lat' dir='ltr'>lam</span> <span class='ocrx_word' id='word_1_186' title='bbox 469 2250 698 2308; x_wconf 83' lang='lat' dir='ltr'>latinam3</span> <span class='ocrx_word' id='word_1_187' title='bbox 724 2254 779 2298; x_wconf 91' lang='lat' dir='ltr'>R.</span> <span class='ocrx_word' id='word_1_188' title='bbox 806 2253 858 2298; x_wconf 90' lang='lat' dir='ltr'>P.</span> <span class='ocrx_word' id='word_1_189' title='bbox 885 2253 941 2298; x_wconf 95' lang='lat' dir='ltr'>D.</span> <span class='ocrx_word' id='word_1_190' title='bbox 965 2251 1198 2315; x_wconf 88' lang='lat' dir='ltr'>Georgius</span> <span class='ocrx_word' id='word_1_191' title='bbox 1225 2251 1512 2309; x_wconf 88' lang='lat' dir='ltr'>Alexander,</span> <span class='ocrx_word' id='word_1_192' title='bbox 1544 2251 1800 2315; x_wconf 91' lang='lat' dir='ltr'>episcopus</span> <span class='ocrx_word' id='word_1_193' title='bbox 1828 2251 2127 2300; x_wconf 88' lang='lat' dir='ltr'>Archadien-</span> 
     </span>
     <span class='ocr_line' id='line_1_25' title="bbox 353 2328 1833 2397; baseline 0.001 -17"><span class='ocrx_word' id='word_1_194' title='bbox 353 2332 438 2393; x_wconf 85' lang='lat' dir='ltr'>siS,</span> <span class='ocrx_word' id='word_1_195' title='bbox 462 2334 765 2397; x_wconf 89' lang='lat' dir='ltr'>evangelium</span> <span class='ocrx_word' id='word_1_196' title='bbox 786 2349 1008 2397; x_wconf 88' lang='lat' dir='ltr'>grecum;</span> <span class='ocrx_word' id='word_1_197' title='bbox 1028 2328 1320 2394; x_wconf 86' lang='lat' dir='ltr'>Demetrius,</span> <span class='ocrx_word' id='word_1_198' title='bbox 1345 2334 1598 2397; x_wconf 90' lang='lat' dir='ltr'>epistolam</span> <span class='ocrx_word' id='word_1_199' title='bbox 1620 2349 1833 2397; x_wconf 87' lang='lat' dir='ltr'>grecam.</span> 
     </span>
    </p>

    <p class='ocr_par' dir='ltr' id='par_1_5' title="bbox 347 2416 2128 3066">
     <span class='ocr_line' id='line_1_26' title="bbox 417 2416 2128 2483; baseline 0.002 -19"><span class='ocrx_word' id='word_1_200' title='bbox 417 2416 574 2464; x_wconf 91' lang='lat' dir='ltr'>Finita</span> <span class='ocrx_word' id='word_1_201' title='bbox 611 2417 776 2476; x_wconf 90' lang='lat' dir='ltr'>missa,</span> <span class='ocrx_word' id='word_1_202' title='bbox 817 2420 946 2481; x_wconf 88' lang='lat' dir='ltr'>Papa</span> <span class='ocrx_word' id='word_1_203' title='bbox 972 2418 1212 2467; x_wconf 89' lang='lat' dir='ltr'>concessit</span> <span class='ocrx_word' id='word_1_204' title='bbox 1240 2418 1479 2482; x_wconf 88' lang='lat' dir='ltr'>plenarias</span> <span class='ocrx_word' id='word_1_205' title='bbox 1518 2417 1841 2481; x_wconf 88' lang='lat' dir='ltr'>indulgentias</span> <span class='ocrx_word' id='word_1_206' title='bbox 1873 2434 1991 2482; x_wconf 92' lang='lat' dir='ltr'>quas</span> <span class='ocrx_word' id='word_1_207' title='bbox 2019 2435 2128 2483; x_wconf 88' lang='lat' dir='ltr'>pro-</span> 
     </span>
     <span class='ocr_line' id='line_1_27' title="bbox 352 2500 2124 2565; baseline 0.001 -16"><span class='ocrx_word' id='word_1_208' title='bbox 352 2501 594 2550; x_wconf 90' lang='lat' dir='ltr'>nunciavit</span> <span class='ocrx_word' id='word_1_209' title='bbox 622 2502 878 2551; x_wconf 90' lang='lat' dir='ltr'>cardinalis</span> <span class='ocrx_word' id='word_1_210' title='bbox 913 2503 1185 2560; x_wconf 82' lang='lat' dir='ltr'>CesarinuS‚</span> <span class='ocrx_word' id='word_1_211' title='bbox 1216 2500 1390 2550; x_wconf 91' lang='lat' dir='ltr'>deinde</span> <span class='ocrx_word' id='word_1_212' title='bbox 1421 2517 1507 2565; x_wconf 93' lang='lat' dir='ltr'>per</span> <span class='ocrx_word' id='word_1_213' title='bbox 1533 2501 1691 2549; x_wconf 90' lang='lat' dir='ltr'>navim</span> <span class='ocrx_word' id='word_1_214' title='bbox 1719 2501 1890 2551; x_wconf 91' lang='lat' dir='ltr'>Vultus</span> <span class='ocrx_word' id='word_1_215' title='bbox 1931 2502 2124 2550; x_wconf 92' lang='lat' dir='ltr'>Domini</span> 
     </span>
     <span class='ocr_line' id='line_1_28' title="bbox 351 2584 2124 2650; baseline 0.001 -18"><span class='ocrx_word' id='word_1_216' title='bbox 351 2585 431 2633; x_wconf 91' lang='lat' dir='ltr'>ubi</span> <span class='ocrx_word' id='word_1_217' title='bbox 450 2585 582 2633; x_wconf 88' lang='lat' dir='ltr'>vultu</span> <span class='ocrx_word' id='word_1_218' title='bbox 608 2586 712 2649; x_wconf 91' lang='lat' dir='ltr'>ipso</span> <span class='ocrx_word' id='word_1_219' title='bbox 738 2601 798 2641; x_wconf 87' lang='lat' dir='ltr'>ex</span> <span class='ocrx_word' id='word_1_220' title='bbox 825 2586 1054 2650; x_wconf 90' lang='lat' dir='ltr'>singulari</span> <span class='ocrx_word' id='word_1_221' title='bbox 1088 2584 1314 2633; x_wconf 90' lang='lat' dir='ltr'>mandato</span> <span class='ocrx_word' id='word_1_222' title='bbox 1343 2587 1470 2648; x_wconf 91' lang='lat' dir='ltr'>Pape</span> <span class='ocrx_word' id='word_1_223' title='bbox 1498 2589 1717 2645; x_wconf 87' lang='lat' dir='ltr'>extenso,</span> <span class='ocrx_word' id='word_1_224' title='bbox 1741 2585 1882 2633; x_wconf 90' lang='lat' dir='ltr'>rediit</span> <span class='ocrx_word' id='word_1_225' title='bbox 1902 2586 1962 2633; x_wconf 90' lang='lat' dir='ltr'>ad</span> <span class='ocrx_word' id='word_1_226' title='bbox 1995 2586 2124 2649; x_wconf 87' lang='lat' dir='ltr'>pala-</span> 
     </span>
     <span class='ocr_line' id='line_1_29' title="bbox 348 2668 2124 2734; baseline 0.001 -18"><span class='ocrx_word' id='word_1_227' title='bbox 348 2669 487 2730; x_wconf 90' lang='lat' dir='ltr'>tium,</span> <span class='ocrx_word' id='word_1_228' title='bbox 512 2670 834 2718; x_wconf 88' lang='lat' dir='ltr'>cardinalibus</span> <span class='ocrx_word' id='word_1_229' title='bbox 860 2670 947 2717; x_wconf 90' lang='lat' dir='ltr'>sub</span> <span class='ocrx_word' id='word_1_230' title='bbox 964 2669 1152 2734; x_wconf 90' lang='lat' dir='ltr'>porticu</span> <span class='ocrx_word' id='word_1_231' title='bbox 1169 2668 1441 2717; x_wconf 88' lang='lat' dir='ltr'>licentiatis.</span> <span class='ocrx_word' id='word_1_232' title='bbox 1467 2669 1594 2716; x_wconf 89' lang='lat' dir='ltr'>Infra</span> <span class='ocrx_word' id='word_1_233' title='bbox 1617 2668 1834 2727; x_wconf 89' lang='lat' dir='ltr'>missam,</span> <span class='ocrx_word' id='word_1_234' title='bbox 1860 2668 1973 2716; x_wconf 91' lang='lat' dir='ltr'>dum</span> <span class='ocrx_word' id='word_1_235' title='bbox 1996 2669 2124 2733; x_wconf 89' lang='lat' dir='ltr'>epis-</span> 
     </span>
     <span class='ocr_line' id='line_1_30' title="bbox 349 2751 2121 2815; baseline 0 -16"><span class='ocrx_word' id='word_1_236' title='bbox 349 2752 447 2800; x_wconf 89' lang='lat' dir='ltr'>tola</span> <span class='ocrx_word' id='word_1_237' title='bbox 472 2753 732 2812; x_wconf 87' lang='lat' dir='ltr'>diceretur,</span> <span class='ocrx_word' id='word_1_238' title='bbox 762 2753 922 2802; x_wconf 78' lang='lat' dir='ltr'>Gloria</span> <span class='ocrx_word' id='word_1_239' title='bbox 948 2753 1012 2801; x_wconf 79' lang='lat' dir='ltr'>In</span> <span class='ocrx_word' id='word_1_240' title='bbox 1046 2752 1282 2813; x_wconf 67' lang='lat' dir='ltr'>Excelsz&#39;S,</span> <span class='ocrx_word' id='word_1_241' title='bbox 1316 2751 1374 2800; x_wconf 89' lang='lat' dir='ltr'>de</span> <span class='ocrx_word' id='word_1_242' title='bbox 1402 2752 1629 2800; x_wconf 86' lang='lat' dir='ltr'>mandato</span> <span class='ocrx_word' id='word_1_243' title='bbox 1652 2754 1798 2815; x_wconf 89' lang='lat' dir='ltr'>Pape,</span> <span class='ocrx_word' id='word_1_244' title='bbox 1823 2751 1932 2800; x_wconf 87' lang='lat' dir='ltr'>dedi</span> <span class='ocrx_word' id='word_1_245' title='bbox 1960 2751 2121 2800; x_wconf 91' lang='lat' dir='ltr'>locum</span> 
     </span>
     <span class='ocr_line' id='line_1_31' title="bbox 348 2835 2123 2900; baseline -0.001 -18"><span class='ocrx_word' id='word_1_246' title='bbox 348 2837 403 2882; x_wconf 90' lang='lat' dir='ltr'>R.</span> <span class='ocrx_word' id='word_1_247' title='bbox 433 2835 483 2882; x_wconf 89' lang='lat' dir='ltr'>in</span> <span class='ocrx_word' id='word_1_248' title='bbox 510 2835 696 2884; x_wconf 90' lang='lat' dir='ltr'>Christo</span> <span class='ocrx_word' id='word_1_249' title='bbox 728 2839 780 2885; x_wconf 89' lang='lat' dir='ltr'>P.</span> <span class='ocrx_word' id='word_1_250' title='bbox 806 2837 991 2896; x_wconf 91' lang='lat' dir='ltr'>Felino,</span> <span class='ocrx_word' id='word_1_251' title='bbox 1026 2836 1255 2900; x_wconf 92' lang='lat' dir='ltr'>episcopo</span> <span class='ocrx_word' id='word_1_252' title='bbox 1283 2835 1524 2883; x_wconf 91' lang='lat' dir='ltr'>Pennensi</span> <span class='ocrx_word' id='word_1_253' title='bbox 1558 2840 1605 2883; x_wconf 94' lang='lat' dir='ltr'>et</span> <span class='ocrx_word' id='word_1_254' title='bbox 1631 2835 1872 2893; x_wconf 92' lang='lat' dir='ltr'>Adriensi,</span> <span class='ocrx_word' id='word_1_255' title='bbox 1907 2835 2123 2882; x_wconf 85' lang='lat' dir='ltr'>referen-</span> 
     </span>
     <span class='ocr_line' id='line_1_32' title="bbox 347 2917 2118 2982; baseline 0 -16"><span class='ocrx_word' id='word_1_256' title='bbox 347 2918 480 2966; x_wconf 92' lang='lat' dir='ltr'>dario</span> <span class='ocrx_word' id='word_1_257' title='bbox 508 2919 776 2967; x_wconf 88' lang='lat' dir='ltr'>domestico</span> <span class='ocrx_word' id='word_1_258' title='bbox 809 2935 913 2978; x_wconf 92' lang='lat' dir='ltr'>suo,</span> <span class='ocrx_word' id='word_1_259' title='bbox 941 2919 1066 2968; x_wconf 91' lang='lat' dir='ltr'>inter</span> <span class='ocrx_word' id='word_1_260' title='bbox 1100 2920 1382 2968; x_wconf 88' lang='lat' dir='ltr'>assistentes</span> <span class='ocrx_word' id='word_1_261' title='bbox 1406 2917 1635 2982; x_wconf 81' lang='lat' dir='ltr'>prelatos,</span> <span class='ocrx_word' id='word_1_262' title='bbox 1679 2918 1760 2980; x_wconf 90' lang='lat' dir='ltr'>qui</span> <span class='ocrx_word' id='word_1_263' title='bbox 1791 2917 1951 2981; x_wconf 92' lang='lat' dir='ltr'>ipsum</span> <span class='ocrx_word' id='word_1_264' title='bbox 1984 2932 2118 2966; x_wconf 89' lang='lat' dir='ltr'>more</span> 
     </span>
     <span class='ocr_line' id='line_1_33' title="bbox 348 2999 1826 3066; baseline -0.001 -17"><span class='ocrx_word' id='word_1_265' title='bbox 348 3001 488 3050; x_wconf 87' lang='lat' dir='ltr'>solito</span> <span class='ocrx_word' id='word_1_266' title='bbox 510 3006 813 3066; x_wconf 87' lang='lat' dir='ltr'>receperunt.</span> <span class='ocrx_word' id='word_1_267' title='bbox 839 3002 942 3049; x_wconf 89' lang='lat' dir='ltr'>Alia</span> <span class='ocrx_word' id='word_1_268' title='bbox 963 3002 1127 3050; x_wconf 91' lang='lat' dir='ltr'>omnia</span> <span class='ocrx_word' id='word_1_269' title='bbox 1147 3008 1252 3050; x_wconf 88' lang='lat' dir='ltr'>acta</span> <span class='ocrx_word' id='word_1_270' title='bbox 1273 3005 1384 3050; x_wconf 91' lang='lat' dir='ltr'>sunt</span> <span class='ocrx_word' id='word_1_271' title='bbox 1404 3005 1453 3049; x_wconf 88' lang='lat' dir='ltr'>ut</span> <span class='ocrx_word' id='word_1_272' title='bbox 1475 3000 1623 3048; x_wconf 89' lang='lat' dir='ltr'>moris</span> <span class='ocrx_word' id='word_1_273' title='bbox 1645 3005 1717 3048; x_wconf 90' lang='lat' dir='ltr'>est</span> <span class='ocrx_word' id='word_1_274' title='bbox 1739 2999 1826 3059; x_wconf 89' lang='lat'><strong>(1).</strong></span> 
     </span>
    </p>

    <p class='ocr_par' dir='ltr' id='par_1_6' title="bbox 343 3084 2121 3233">
     <span class='ocr_line' id='line_1_34' title="bbox 407 3084 2114 3149; baseline -0.001 -16"><span class='ocrx_word' id='word_1_275' title='bbox 407 3085 676 3146; x_wconf 89' lang='lat' dir='ltr'>Dominica,</span> <span class='ocrx_word' id='word_1_276' title='bbox 718 3088 743 3134; x_wconf 91' lang='lat'>3</span> <span class='ocrx_word' id='word_1_277' title='bbox 773 3084 899 3149; x_wconf 88' lang='lat' dir='ltr'>julii,</span> <span class='ocrx_word' id='word_1_278' title='bbox 942 3085 1071 3133; x_wconf 90' lang='lat' dir='ltr'>circa</span> <span class='ocrx_word' id='word_1_279' title='bbox 1117 3086 1288 3133; x_wconf 86' lang='lat' dir='ltr'>horam</span> <span class='ocrx_word' id='word_1_280' title='bbox 1324 3084 1604 3148; x_wconf 88' lang='lat' dir='ltr'>vigesimam</span> <span class='ocrx_word' id='word_1_281' title='bbox 1637 3087 1875 3146; x_wconf 90' lang='lat' dir='ltr'>quartam,</span> <span class='ocrx_word' id='word_1_282' title='bbox 1900 3084 2025 3132; x_wconf 83' lang='lat' dir='ltr'>obiit</span> <span class='ocrx_word' id='word_1_283' title='bbox 2057 3086 2114 3132; x_wconf 93' lang='lat' dir='ltr'>D.</span> 
     </span>
     <span class='ocr_line' id='line_1_35' title="bbox 343 3166 2121 3233; baseline 0 -18"><span class='ocrx_word' id='word_1_284' title='bbox 343 3169 637 3232; x_wconf 91' lang='lat' dir='ltr'>Augustinus</span> <span class='ocrx_word' id='word_1_285' title='bbox 676 3169 735 3218; x_wconf 93' lang='lat' dir='ltr'>de</span> <span class='ocrx_word' id='word_1_286' title='bbox 781 3168 1202 3229; x_wconf 82' lang='lat' dir='ltr'>PiccolominibuS,</span> <span class='ocrx_word' id='word_1_287' title='bbox 1245 3168 1458 3233; x_wconf 82' lang='lat' dir='ltr'>acolytus</span> <span class='ocrx_word' id='word_1_288' title='bbox 1513 3166 1823 3230; x_wconf 80' lang='lat' dir='ltr'>apostolicUS,</span> <span class='ocrx_word' id='word_1_289' title='bbox 1867 3167 2121 3233; x_wconf 90' lang='lat' dir='ltr'>coadjutor</span> 
     </span>
    </p>
   </div>
   <div class='ocr_carea' id='block_1_3' title="bbox 338 3312 2116 3479">
    <p class='ocr_par' dir='ltr' id='par_1_7' title="bbox 338 3312 2116 3479">
     <span class='ocr_line' id='line_1_36' title="bbox 389 3312 2116 3364; baseline 0.001 -14"><span class='ocrx_word' id='word_1_290' title='bbox 389 3315 422 3351; x_wconf 92' lang='lat'>1.</span> <span class='ocrx_word' id='word_1_291' title='bbox 449 3314 500 3351; x_wconf 90' lang='lat' dir='ltr'>Le</span> <span class='ocrx_word' id='word_1_292' title='bbox 520 3314 736 3360; x_wconf 86' lang='lat' dir='ltr'>lendemain,</span> <span class='ocrx_word' id='word_1_293' title='bbox 759 3315 804 3351; x_wconf 88' lang='lat'>18</span> <span class='ocrx_word' id='word_1_294' title='bbox 823 3314 956 3364; x_wconf 83' lang='lat' dir='ltr'>juillet,</span> <span class='ocrx_word' id='word_1_295' title='bbox 981 3313 1270 3352; x_wconf 85' lang='lat' dir='ltr'>l’ambassadeur</span> <span class='ocrx_word' id='word_1_296' title='bbox 1295 3313 1438 3363; x_wconf 88' lang='lat' dir='ltr'>anglais</span> <span class='ocrx_word' id='word_1_297' title='bbox 1469 3313 1606 3361; x_wconf 83' lang='lat' dir='ltr'>signait</span> <span class='ocrx_word' id='word_1_298' title='bbox 1628 3312 1681 3350; x_wconf 85' lang='lat' dir='ltr'>les</span> <span class='ocrx_word' id='word_1_299' title='bbox 1708 3312 1852 3351; x_wconf 85' lang='lat' dir='ltr'>articles</span> <span class='ocrx_word' id='word_1_300' title='bbox 1871 3313 1915 3350; x_wconf 90' lang='lat' dir='ltr'>de</span> <span class='ocrx_word' id='word_1_301' title='bbox 1942 3313 1977 3350; x_wconf 90' lang='lat' dir='ltr'>la</span> <span class='ocrx_word' id='word_1_302' title='bbox 2002 3313 2116 3362; x_wconf 83' lang='lat' dir='ltr'>ligue.</span> 
     </span>
     <span class='ocr_line' id='line_1_37' title="bbox 339 3371 2116 3422; baseline 0 -13"><span class='ocrx_word' id='word_1_303' title='bbox 339 3371 433 3421; x_wconf 79' lang='lat' dir='ltr'>Voy.</span> <span class='ocrx_word' id='word_1_304' title='bbox 455 3373 492 3410; x_wconf 90' lang='lat' dir='ltr'>d.</span> <span class='ocrx_word' id='word_1_305' title='bbox 515 3373 663 3422; x_wconf 84' lang='lat' dir='ltr'>Rymer,</span> <span class='ocrx_word' id='word_1_306' title='bbox 685 3375 845 3416; x_wconf 75' lang='lat' dir='ltr'>Foedera,</span> <span class='ocrx_word' id='word_1_307' title='bbox 877 3378 904 3412; x_wconf 87' lang='lat' dir='ltr'>t.</span> <span class='ocrx_word' id='word_1_308' title='bbox 932 3375 1014 3420; x_wconf 92' lang='lat' dir='ltr'>XII,</span> <span class='ocrx_word' id='word_1_309' title='bbox 1043 3386 1080 3422; x_wconf 90' lang='lat' dir='ltr'>p.</span> <span class='ocrx_word' id='word_1_310' title='bbox 1108 3375 1193 3419; x_wconf 88' lang='lat'>638,</span> <span class='ocrx_word' id='word_1_311' title='bbox 1220 3375 1367 3411; x_wconf 81' lang='lat' dir='ltr'>Litterae</span> <span class='ocrx_word' id='word_1_312' title='bbox 1393 3384 1506 3420; x_wconf 84' lang='lat' dir='ltr'>supra</span> <span class='ocrx_word' id='word_1_313' title='bbox 1533 3374 1623 3419; x_wconf 70' lang='lat' dir='ltr'>Liya</span> <span class='ocrx_word' id='word_1_314' title='bbox 1644 3373 1783 3415; x_wconf 71' lang='lat' dir='ltr'>italica,</span> <span class='ocrx_word' id='word_1_315' title='bbox 1811 3374 1855 3410; x_wconf 81' lang='lat' dir='ltr'>de</span> <span class='ocrx_word' id='word_1_316' title='bbox 1880 3374 2116 3420; x_wconf 81' lang='lat' dir='ltr'>approbando</span> 
     </span>
     <span class='ocr_line' id='line_1_38' title="bbox 338 3434 621 3479; baseline 0.011 -12"><span class='ocrx_word' id='word_1_317' title='bbox 338 3435 373 3467; x_wconf 77' lang='lat' dir='ltr'>et</span> <span class='ocrx_word' id='word_1_318' title='bbox 392 3434 621 3479; x_wconf 74' lang='lat' dir='ltr'>ratificando.</span> 
     </span>
    </p>
   </div>
  </div>
 </body>
</html>
