2228 3938
339 322 385 359 30
948 324 1183 361 JOHANNIS
1216 323 1515 369 BURCHARDI,
1799 324 2007 364 [Decembre
2029 324 2126 363 1492]

347 423 569 472 dixerunt
595 441 788 489 prosam
815 426 955 475 beate
982 427 1132 476 Marie
1161 427 1356 491 virginis
1382 443 1470 491 per
1506 426 1659 475 felicis
1687 426 2033 475 recordationis
2064 428 2122 474 D.

346 507 531 556 Sixtum
556 525 731 573 papam
766 512 848 558 1111
886 510 1082 571 editam,
1122 514 1252 575 Papa
1283 511 1480 559 interim
1514 514 1689 557 stante.
1716 512 1820 566 Qua
1844 509 1981 557 finita
2012 508 2129 557 dixit

338 592 553 654 pontifex
593 593 688 641 alta
722 609 839 643 voce
873 595 1023 642 Pater
1065 602 1244 654 noster,
1292 595 1422 657 quod
1469 596 1653 642 secrete
1692 593 1966 657 complevit.
2006 595 2128 640 Tum

340 675 586 739 subjunxit
619 681 877 740 sequentes
919 692 1104 737 versus,
1150 678 1211 726 ad
1243 693 1364 740 quos
1399 680 1621 725 cantores
1661 677 2033 740 responderunt,
2081 681 2129 723 et

339 759 609 808 orationem
635 777 644 808 z

405 845 455 903 ψ.
494 843 567 891 Et
582 860 641 891 ne
660 860 743 892 nos
765 844 960 892 inducas
979 844 1028 891 in
1047 844 1362 904 tentationem,

404 925 457 985 Ii).
494 925 595 973 Sed
611 926 755 974 libera
775 943 859 975 nos
881 944 908 975 a
928 927 1068 975 malo.

399 1011 445 1070 ᾖν.
483 1008 696 1069 Domine,
720 1011 903 1059 salvum
921 1012 1005 1076 fac
1029 1010 1388 1059 Ferdinandum
1415 1026 1592 1075 reyem,

402 1094 454 1155 ἢ.
491 1097 624 1144 Deus
645 1113 775 1144 meus
795 1104 1057 1160 sperantem
1078 1097 1127 1143 in
1147 1104 1205 1144 te.

404 1182 453 1241 ῩΙ.
493 1180 632 1228 Mitte
652 1181 695 1228 ei
710 1180 945 1229 auxilium
962 1180 1018 1228 de
1037 1187 1196 1228 sancto

399 1266 450 1326 a.
484 1265 558 1313 Et
574 1265 629 1313 de
648 1265 766 1314 Sion
787 1273 914 1313 tuere
934 1281 1058 1313 eum.

399 1350 449 1410 52⁷.
488 1350 708 1409 Domine,
731 1349 906 1397 exaudi
925 1349 1180 1397 orationem
1201 1362 1371 1405 meam,

399 1434 450 1494 li).
488 1434 559 1482 Et
575 1434 750 1482 clamor
769 1449 900 1481 meus
922 1432 986 1480 ad
1010 1440 1051 1480 te
1073 1433 1244 1480 veniat.

400 1520 446 1579 3¹.
484 1518 714 1566 Dominus
733 1517 969 1565 vobiscum

393 1601 444 1661 ἢ.
483 1601 679 1650 Etcum
699 1601 869 1665 spiritu
891 1608 986 1649 tuo.

1114 1718 1328 1766 Oremus.

397 1822 524 1871 Deus
543 1822 620 1869 cui
633 1821 882 1886 proprium
900 1828 971 1868 est
987 1820 1197 1868 misereri
1215 1835 1395 1883 semper
1421 1826 1467 1866 et
1481 1834 1696 1882 parcere,
1731 1827 1777 1866 et
1793 1835 1888 1867 non
1914 1820 1981 1867 vis
2001 1836 2122 1868 mor-

334 1916 425 1955 tem
431 1905 712 1971 peccatoris,
730 1904 788 1951 M
791 1921 818 1951 a
813 1904 1037 1967 jestatem
1057 1911 1186 1951 tuam
1200 1902 1470 1966 suppliciter
1486 1901 1791 1965 deprecamur
1813 1910 1869 1950 ut
1880 1903 2122 1967 famulum

335 1999 470 2038 tuum
491 1987 852 2037 Ferdinandum
874 2004 1031 2052 reyem
1061 1987 1116 2034 de
1142 1994 1222 2034 tua
1253 1985 1574 2033 misericordia
1601 1985 1930 2050 confidentem,
1970 1987 2124 2035 celesti

325 2081 547 2138 proteyas
585 2071 787 2136 beniyno
820 2072 999 2120 aua‘ilio
1033 2079 1079 2119 et
1110 2070 1300 2118 assidua
1335 2069 1625 2133 protectione
1657 2069 1916 2131 custodias,
1957 2080 2013 2118 ut
2042 2070 2124 2118 tibi

323 2158 514 2222 J'uyiter
531 2158 797 2223 famuletur
817 2164 863 2204 et
877 2172 904 2203 a
925 2163 966 2202 te
985 2154 1128 2202 nullis
1145 2153 1477 2202 tentationibus
1498 2160 1755 2215 separetur.

395 2241 496 2288 Per
528 2241 768 2289 Christum
785 2239 1048 2287 Dominum
1067 2245 1299 2285 nostrum.
1321 2235 1498 2284 Amen.

396 2355 655 2417 Asportata
676 2368 819 2400 cruce
849 2356 959 2400 ante
990 2354 1189 2415 Papam,
1222 2350 1339 2397 dixit
1364 2367 1373 2398 :
1405 2349 1483 2397 Sit
1507 2365 1677 2398 nomen
1702 2347 1909 2407 Domini,
1941 2355 2047 2408 etc.,
2070 2352 2118 2397 et

331 2436 508 2500 populo
541 2451 676 2484 more
721 2436 860 2484 solito
898 2434 1172 2493 benedixit;
1206 2438 1307 2482 tum
1341 2433 1471 2482 dedit
1500 2431 1900 2481 interessentibus
1931 2435 2118 2495 septem

332 2534 485 2568 annos
520 2523 567 2567 et
599 2519 800 2586 totidem
829 2519 1162 2582 quadragenas
1193 2517 1600 2582 indulgentiarum
1634 2517 1683 2564 in
1715 2517 1872 2564 forma
1903 2515 2116 2564 Ecclesia

333 2606 567 2652 consueta
587 2618 706 2665 quas
726 2602 903 2666 populo
927 2601 1176 2652 celebrans
1197 2601 1472 2667 publicavit.
1987 2610 1991 2614 “

399 2687 583 2736 Deinde
604 2685 734 2734 venit
754 2686 973 2750 pontifex
990 2703 1077 2751 per
1097 2702 1266 2734 navem
1289 2683 1543 2734 Salvatoris
1570 2682 1653 2731 ubi
1682 2698 1741 2730 ex
1767 2682 1871 2747 ejus
1893 2682 2117 2732 commis-

334 2772 469 2820 sione
506 2771 689 2819 ferrum
726 2769 898 2819 lancee
938 2770 1120 2818 duabus
1159 2770 1339 2818 vicibus
1378 2772 1425 2816 et
1456 2771 1566 2832 post
1602 2766 1756 2814 vultus
1796 2765 1989 2814 Domini
2018 2766 2115 2815 sive

335 2853 579 2902 sudarium
600 2853 751 2901 trihus
781 2853 982 2913 vicibus,
1014 2853 1081 2902 ita
1104 2857 1267 2902 tamen
1296 2852 1426 2915 quod
1453 2867 1562 2899 cum
1592 2866 1650 2899 eo
1678 2849 1820 2898 tertia
1843 2850 1942 2898 vice
1964 2849 2114 2899 bene-

334 2937 533 2997 diceret,
562 2951 649 3000 per
675 2938 731 2983 D.
769 2936 1051 3001 episcopum
1083 2930 1263 2985 Balneo
1297 2935 1588 2999 Regiensem
1616 2934 1742 2982 dicte
1768 2932 1966 2981 basilice
1989 2932 2112 2981 vica-

334 3019 458 3068 rium
478 3018 669 3083 publice
700 3024 809 3067 sunt
839 3024 1051 3069 ostensa.
1086 3019 1414 3068 Interfuerunt
1439 3019 1586 3068 misse
1614 3021 1660 3066 et
1684 3016 1857 3066 ceteris
1883 3016 2110 3081 predictis

333 3119 432 3151 xvu
466 3103 753 3164 cardinales,
789 3104 1014 3152 videlicet
1053 3103 1413 3168 NeapolitanuS,
1451 3103 1602 3152 sancti
1635 3101 1763 3151 Petri
1796 3099 1857 3148 ad
1887 3098 2108 3159 Vincula,

334 3188 485 3236 sancti
505 3188 694 3253 Angeli,
716 3187 1061 3236 Racanatensis
1084 3187 1325 3251 episcopi;
1351 3187 1505 3236 sancti
1536 3184 1813 3244 Clementis,
1836 3182 2109 3242 Januensis,

334 3271 628 3331 Parmensis,
660 3273 1044 3331 Beneventanus,
1079 3275 1243 3320 sancte
1269 3271 1540 3331 Anastasie,
1566 3269 1741 3319 Montis
1766 3267 1957 3331 Regalis
1977 3282 2114 3330 pres-

333 3355 518 3420 byteri3
551 3356 797 3413 SenensiS,
827 3352 1138 3413 camerariuS,
1174 3353 1410 3412 Sabellus,
1443 3354 1691 3411 Columna,
1725 3350 1943 3408 Ursinus,
1968 3349 2114 3396 Asca-

333 3438 440 3487 nius
463 3443 507 3488 et
530 3440 682 3489 sancti
705 3437 919 3489 Severini
949 3436 1157 3496 diaconi,
1183 3442 1229 3485 et
1252 3440 1309 3485 D.
1335 3436 1606 3486 Fridericus
1629 3436 1687 3485 de
1712 3436 1952 3498 Aragona,
1976 3431 2112 3494 cujus
