2228 3938
297 379 341 413 12
902 373 1133 411 ,IOHANNIS
1168 373 1461 419 BURCHARDI,
1747 377 1956 417 [D(·cemhre
1979 379 2074 419 1492]

298 498 353 531 ea
376 481 452 530 die
479 480 608 528 idem
635 479 859 543 princeps
888 478 948 525 ad
979 478 1290 526 Sanctitatem
1320 494 1454 526 suam
1482 494 1579 526 non.
1611 479 1810 539 veniret,
1836 482 1922 529 sed
1943 488 2075 530 recta

296 565 371 612 via
393 564 452 612 ad
473 563 729 627 Apostolos
759 561 1097 619 associaretur,
1122 562 1357 609 mandans
1385 562 1505 609 mihi
1530 562 1660 624 quod
1681 578 1788 612 sero
1811 565 1936 612 illius
1959 565 2073 624 diei,

298 664 390 712 que
412 648 497 695 fuit
526 651 553 695 6
587 647 746 709 hujus,
771 645 911 693 velim
940 645 1000 691 ad
1022 645 1334 693 Sanctitatem
1360 661 1495 692 suam
1530 646 1706 704 redire,
1731 653 1779 695 et
1803 648 2001 709 ibidem,
2027 650 2076 697 in

300 735 356 779 D.
381 729 547 778 Jacobi
576 728 797 786 Pontani,
823 727 950 790 regis
972 727 1176 774 oratoris
1204 728 1464 790 presentia,
1490 728 1568 790 qui
1598 729 1656 776 ad
1678 729 1771 778 1100
1796 732 2073 792 vocabatur,

300 813 511 861 rationes
527 811 757 859 inducere
780 826 866 873 per
887 826 1004 872 quas
1027 809 1105 857 ille
1127 810 1362 872 intelligat
1381 811 1561 858 dictum
1580 811 1847 880 principem
1862 831 1957 862 non
1973 816 2077 865 fore
2124 800 2133 806 ⁶

299 898 359 945 ad
379 895 621 960 pontificis
643 894 934 959 presentiam
958 893 1232 941 ducendum
1252 909 1261 940 ε
1289 894 1418 956 quod
1440 910 1527 958 per
1554 911 1631 943 me
1659 896 1838 944 factum
1862 902 1935 946 est
1957 914 1967 946 ε
1994 898 2080 947 sed

298 981 378 1028 ille
412 994 635 1027 asserens
670 978 729 1026 de
765 977 1007 1040 pontificis
1042 977 1384 1025 commissione
1416 978 1619 1041 principi
1657 979 1926 1042 scripsisse,
1960 996 2079 1044 quo-

299 1063 429 1110 niam
452 1062 519 1109 sic
542 1061 855 1124 reciperetur,
879 1061 1094 1124 principe
1119 1060 1357 1123 placente,
1383 1060 1499 1108 dixit
1522 1062 1666 1109 modo
1689 1063 1820 1125 quod
1847 1063 1942 1111 hoc
1968 1080 2078 1113 cum

299 1145 540 1210 pontificis
584 1149 630 1192 et
657 1144 888 1207 principis
921 1144 1105 1191 honore
1141 1144 1311 1191 mutari
1348 1159 1445 1191 non
1473 1150 1655 1208 posset,
1690 1162 1748 1193 ex
1781 1163 1875 1210 quo
1908 1147 2079 1195 iterum

298 1226 580 1290 pontificem
607 1227 656 1274 in
678 1227 875 1275 dubium
897 1227 1185 1290 provocavit.
1218 1228 1439 1276 Decrevit
1459 1233 1716 1292 propterea
1739 1230 1973 1277 Sanctitas
1995 1247 2082 1278 sua

300 1311 541 1359 dominica
560 1314 670 1359 ante
692 1311 889 1358 missam
913 1326 1057 1374 super
1073 1311 1165 1358 1100
1188 1311 1455 1359 cardinales
1478 1312 1749 1360 consulere.

364 1394 565 1444 Vocavit
592 1395 766 1443 iterum
795 1410 872 1442 me
898 1395 958 1442 ad
984 1410 1034 1442 se
1056 1397 1220 1441 Rmus.
1245 1397 1300 1442 D.
1328 1394 1583 1442 cardinalis
1612 1396 1953 1460 Neapolitanus
1981 1398 2077 1460 qui,

302 1479 551 1543 premissis
576 1495 603 1527 a
630 1495 706 1527 me
735 1478 1042 1541 singulariter
1067 1477 1340 1537 intellectis,
1363 1478 1626 1527 admiratus
1656 1483 1727 1527 est
1757 1480 1816 1528 de
1840 1481 2081 1543 pontificis

303 1562 642 1621 inconstantia,
667 1562 874 1610 maxime
901 1578 1010 1609 cum
1034 1562 1213 1610 diceret
1235 1562 1475 1625 pontificis
1496 1563 1702 1625 primam
1723 1563 1870 1611 fuisse
1893 1570 2084 1613 senten·

303 1647 418 1694 tiam
438 1646 566 1709 quod
587 1646 811 1710 princeps
833 1646 988 1709 prima
1009 1646 1085 1693 die
1107 1661 1135 1693 a
1156 1661 1206 1693 se
1227 1646 1552 1709 reciperetur;
1580 1646 1752 1694 deinde
1776 1647 2082 1709 questionem

308 1730 455 1778 movit
470 1730 528 1777 de
547 1730 691 1778 modo
712 1734 759 1777 et
781 1729 948 1777 ordine
975 1729 1145 1792 quibus
1170 1729 1271 1792 ipse
1290 1729 1514 1792 princeps
1537 1729 1595 1778 ab
1618 1745 1675 1777 eo
1699 1735 1745 1778 et
1763 1731 2084 1779 cardinalibus

305 1815 478 1863 sectari
497 1814 711 1871 deberet,
735 1813 812 1875 qui
830 1813 970 1860 simul
987 1828 1074 1876 per
1089 1817 1204 1871 tres,
1226 1813 1300 1860 vel
1315 1816 1522 1874 quatuor
1536 1813 1741 1861 miliaria
1755 1819 1891 1862 extra
1906 1814 2083 1862 Urbem

302 1898 414 1946 ituri
436 1902 614 1956 essent,
637 1902 688 1944 ut
709 1897 963 1944 commode
986 1896 1134 1959 recipi
1155 1900 1319 1959 posset
1336 1899 1532 1958 propter
1556 1896 1703 1944 officii
1726 1898 1873 1945 misse
1894 1897 2086 1945 tardita-

301 1987 399 2029 tem
429 1986 476 2029 et
510 1981 602 2029 diei
633 1980 934 2028 brevitatem.
960 1979 1192 2029 Venimus
1221 1979 1281 2026 ad
1306 1979 1433 2027 hanc
1470 1979 1759 2028 sententiam
1794 1981 1923 2043 quod
1949 1980 2087 2028 finita

301 2065 465 2124 missa,
495 2080 581 2128 per
614 2063 962 2112 Transtiberim
1000 2063 1271 2126 equitarent
1303 2063 1545 2126 principes
1577 2067 1624 2111 et
1667 2063 1756 2126 ipsi
1791 2063 2079 2123 cardinales,

303 2152 561 2212 propterea
589 2147 825 2195 mittendi.
850 2149 961 2194 Post
983 2146 1238 2209 prandium
1258 2151 1304 2193 et
1332 2145 1460 2192 circa
1489 2145 1595 2192 illos
1623 2146 1827 2193 aliorum
1862 2146 2087 2194 cardina-2

303 2232 422 2279 lium
450 2231 628 2279 familie
657 2235 1004 2292 sequerentur;
1031 2245 1175 2292 super
1202 2244 1296 2291 quo
1328 2229 1445 2275 mihi
1474 2228 1713 2276 commisit
1740 2229 1868 2291 quod
1889 2232 2080 2277 Rmum.

306 2319 362 2363 D.
398 2314 694 2362 cardinalem
738 2315 1004 2361 Senensem
1046 2312 1371 2371 consulerem,
1407 2313 1542 2375 cujus
1578 2313 1670 2359 hec
1705 2317 1808 2360 erat
1846 2313 2086 2361 sententia

305 2397 432 2461 quod
462 2397 720 2456 dominica,
755 2397 882 2444 bono
917 2412 1077 2455 mane,
1103 2396 1192 2459 ipsi
1223 2396 1366 2443 ambo
1402 2396 1630 2443 Senensis
1662 2401 1710 2443 et
1742 2396 2082 2459 Neapolitanus

306 2480 579 2543 equitarent
621 2480 681 2528 ad
715 2480 992 2543 pontificem
1034 2496 1121 2544 pro
1163 2480 1358 2527 licentia
1403 2479 1692 2537 obtinenda,
1733 2495 1828 2542 qua
1867 2479 2080 2539 obtenta,

305 2565 484 2627 absque
524 2579 581 2612 eo
627 2563 757 2626 quod
798 2563 944 2611 misse
987 2563 1296 2621 interessent,
1336 2563 1607 2625 equitarent
1643 2562 1858 2620 obviam;
1890 2561 2083 2609 interim

305 2649 546 2696 diceretur
588 2648 734 2695 missa
775 2651 820 2694 et
862 2647 1042 2694 familie
1086 2646 1401 2694 cardinalium
1447 2646 1701 2709 prandium
1744 2645 1952 2692 facerent
1974 2661 1984 2703 ;
2030 2661 2084 2692 ac

306 2732 454 2778 missa
487 2731 622 2778 finita
652 2734 696 2778 et
731 2730 1048 2778 cardinalibus
1082 2730 1142 2778 ad
1172 2731 1342 2777 domos
1373 2717 1639 2788 associatis,
1671 2732 1868 2792 possent
1899 2728 2085 2791 singule

308 2815 487 2862 familie
527 2830 583 2861 ac
623 2815 717 2861 duo
757 2814 822 2861 illi
864 2814 1131 2861 cardinales
1175 2813 1405 2877 deputati,
1442 2812 1642 2876 prandio
1685 2812 1885 2870 omisso,
1925 2811 2084 2859 eidem

308 2898 494 2945 obviam
515 2897 678 2945 venire
700 2914 709 2956 ;
735 2897 907 2959 quibus
936 2897 1259 2945 cardinalibus
1287 2895 1779 2959 appropinquantibus
1802 2894 2086 2941 recederent

309 2980 368 3026 ab
388 2995 445 3027 eo
461 2995 548 3042 per
569 2978 710 3025 aliam
731 2980 855 3026 viam
876 2981 1219 3043 Neapolitanus
1242 2985 1287 3028 et
1310 2979 1537 3027 Senensis
1560 2983 1607 3025 et
1627 2977 1688 3025 ad
1707 2976 1938 3040 palatium
1955 2977 2088 3039 equi-

309 3067 463 3110 tarent
497 3061 677 3109 ibidem
715 3078 824 3109 cum
852 3063 1078 3125 pontifice
1107 3064 1375 3126 principem
1417 3065 1747 3123 expectantes.
1787 3059 1966 3107 Placuit
1993 3059 2085 3107 hec

309 3146 550 3194 sententia
562 3149 698 3193 Rmo.
723 3148 779 3192 D.
796 3145 1135 3208 Neopolitano,
1156 3146 1241 3193 sed
1256 3145 1441 3192 interea
1456 3141 1803 3204 aliquantulum
1821 3142 2050 3190 dubitavit
2069 3161 2078 3189 :

308 3245 420 3276 nam
444 3229 481 3276 si
504 3245 530 3276 a
550 3228 796 3291 pontifice,
822 3232 932 3275 ante
955 3228 1315 3275 conclusionem
1337 3242 1446 3274 cum
1468 3224 1787 3272 cardinalibus
1811 3225 2080 3273 faciendam

308 3329 369 3360 an
396 3312 618 3375 princeps
649 3311 709 3358 ad
736 3311 976 3374 pontificis
1004 3311 1298 3374 presentiam
1327 3309 1574 3357 ducendus
1607 3309 1680 3355 vel
1707 3324 1803 3356 non
1835 3308 2082 3356 ducendus

307 3399 452 3454 esset,
477 3394 719 3442 nescirent
737 3394 851 3456 quid
871 3393 1071 3456 principi
1101 3409 1243 3456 super
1271 3393 1364 3440 hoc
1394 3392 1553 3440 dicere
1585 3407 1639 3440 ac
1672 3392 1787 3456 ipsis
1816 3395 1980 3455 posset
2000 3390 2087 3438 im-

310 3479 483 3542 putari,
510 3478 548 3526 si
572 3494 669 3526 non
689 3478 1000 3541 reciperetur,
1026 3477 1156 3540 quod
1181 3477 1270 3540 ipsi
1299 3476 1500 3539 principi
1530 3493 1674 3540 super
1696 3476 1789 3524 hoc
1814 3490 1912 3522 non
1941 3474 2083 3522 favis-
