2222 3926
155 346 264 389 [Aont
285 347 379 387 1496]
600 343 770 382 RERUM
802 343 1106 393 URBANARUM
1141 342 1489 381 COMMENTARH.
1872 348 1943 383 325

156 448 274 497 nulli
297 463 413 512 ergo
435 447 632 496 omnino
650 447 903 496 hominum
921 447 1064 494 liceat
1084 446 1211 494 hanc
1231 445 1459 509 paginam
1482 450 1645 494 nostre
1667 449 1940 498 concessio-

155 532 230 580 nis
261 531 501 595 infregere
532 532 605 580 vel
633 532 677 580 ei
705 547 824 580 ausu
857 531 1114 579 temerario
1148 531 1412 590 contraire;
1440 530 1478 577 si
1506 531 1612 593 quis
1647 536 1810 579 autem
1844 533 1939 581 hoc

158 619 392 664 attentare
413 615 775 679 presumpserit,
801 614 1181 678 indignationem
1206 613 1548 677 omnipotentis
1575 614 1664 661 Dei
1685 630 1741 662 ac
1767 615 1938 664 beato-

156 714 265 746 rum
285 698 411 746 Petri
434 702 481 746 et
504 698 636 746 Pauli
655 698 985 762 apostolorum
1007 699 1111 762 ejus
1134 713 1185 746 se
1203 697 1391 746 noverit
1410 697 1735 745 incursurum.
1761 701 1935 748 Datum

158 783 326 840 Rome,
352 780 477 844 apud
499 796 537 828 s.
564 783 778 839 Petrum,
803 780 1149 828 incarnationis
1172 773 1415 829 dominice
1442 784 1583 840 1496,
1607 781 1761 843 pridie
1783 798 1935 831 nonas

151 863 277 928 julii,
302 863 609 926 pontificatus
627 864 778 911 nostri
801 879 926 911 anno
948 869 1135 927 quarto.

224 946 550 996 Bernardinus
581 953 695 1005 etc.,
718 947 894 995 dilecto
924 947 1062 995 nobis
1094 948 1143 994 in
1179 947 1368 996 Christo
1402 948 1632 1011 magistro
1662 949 1848 998 Danieli
1876 951 1934 998 de

156 1049 194 1079 s.
229 1030 531 1089 Sebastiano,
559 1030 765 1078 ecclesie
795 1030 1093 1088 Veronensi,
1119 1030 1379 1093 apostolice
1416 1030 1543 1078 sedis
1571 1032 1774 1091 notario,
1806 1033 1934 1080 salu-

153 1121 251 1165 tem
273 1115 321 1163 in
338 1114 544 1163 Domino
568 1114 913 1177 sempiternam
934 1119 1027 1162 etc.
1049 1114 1198 1162 Sedes
1220 1114 1483 1177 apostolica
1506 1115 1766 1177 gratiarum
1787 1115 1936 1164 abun-

153 1198 452 1257 dantissima,
478 1202 526 1246 et
546 1197 736 1245 illarum
762 1197 1074 1245 solertissima
1096 1197 1433 1261 dispensatrix,
1456 1198 1698 1246 interdum
1719 1215 1807 1262 per
1826 1216 1935 1248 suo-

153 1298 258 1330 rum
286 1282 559 1345 legatorum
586 1262 926 1338 ministerium,
951 1281 1056 1328 illas
1078 1281 1297 1343 personis
1321 1282 1442 1330 bene
1464 1283 1650 1330 meritis
1673 1282 1929 1342 distribuit,

153 1381 332 1428 easque
367 1364 615 1428 precipue,
659 1362 774 1411 dum
814 1378 1011 1411 romane
1048 1364 1263 1411 Ecclesie
1299 1364 1543 1426 obsequiis
1579 1365 1803 1414 insistere
1849 1382 1934 1413 cu-

153 1449 307 1514 piunt,
333 1447 489 1510 dignis
510 1447 683 1495 attollit
709 1446 977 1494 honoribus
1004 1450 1056 1493 ut
1084 1446 1201 1494 fiant
1229 1447 1278 1494 in
1307 1447 1644 1495 mandatorum
1674 1449 1934 1497 observan-

152 1533 216 1580 tia
247 1547 416 1580 eorum
450 1531 640 1578 humeri
670 1530 911 1578 fortiores,
942 1533 1060 1579 Cum
1090 1530 1270 1593 itaque,
1297 1531 1417 1580 sicut
1452 1532 1746 1596 accepimus,
1771 1538 1822 1580 tu
1853 1535 1931 1597 qui

154 1620 202 1664 et
236 1616 487 1664 literarum
527 1615 901 1678 apostolicarum
941 1614 1145 1678 scriptor
1191 1614 1272 1673 sis,
1329 1618 1377 1662 et
1423 1615 1650 1663 virtutum
1687 1615 1932 1663 decoraris

155 1699 420 1758 ornatibus,
453 1699 580 1747 sedis
596 1698 859 1762 apostolice
879 1703 927 1746 et
944 1713 1142 1745 romane
1164 1698 1376 1746 Ecclesie
1399 1698 1643 1762 obsequiis
1665 1700 1819 1763 magis
1842 1699 1935 1747 dis-

154 1799 307 1847 ponas
337 1783 560 1830 insistere
599 1797 758 1844 neque
793 1782 974 1845 absque
1003 1786 1138 1844 grato
1166 1782 1430 1829 sentiamus
1464 1787 1544 1831 tue
1575 1783 1699 1830 bone
1728 1783 1852 1831 fame
1888 1787 1934 1831 et

156 1866 406 1930 probitatis
434 1866 652 1924 odorem,
691 1881 779 1912 nos
807 1871 1062 1929 propterea
1093 1869 1139 1913 te
1168 1865 1246 1928 qui
1282 1865 1426 1914 etiam
1460 1882 1549 1913 nos
1585 1866 1634 1913 in
1654 1867 1931 1920 ‚commisso

150 1949 406 2013 legationis
429 1949 554 1996 dicte
578 1949 703 1997 sedis
732 1948 894 1996 officio
916 1949 1150 1997 hactenus
1174 1954 1365 1996 secutus
1386 1948 1514 1996 fuisti
1539 1949 1770 2012 dignioris
1793 1950 1930 1998 titulo

153 2033 361 2081 nominis
383 2033 613 2081 decorare
639 2033 872 2091 volentes,
898 2033 1193 2082 sufficientes
1215 2034 1275 2080 ad
1304 2034 1398 2081 hoc
1427 2034 1486 2081 ab
1517 2034 1687 2082 eadem
1710 2035 1823 2083 sede
1845 2051 1933 2098 per

155 2119 262 2181 ejus
284 2117 468 2175 literaS,
491 2132 608 2179 quas
627 2117 765 2180 juxta
785 2117 1021 2164 indultum
1043 2117 1251 2180 desuper
1278 2133 1567 2166 concessum
1595 2118 1743 2167 inseri
1770 2118 1930 2167 facere

153 2217 248 2249 non
280 2205 519 2258 tenemur,
550 2199 748 2259 suffulti,
780 2204 826 2248 te
857 2200 902 2247 in
933 2201 1149 2264 ejusdem
1169 2201 1296 2249 sedis
1323 2202 1623 2249 notariorum
1644 2202 1929 2250 auctoritate

152 2283 418 2348 apostolica
435 2298 530 2345 qua
551 2282 796 2345 fungimur
815 2284 865 2330 in
884 2284 975 2331 hac
994 2291 1148 2348 parte,
1166 2290 1332 2333 tenore
1355 2286 1653 2348 presentium
1671 2285 1930 2349 recipimus

153 2372 201 2416 et
219 2367 423 2415 aliorum
446 2365 664 2429 ejusdem
686 2366 814 2414 sedis
835 2367 1134 2415 notariorum
1155 2383 1359 2416 numero
1376 2372 1423 2416 et
1438 2369 1683 2417 consortio
1699 2369 1933 2417 favorabi-

150 2451 259 2498 liter
293 2464 629 2513 aggregamus,
664 2449 844 2511 tibique
878 2450 1192 2498 concedimus
1232 2451 1361 2514 quod
1394 2453 1619 2500 omnibus
1654 2456 1701 2500 et
1731 2452 1930 2516 singulis

151 2532 428 2596 privilegiis,
462 2531 784 2590 libertatibus,
816 2534 1224 2597 exemptionibuS,
1256 2536 1570 2599 prerogativis
1604 2541 1651 2583 et
1684 2536 1930 2599 prehemi-

151 2616 347 2674 nentiis,
378 2617 616 2665 favoribus
648 2621 695 2665 et
721 2617 918 2666 indultis
941 2618 1025 2675 uti,
1051 2618 1194 2681 potiri
1222 2624 1270 2666 et
1297 2619 1508 2682 gaudere
1533 2619 1684 2666 libere
1722 2623 1768 2666 et
1801 2618 1929 2666 licite

151 2701 329 2759 valeas,
361 2701 534 2763 quibus
565 2702 714 2749 ceteri
742 2701 961 2764 ejusdem
983 2700 1112 2748 sedis
1139 2701 1364 2749 homines
1387 2705 1586 2749 utuntur
1605 2701 1859 2761 hactenuS,
1884 2708 1932 2750 et

154 2783 431 2846 gaudebunt
470 2785 834 2847 quomodolibet
859 2784 908 2831 in
938 2784 1149 2832 futurum
1179 2799 1276 2832 non
1307 2784 1609 2832 obstantibus
1631 2789 1746 2844 etc.,
1769 2783 1828 2833 de
1851 2801 1931 2834 ce-

154 2871 256 2915 tero
287 2867 570 2915 eorumdem
599 2868 898 2916 notariorum
930 2883 1130 2916 numero
1162 2867 1307 2916 etiam
1338 2868 1377 2915 si
1395 2867 1455 2915 ad
1473 2868 1607 2915 illum
1629 2867 1845 2915 nondum
1873 2868 1933 2914 sit

154 2950 412 2998 adventum
440 2951 516 2999 cui
538 2951 683 3000 etiam
705 2966 791 3015 per
810 2950 905 2999 hoc
929 2967 1027 2999 non
1047 2950 1340 2998 intendimus
1362 2951 1479 2998 alias
1501 2951 1735 3014 derogare
1758 2955 1805 2999 et
1827 2950 1930 2998 aliis

156 3034 577 3082 constitutionibus
615 3039 662 3083 et
695 3034 1076 3083 ordinationibus
1117 3035 1411 3098 apostolicis,
1444 3051 1533 3083 nec
1573 3050 1670 3083 non
1709 3034 1930 3082 omnibus

158 3116 251 3163 illis
269 3132 361 3179 que
382 3117 431 3164 in
450 3118 601 3166 literis
625 3119 751 3167 dicte
772 3119 1008 3167 facultatis
1030 3134 1317 3167 concessum
1338 3119 1428 3167 suit
1456 3134 1552 3166 non
1573 3119 1782 3176 obstare,
1807 3121 1932 3165 cete-

156 3199 316 3261 risque
340 3201 590 3248 contrariis
614 3202 995 3265 quibuscunque,
1022 3202 1088 3250 sic
1110 3203 1257 3265 igitur
1277 3202 1335 3250 de
1357 3203 1480 3249 bene
1503 3202 1551 3248 in
1571 3202 1742 3249 melius
1767 3202 1932 3249 studiis

154 3283 382 3330 virtutum
413 3283 607 3331 incedas
628 3289 678 3331 ut
707 3290 755 3333 et
783 3292 948 3333 nostro
975 3291 1022 3332 et
1053 3285 1274 3349 ejusdem
1303 3284 1431 3332 sedis
1457 3291 1719 3347 conspectu
1743 3285 1802 3332 ad
1830 3299 1932 3330 ma-

153 3366 262 3429 jora
279 3370 326 3413 te
344 3381 537 3430 semper
553 3368 815 3416 constituas
833 3369 1115 3416 meritorum
1137 3368 1305 3415 studiis
1318 3367 1606 3429 digniorem,
1623 3382 1807 3429 nosque
1827 3382 1932 3430 pro-

160 3448 265 3495 vide
290 3449 350 3496 ad
376 3449 631 3497 favendum
660 3451 743 3498 tibi
771 3451 1046 3499 uberiorem
1072 3451 1274 3513 gratiam
1294 3454 1471 3513 quanto
1491 3449 1630 3496 citius
1652 3449 1924 3504 invitemur;
