2202 3926
282 297 347 333 174
883 295 1113 333 JOHANNIS
1150 293 1444 337 BURCHARDI,
1851 294 1934 334 [Mai
1957 293 2049 331 1494]

282 397 644 447 amenissimum
676 413 826 461 capax
854 402 1039 445 tantum
1071 412 1158 460 pro
1189 396 1398 458 quinque
1429 398 1509 441 aut
1539 409 1623 440 sex
1651 394 1886 455 personis.
1924 397 2054 442 Inter

281 481 384 546 ipsa
404 481 575 530 balnea
597 485 643 529 et
666 481 871 528 insulam
900 479 1035 527 adest
1061 478 1209 526 Nisita
1238 477 1305 535 (1)
1335 477 1469 539 cujus
1497 478 1709 522 castrum
1740 475 2053 523 fortissimum

282 569 371 625 est,
398 569 445 613 et
463 581 688 613 amenum
709 579 861 621 mare,
886 561 1179 609 territorium
1202 559 1343 605 unius
1370 557 1586 605 milliaris
1611 558 1659 605 in
1680 558 1808 607 circa
1832 574 1841 605 ε
1874 557 1922 605 in
1950 557 2054 621 ipso

281 650 388 699 loco
426 649 556 696 nulla
590 648 760 695 domus
798 649 887 703 est,
926 644 1010 691 sed
1049 641 1309 703 antiquitus
1346 640 1394 687 in
1431 642 1534 704 ejus
1568 641 1815 690 cacumine
1848 645 2056 690 castrum

284 733 386 791 fuit,
411 731 554 778 modo
582 728 778 778 omnino
801 726 1087 775 desolatum.

350 817 470 863 Sunt
506 812 651 860 etiam
691 809 1044 873 quamplurima
1084 809 1220 871 signa
1259 807 1576 867 edificiorum,
1621 807 1705 855 sed
1744 807 1873 855 nullo
1912 806 2058 855 modo

283 900 442 961 potest
474 895 539 943 ibi
570 893 729 956 aliqua
755 892 927 940 domus
954 891 1165 940 construi
1194 890 1280 950 (2).
1306 891 1443 939 Dicta
1467 890 1624 938 insula
1641 894 1688 938 et
1703 906 1841 937 mons
1868 890 2009 938 distat
2033 907 2060 937 a

284 979 470 1029 Puteoli
490 994 577 1042 per
599 992 732 1024 mare
761 975 851 1024 tria
876 974 1114 1022 milliaria.
1144 977 1226 1022 Est
1247 979 1408 1023 tamen
1432 990 1571 1023 mons
1599 973 1700 1037 ipse
1723 978 1768 1022 et
1799 973 1954 1020 insula
1973 988 2059 1035 pro

284 1079 458 1127 magna
488 1062 561 1109 sui
584 1064 720 1124 parte
752 1074 977 1116 concava,
1012 1062 1059 1106 et
1087 1058 1134 1104 in
1157 1060 1261 1123 ejus
1293 1058 1507 1106 cavernis
1534 1055 1788 1105 multitudo
1813 1055 2061 1104 cuniculo-

285 1163 390 1195 rum
413 1150 461 1196 et
488 1148 727 1194 cattorum
749 1141 1035 1190 silvestrium
1062 1142 1314 1206 reperitur.
1348 1144 1439 1189 Per
1463 1141 1587 1188 viam
1614 1138 1911 1204 hujusmodi,
1935 1138 2064 1187 circa

288 1234 334 1279 et
353 1245 504 1295 prope
527 1227 794 1290 Neapolim,
827 1226 887 1274 ad
919 1225 1132 1273 medium
1163 1224 1364 1284 miliare,
1390 1224 1477 1272 sub
1507 1227 1670 1272 monte
1702 1224 1909 1286 quodam
1931 1222 2064 1270 altis—

291 1314 412 1362 simo
440 1316 513 1361 est
546 1311 616 1360 via
636 1310 827 1375 publica
860 1309 908 1356 in
935 1308 1134 1357 modum
1165 1308 1455 1357 testitudinis
1490 1306 1805 1356 artificialiter
1836 1322 2061 1365 concava,

289 1396 554 1446 latitudinis
576 1395 778 1443 duarum
806 1409 1068 1441 cannarum
1088 1392 1161 1440 vel
1192 1392 1336 1451 circa,
1361 1391 1622 1440 altitudinis
1644 1406 1796 1440 canne
1820 1396 1866 1439 et
1885 1390 2061 1448 medie,

291 1481 365 1530 vel
403 1480 549 1539 circa,
590 1482 637 1526 et
675 1476 1005 1541 longitudinis,
1050 1476 1185 1539 quasi
1230 1476 1374 1524 medii
1421 1476 1635 1536 miliaris,
1682 1476 1810 1525 circa
1853 1474 2066 1523 medium

291 1563 477 1612 habens
500 1557 781 1611 crucifixum
802 1561 906 1624 ipso
937 1559 1088 1608 monti
1110 1560 1314 1607 incisum
1336 1560 1395 1607 ab
1425 1575 1519 1607 uno
1549 1560 1717 1619 latere,
1749 1559 1807 1607 ab
1835 1558 1926 1606 alio
1955 1573 2067 1606 vero

293 1647 554 1711 imaginem
576 1646 715 1695 beate
745 1643 972 1707 Virginis.
1000 1643 1103 1691 Sive
1125 1642 1382 1706 aNeapoli,
1408 1643 1503 1691 sive
1532 1658 1557 1691 e
1585 1642 1826 1690 contrario
1856 1641 2064 1699 veniant,

293 1744 486 1792 semper
505 1731 809 1777 transeuntes
829 1730 1036 1791 pergunt
1057 1726 1115 1774 ad
1137 1726 1378 1775 sinistram
1401 1725 1544 1785 muri,
1577 1731 1624 1773 et
1644 1726 1711 1774 ita
1732 1724 1978 1782 incedunt,
2009 1739 2068 1771 ne

295 1830 320 1859 e
347 1812 586 1861 contrario
606 1812 907 1860 venientibus
937 1827 987 1858 se
1016 1815 1278 1873 opponant,
1308 1809 1420 1872 quia
1447 1809 1817 1857 obscurissimus
1845 1812 1917 1857 est
1939 1812 2069 1856 tran-

296 1895 413 1945 situs
436 1912 586 1958 usque
608 1910 757 1959 prope
780 1895 978 1943 exitum.

364 1979 543 2026 Eodem
568 1993 675 2026 sero
698 1977 947 2041 Neapolim
979 1994 1144 2026 sumus
1172 1978 1348 2027 reversi
1370 1995 1379 2038 3
1405 1979 1470 2027 sui
1498 1979 1641 2027 etiam
1665 1977 1711 2024 in
1732 1976 1807 2042 his
1834 1975 2004 2024 diebus
2024 1975 2071 2023 in

300 2063 480 2127 Poggio
513 2062 696 2126 Regali,
723 2060 852 2124 quod
883 2066 955 2110 est
975 2061 1355 2125 pulcherrimum
1383 2063 1615 2126 palatium
1643 2066 1776 2110 extra
1802 2061 2069 2125 Neapolim,

298 2147 359 2195 acl
388 2146 483 2194 duo
512 2145 731 2204 miliaria,
757 2145 1060 2207 quadratum,
1084 2145 1132 2192 in
1154 2149 1360 2207 quatuor
1380 2146 1566 2210 angulis
1594 2149 1800 2209 quatuor
1820 2144 2073 2208 quadratas

301 2234 457 2277 turres
477 2228 662 2276 habens
684 2229 850 2288 altum,
876 2229 934 2276 ad
958 2229 1051 2277 duo
1070 2230 1244 2277 solaria
1265 2245 1406 2292 supra
1434 2233 1630 2287 terram,
1656 2228 1714 2276 ab
1736 2228 1864 2275 intus
1893 2227 2073 2275 circum

304 2311 430 2360 circa
464 2310 827 2371 testudinatum,
858 2311 918 2360 ad
951 2312 1372 2371 deambulandum,
1403 2311 1452 2358 in
1484 2310 1644 2358 medio
1674 2310 1860 2358 habens
1891 2310 2070 2360 locum,

304 2394 364 2442 ad
394 2409 536 2457 quem
568 2409 655 2457 per
690 2398 797 2442 octo
826 2394 899 2443 vel
929 2394 1098 2442 decem
1129 2394 1305 2457 gradus
1340 2393 1665 2452 descenditur,
1700 2393 1780 2456 qui
1818 2393 2075 2455 quemdam

305 2476 598 2525 conductum
618 2477 764 2526 habet
783 2477 1149 2541 amplissimum,
1170 2493 1257 2541 per
1278 2493 1439 2540 quem,
1464 2477 1651 2525 volente
1671 2491 1804 2540 rege,
1821 2476 1956 2524 locus
1974 2475 2075 2539 ipse

306 2559 441 2623 quasi
473 2559 523 2607 in
552 2576 647 2606 uno
681 2565 928 2609 momento
959 2576 1082 2622 aqua
1111 2560 1340 2623 repletur.
1373 2560 1632 2608 Consuevit
1661 2560 1791 2607 enim
1819 2558 2075 2622 aliquando

307 2658 391 2691 rex
409 2642 618 2705 aliquem
633 2642 811 2690 ibidem
832 2658 1051 2691 mensam
1065 2643 1222 2707 parari
1240 2643 1397 2692 facere
1421 2659 1478 2692 eo
1493 2643 1618 2702 loco,
1639 2648 1684 2692 et
1703 2642 2076 2692 consedentibus

308 2725 513 2774 invitatis
555 2730 602 2774 et
647 2726 1047 2786 concedentibus,
1095 2743 1268 2790 aquam
1311 2727 1587 2786 admittere,
1640 2741 1697 2774 ex
1748 2742 1841 2790 qua
1884 2725 2080 2773 madent

311 2823 478 2856 omnes
504 2813 764 2872 antequam
784 2810 968 2873 possint
988 2811 1234 2874 aufugere.

373 2893 456 2940 Est
494 2895 541 2940 et
578 2891 627 2938 in
666 2898 805 2955 porta
839 2910 1070 2958 capuana,
1103 2894 1230 2958 apud
1262 2909 1425 2942 muros
1462 2892 1682 2957 antiquos
1718 2889 2074 2955 Neapolitanos,

309 2978 539 3034 castrum,
565 2990 676 3022 cum
705 2975 1043 3038 pulcherrimis
1069 2975 1221 3023 hortis
1253 2980 1299 3023 et
1329 2975 1658 3023 mansionibus
1678 2989 1765 3037 per
1793 2973 2077 3022 modernum

360 3169 391 3208 1.
417 3171 486 3207 Sur
506 3169 636 3215 Nisita,
660 3179 742 3218 roy.
766 3168 954 3218 Capaccio,
974 3179 1053 3207 our.
1077 3170 1152 3213 cic„
1176 3167 1280 3219 cbap.
1303 3159 1365 3215 IV,
1386 3180 1422 3219 p.
1444 3171 1491 3206 32
1511 3173 1547 3208 et
1567 3169 1659 3208 suiv.
1682 3165 1767 3206 Voir
1788 3178 1832 3206 en
1853 3171 1967 3214 outre,
1989 3175 2079 3218 pour

314 3233 394 3266 tous
417 3226 469 3266 les
487 3230 584 3267 lieux
604 3229 832 3266 mentionnes
846 3238 911 3278 par
924 3226 1122 3275 Burchard‚
1138 3231 1233 3268 deux
1253 3235 1375 3268 autres
1403 3240 1582 3279 ouvrages
1604 3231 1648 3267 de
1675 3228 1864 3278 Capacem,
1885 3229 2077 3266 Puteolana

311 3287 477 3334 historia,
499 3288 664 3337 Neapoli,
698 3287 803 3335 1604,
836 3288 942 3335 in-8,
973 3294 1009 3327 et
1038 3290 1070 3327 le
1101 3290 1193 3339 petit
1221 3290 1325 3328 traite
1357 3289 1478 3338 publie
1507 3292 1528 3325 a
1554 3289 1588 3326 la
1614 3289 1706 3326 suite
1730 3290 1974 3327 :Balnearum
1999 3296 2078 3334 quae

308 3348 474 3394 Neapoli,
510 3347 681 3390 Puteolis,
710 3350 824 3390 Baiis,
858 3348 1056 3387 Pithecusis
1084 3354 1220 3392 eoetcmt,
1255 3351 1419 3386 virtutes.
1454 3348 1616 3397 Neapoli,
1651 3350 1754 3396 1604,
1783 3350 1877 3386 in—8.

357 3408 393 3444 2.
423 3406 524 3444 Cotto
544 3408 675 3455 phrase
696 3419 851 3455 manqm¹
872 3409 962 3446 dans
984 3407 1014 3446 le
1035 3421 1124 3447 mss.
1140 3409 1260 3458 Cliigi,
1282 3410 1311 3445 1¹⁰
1331 3410 1412 3454 335,
1437 3421 1467 3446 v.
