2202 3926
158 342 268 383 [Mars
292 342 384 380 1494]
617 340 788 376 RERUM
824 338 1127 376 URBANARUM
1155 339 1508 376 COMMENTARH.
1911 344 1959 380 99

156 444 424 508 politanum
446 443 652 491 adventu
671 441 965 491 marchionis
987 441 1143 490 Giraci
1166 457 1278 489 cum
1297 441 1448 489 tribus
1472 441 1615 489 sociis
1639 443 1949 505 supradictis,

156 531 213 576 R.
248 527 523 576 Dominatio
554 542 640 575 sua
666 526 786 575 mihi
817 526 935 573 dixit
964 525 1125 590 ipsum
1157 542 1264 575 esse
1296 531 1527 589 nepotem
1555 525 1685 589 regis
1714 526 1949 590 Alphonsi

153 628 212 660 ex
234 612 396 671 fratre,
421 610 642 659 videlicet
667 610 911 671 bastardo,
944 620 1109 660 tamen
1136 610 1357 675 ejusdem
1385 609 1514 674 regis
1543 614 1714 659 natum
1743 610 1802 658 de
1831 611 1951 674 legi-

158 696 274 744 timo
305 695 630 754 matrimonio,
664 699 924 760 propterea
956 696 994 744 si
1026 696 1195 744 liceret
1229 695 1439 758 aliquem
1466 693 1540 742 vel
1568 693 1755 757 aliquos
1793 693 1953 741 cardi-

154 779 290 827 nales
312 779 501 828 obviam
523 778 612 827 sibi
633 779 845 840 mittere,
870 784 952 827 aut
972 796 1061 844 per
1081 796 1132 829 se
1155 779 1332 843 ipsum,
1364 795 1422 827 ac
1442 779 1481 827 si
1505 778 1622 827 alias
1644 778 1705 826 ad
1727 777 1952 826 solatium

155 863 409 926 equitaret,
435 878 547 910 eum
568 863 902 911 marchionem
923 864 973 911 in
1000 863 1183 928 campis
1205 863 1432 911 salutare.
1459 861 1703 926 Respondi
1726 877 1953 911 reveren-

155 946 352 995 dissime
382 946 698 995 dominationi
730 963 815 995 sue
846 947 894 994 in
925 947 1332 996 ceremonialibus
1367 962 1595 1010 expresse
1637 946 1791 994 caveri
1825 946 1954 1010 quod

155 1031 369 1094 regibus,
414 1029 594 1093 reginis
629 1035 677 1077 et
717 1045 888 1077 eorum
924 1029 1036 1076 filiis
1074 1034 1120 1078 et
1164 1029 1355 1078 filiabus
1385 1045 1441 1076 ac
1473 1028 1699 1077 fratribus
1740 1032 1787 1076 et
1821 1044 1954 1078 soro-

156 1114 288 1162 ribus
311 1113 595 1163 eorumdem
616 1116 822 1172 tantum,
851 1118 899 1161 et
919 1129 1016 1161 non
1040 1113 1145 1161 aliis
1167 1113 1583 1178 qualitercumque
1607 1112 1723 1177 ipsis
1746 1113 1953 1162 attinen-

157 1197 283 1246 tibus
304 1213 393 1262 per
412 1195 682 1245 cardinales
705 1196 894 1244 obviam
916 1196 992 1257 iri,
1018 1200 1278 1261 propterea
1301 1197 1434 1257 huic,
1463 1201 1693 1260 tanquam
1719 1196 1882 1260 nepoti
1905 1202 1950 1245 et

156 1298 214 1330 ex
239 1281 332 1329 alia
356 1281 502 1341 linea,
536 1280 725 1328 obviam
755 1280 1026 1329 cardinales
1055 1280 1125 1328 ire
1155 1296 1254 1329 non
1283 1281 1462 1329 debere
1492 1297 1651 1345 neque
1682 1281 1771 1331 sibi
1801 1282 1948 1331 licere

156 1365 285 1428 quod
318 1365 458 1414 vadat
493 1369 604 1413 ante
642 1379 812 1421 omnes
851 1364 1168 1413 cardinalium
1205 1369 1349 1429 caput
1387 1369 1435 1412 et
1474 1365 1704 1413 decanus.
1743 1368 1801 1414 Et
1838 1381 1949 1414 cum

156 1447 283 1496 idem
316 1464 345 1496 a
371 1463 450 1497 me
483 1451 674 1512 peteret
703 1463 916 1511 quonam
946 1447 1132 1496 honore
1163 1447 1312 1512 recipi
1342 1453 1525 1511 posset,
1559 1451 1723 1512 preter
1752 1463 1949 1497 omnem

155 1531 506 1595 receptionem,
540 1532 636 1581 dixi
669 1532 800 1595 quod
832 1535 963 1595 Papa
982 1536 1148 1595 posset
1179 1532 1301 1580 duos
1328 1532 1542 1596 prelatos
1570 1532 1734 1596 palatii
1763 1532 1836 1580 sui
1862 1549 1949 1597 per

153 1615 281 1664 diem
312 1621 423 1664 ante
454 1632 624 1665 eorum
655 1616 914 1664 adventum
944 1615 988 1663 ei
1020 1616 1209 1664 obviam
1239 1616 1453 1677 mittere,
1491 1616 1571 1680 qui
1602 1632 1715 1665 eum
1749 1617 1946 1665 nomine

152 1699 395 1770 pontificis
423 1700 680 1764 reciperet,
714 1700 887 1748 deinde
917 1699 1144 1749 eumdem
1173 1700 1223 1748 in
1251 1700 1328 1749 die
1356 1701 1590 1749 adventus
1619 1716 1708 1765 per
1737 1701 1944 1749 familias

154 1785 280 1848 Pape
306 1790 354 1832 et
376 1784 693 1833 cardinalium
719 1784 939 1848 recipere
962 1799 1099 1832 more
1121 1784 1282 1832 solito.
1319 1774 1655 1844 Postmodum,
1690 1785 1942 1848 pontifice,

151 1867 210 1914 ad
242 1868 523 1916 instantiam
557 1868 777 1932 ejusdem
810 1867 1086 1926 cardinalis,
1120 1884 1198 1915 me
1225 1868 1285 1916 de
1313 1868 1562 1932 premissis
1589 1868 1940 1933 interrogante,

152 1949 260 1997 dedi
297 1950 505 1999 similem
538 1950 931 1999 informationem
962 1953 1090 2014 Pape
1124 1951 1253 2014 quod
1286 1951 1554 2000 cardinales
1588 1951 1809 2000 mittendi
1845 1968 1942 2000 non

151 2037 331 2094 essent,
369 2034 456 2082 sed
487 2034 582 2082 duo
615 2034 803 2098 prelati,
835 2039 886 2082 ut
920 2050 1065 2098 supra
1101 2034 1214 2094 dixi,
1258 2034 1381 2082 mitti
1409 2039 1625 2098 possent.
1661 2035 1941 2084 Successive

149 2115 277 2164 idem
308 2117 563 2165 cardinalis
596 2134 625 2166 a
657 2133 736 2166 me
770 2118 909 2181 petiit
941 2118 1089 2166 etiam
1123 2134 1184 2166 an
1212 2123 1382 2182 posset·
1410 2119 1756 2168 convenienter
1782 2119 1941 2167 eidem

149 2200 417 2249 marchioni
437 2201 574 2249 locus
595 2201 643 2248 in
666 2201 824 2249 banco
851 2201 1168 2250 cardinalium
1194 2206 1303 2265 post
1329 2218 1500 2251 omnes
1522 2203 1790 2251 cardinales
1813 2202 1938 2260 dari3

149 2288 196 2332 et
217 2285 446 2349 respondi
468 2286 597 2349 quod
617 2301 733 2345 non,
764 2285 851 2334 sed
875 2286 1038 2334 locum
1065 2285 1114 2333 in
1137 2286 1376 2350 superiori
1398 2286 1550 2350 gradu
1572 2286 1678 2335 solii
1703 2290 1828 2350 Pape
1852 2287 1940 2335 sibi

146 2367 483 2432 dignissimum
505 2385 612 2418 esse
638 2386 647 2416 :
674 2369 822 2417 alium
843 2386 930 2434 pro
953 2386 1012 2418 eo
1034 2371 1133 2434 peti
1157 2386 1254 2418 non
1275 2386 1438 2434 posse,
1467 2386 1628 2434 neque
1651 2370 1835 2419 deberi.

213 2453 352 2502 Feria
371 2458 542 2517 quarta
562 2453 762 2518 majoris
783 2453 1111 2513 hebdomade,
1141 2457 1202 2502 26
1225 2454 1338 2502 dicti
1361 2455 1543 2503 mensis
1565 2455 1742 2514 martii,
1769 2458 1936 2502 Rmus.

146 2539 203 2584 D.
228 2537 484 2585 cardinalis
506 2537 878 2597 Alexandrinus,
903 2539 962 2587 de
982 2538 1212 2587 mandato
1238 2539 1323 2586 SS.
1359 2541 1416 2586 D.
1449 2541 1505 2587 N.
1532 2555 1654 2603 pape
1685 2538 1783 2586 vive
1814 2539 1939 2586 vocis

146 2620 359 2680 oraculo,
393 2624 445 2668 ut
478 2622 702 2681 asseruit,
741 2622 832 2670 sibi
865 2623 1009 2683 facto,
1044 2622 1279 2671 ordinavit
1315 2625 1509 2670 Rmum.
1549 2625 1604 2671 D.
1643 2621 1938 2671 cardinalem

147 2704 456 2753 Valentinum
492 2710 540 2754 et
576 2709 631 2754 R.
668 2709 724 2753 D.
763 2705 1036 2755 Johannem
1070 2706 1248 2769 Borgia
1282 2707 1671 2769 protonotarium
1707 2709 1937 2769 nepotem

146 2803 305 2846 suum,
330 2792 574 2837 caractere
592 2789 802 2838 clericali
828 2795 1014 2838 tantum
1032 2788 1306 2853 insignitos,
1339 2789 1400 2837 ad
1427 2794 1634 2853 quatuor
1654 2789 1870 2837 minores
1890 2792 1937 2837 et

141 2870 515 2919 subdiaconatus
534 2887 698 2920 sacros
717 2873 911 2922 ordines
931 2873 1057 2921 infra
1077 2872 1338 2921 missarum
1359 2888 1445 2936 per
1461 2873 1621 2936 ipsum
1645 2863 1702 2921 D.
1726 2873 1932 2921 Alexan-

142 2952 335 3002 drinum
374 2954 733 3003 celebraturum
773 2956 1024 3016 solemnia,
1062 2955 1201 3020 juxta
1237 2956 1445 3005 formam
1486 2961 1535 3006 et
1574 2957 1722 3005 ritum
1763 2961 1928 3005 sancte

142 3052 341 3087 romane
364 3039 578 3088 Ecclesie
601 3039 771 3089 ordine
793 3039 1101 3103 infrascripto
1127 3056 1136 3087 z

208 3121 370 3171 Altare
399 3129 623 3187 paratum
651 3123 741 3172 fuit
770 3124 1000 3172 ferialiter
1026 3139 1139 3172 cum
1172 3139 1257 3171 sex
1283 3123 1587 3172 candelabris
1617 3127 1664 3172 et
1691 3124 1741 3171 in
1771 3123 1931 3172 medio

141 3205 298 3269 posito
341 3208 504 3256 omnia
538 3213 705 3272 parata
740 3207 1034 3272 pontificalia
1067 3207 1263 3255 violatia
1299 3222 1386 3271 pro
1425 3207 1748 3264 celebraturo,
1794 3212 1842 3254 et
1881 3207 1928 3253 in

142 3305 293 3338 cornu
312 3292 547 3354 evangelii
564 3293 784 3352 amictus,
805 3293 913 3341 alba
933 3297 981 3341 et
1003 3293 1252 3357 cingulum
1270 3306 1358 3355 pro
1376 3289 1620 3338 cardinale
1639 3289 1924 3347 ordinando,

141 3375 458 3423 faldistorium
493 3375 542 3423 in
574 3376 683 3424 loco
722 3392 809 3425 suo
845 3393 933 3440 pro
970 3376 1268 3435 celebrante,
1309 3379 1357 3422 et
1391 3373 1655 3422 scabellum
1689 3373 1739 3420 in
1777 3388 1926 3420 cornu

143 3459 376 3522 evangelii
408 3474 494 3521 per
528 3462 870 3517 transversum,
906 3475 962 3506 ac
996 3460 1045 3506 in
1075 3460 1219 3522 plano
1250 3456 1538 3520 presbyterii
1566 3455 1814 3504 credentia
1839 3468 1925 3516 pro
