2216 3886
273 342 344 378 4130
888 334 1119 372 ιΙΟΙ-ΙΑΝΝῘΞ
1154 332 1446 376 ΒΠΗΟΗΑΒΙἯ,
1802 333 1936 373 [Juillot
1957 334 2051 375 1498]

341 443 482 493 Feria
510 442 692 506 quinta,
719 443 778 488 28
808 439 922 487 dicti
949 437 1128 487 mensis
1143 436 1285 500 junii,
1311 434 1470 498 vigilia
1495 433 1821 498 apostolorum
1845 435 1971 483 Petri
2003 438 2050 484 et

276 526 425 585 Pauli,
458 526 648 574 suerunt
671 538 869 587 vespere
900 522 1094 586 papales
1119 521 1167 567 in
1189 518 1374 582 capella
1399 518 1582 581 majore
1609 517 2050 580 palatii'apostolici

273 609 473 675 predicti
514 625 523 655 :
565 611 731 654 RmuS.
772 609 828 654 D.
870 604 1124 652 cardinalis
1158 619 1196 650 s.
1238 601 1466 649 Praxedis
1505 601 1618 649 fecit
1651 599 1883 659 officium,
1925 603 2051 664 Papa

274 693 471 740 absente
508 695 554 737 et
584 689 829 737 infirmum
863 687 946 752 [se]
976 687 1206 749 fingente.
1243 687 1385 733 Festo
1413 684 1760 748 apostolorum,
1795 687 1958 731 Rmus.
1991 686 2047 732 D.

274 774 529 825 cardinalis
567 769 1198 821 Ulixbonensiscelebravit
1234 769 1432 818 missam
1471 771 1740 819 solemnem
1775 770 1823 817 in
1854 769 2051 817 basilica

276 876 313 907 s,
348 856 493 915 Petri,
524 855 767 904 consuetis
795 854 1101 913 ceremoniis,
1134 855 1263 916 Papa
1287 853 1505 902 similiter
1532 854 1731 903 absente
1761 870 1771 901 z
1796 852 2053 916 publicavit

277 940 601 1004 indulgentias
628 939 675 986 in
704 938 800 987 fine
827 938 972 985 misse
1001 941 1188 1001 septem
1217 953 1453 985 annorum
1482 942 1529 986 ct
1555 938 1756 987 totidem
1785 937 2054 1001 quadrage-

277 1040 448 1073 narum
477 1039 563 1087 per
587 1026 764 1086 Papam
792 1037 1066 1071 concessas.
1101 1021 1206 1069 Alia
1231 1025 1339 1069 acta
1367 1026 1476 1070 sunt
1505 1036 1639 1070 more
1669 1026 1926 1080 consueto;
1957 1036 2053 1069 non

281 1110 367 1157 suit
388 1122 565 1156 sermo.

344 1191 572 1251 Sabbato,
604 1189 772 1237 ultima
803 1189 880 1238 die
910 1188 1022 1237 dicti
1050 1188 1230 1236 mensis
1254 1188 1398 1253 junii,
1430 1189 1491 1237 de
1520 1188 1715 1251 speciali
1744 1188 1941 1237 licentia
1967 1189 2052 1236 SS.

281 1280 336 1324 D.
374 1278 429 1323 N.
464 1289 587 1338 pape
621 1288 764 1336 quam
794 1277 903 1320 ante
937 1287 1155 1320 mensem
1183 1288 1210 1319 a
1239 1272 1622 1323 Sanctitatesua
1647 1271 1763 1335 petii
1795 1276 1842 1320 et
1872 1271 2054 1320 obtinui

280 1375 429 1423 nsque
451 1358 512 1407 ad
534 1356 762 1406 kalendas
790 1355 1063 1405 novembris
1091 1355 1306 1419 proxime
1329 1355 1494 1413 futuri,
1526 1355 1705 1403 recessi
1727 1370 1785 1402 ex
1808 1355 1934 1403 Urbe
1963 1355 2057 1403 itu—

208 1498 211 1501 ·
283 1460 360 1491 rus
390 1442 709 1505 Argentinum
737 1440 798 1488 ad
822 1439 1081 1487 videndum
1109 1444 1157 1487 et
1178 1439 1495 1487 ordinandum
1523 1439 1719 1503 negotia
1739 1454 1865 1498 mea,
1899 1439 1945 1486 in
1971 1438 2055 1487 Dei

282 1542 496 1575 nomme.

348 1610 485 1658 Feria
525 1608 755 1667 secunda,
795 1612 854 1656 23
894 1608 1075 1656 mensis
1107 1608 1231 1671 julii,
1272 1608 1387 1656 obiit
1429 1606 1799 1656 Bartholomeus
1837 1603 2057 1651 Floridus

284 1696 397 1743 olim
429 1693 822 1758 archiepiscopus
853 1692 1176 1750 FlorentinuS,
1212 1693 1294 1739 SS.
1329 1693 1384 1738 D.
1416 1694 1471 1739 N.
1502 1695 1624 1754 pape
1656 1687 1944 1736 secretarius
1972 1687 2060 1734 do-

285 1779 532 1838 mesticuS,
566 1777 615 1824 in
648 1780 804 1823 castro
837 1791 875 1822 s,
909 1773 1097 1837 Angeli,
1133 1775 1180 1821 in
1211 1775 1320 1823 loco
1350 1775 1399 1822 in
1426 1790 1520 1838 quo
1549 1773 1772 1822 detentus
1799 1775 1918 1832 erat,
1949 1786 2061 1819 cum

283 1875 475 1923 magna,
513 1862 565 1906 ut
594 1856 824 1916 intellexi,
855 1856 1147 1904 discretione
1182 1861 1229 1905 et
1262 1856 1531 1917 devotione,
1566 1872 1594 1904 a
1624 1856 1867 1904 Salvatore
1895 1858 2063 1903 nostro

284 1941 667 1990 misericordiam
693 1945 863 2004 petens
890 1945 938 1988 et
964 1940 1169 2000 veniam,
1196 1940 1362 1988 dicens
1392 1957 1402 1989 ε
1436 1940 1539 1988 Tibi
1557 1941 1642 1989 soli
1652 1939 1860 2004 peccavi,
1892 1946 1936 1986 et
1964 1954 2062 1986 ma-

284 2027 383 2074 lum
404 2041 558 2073 eoram
581 2032 622 2072 te
641 2024 753 2090 feci,
780 2039 835 2071 ac
858 2023 895 2071 si
916 2029 1117 2087 negaret
1137 2025 1186 2072 in
1213 2026 1391 2087 Papam
1419 2024 1696 2087 deliquisse.

351 2112 402 2158 In
444 2124 553 2157 sero
588 2107 808 2172 ejusdem
840 2107 934 2155 diei
968 2111 1184 2171 portatus
1215 2108 1303 2155 fuit
1335 2107 1396 2155 ad
1434 2107 1691 2156 ecclesiam
1734 2107 1874 2154 beate
1913 2105 2061 2153 Marie

285 2192 634 2256 transpontine,
654 2191 756 2238 sine
775 2190 1047 2250 intorticiis‚
1069 2191 1171 2238 sine
1190 2191 1388 2239 homine
1407 2190 1584 2254 aliquo,
1604 2195 1652 2239 et
1670 2189 1849 2238 ibidem
1869 2205 1928 2236 ex
1947 2192 2061 2236 tunc

287 2278 389 2324 sine
414 2275 703 2323 ceremoniis
728 2278 807 2322 aut
835 2274 994 2337 aliqua
1014 2274 1315 2323 ordinatione
1337 2273 1551 2322 Ecclesie
1571 2273 1805 2337 sepultus
1828 2272 2063 2335 Requies-

290 2364 365 2408 cat
387 2360 436 2407 in
455 2375 591 2423 pace.

353 2443 436 2491 His
469 2443 661 2502 diebus,
699 2442 826 2491 facta
859 2446 932 2490 est
965 2458 1056 2505 pax
1089 2441 1216 2489 inter
1249 2444 1350 2489 DD.
1385 2441 1584 2489 Ursinos
1615 2445 1662 2489 et
1696 2440 2060 2500 Columnenses‚

290 2527 555 2576 mediatore
578 2529 716 2574 Rmo.
743 2529 800 2574 D.
826 2525 1067 2573 cardinale
1095 2525 1154 2572 de
1177 2541 1215 2571 S.
1242 2523 1494 2581 Severino;
1521 2527 1566 2570 et
1588 2538 1674 2586 pro
1696 2521 1867 2586 maj0ri
1889 2521 2063 2570 robore

289 2608 566 2673 hujusmodi
593 2609 725 2672 pacis
751 2609 876 2656 facta
910 2612 955 2655 et
985 2611 1231 2655 contracta
1258 2606 1442 2654 diversa
1483 2606 1790 2655 matrimonia
1824 2610 1989 2655 mutuo
2018 2613 2064 2655 et

292 2694 417 2742 inter
436 2698 688 2756 utramque
710 2691 940 2740 familiam
963 2690 1045 2750 (1).

359 2778 630 2836 Dominica,
662 2780 721 2824 29
754 2775 867 2824 dicti
895 2774 1075 2824 mensis
1100 2774 1223 2836 julii,
1255 2772 1569 2821 constitutum
1601 2773 1756 2820 fuerat
1785 2776 2064 2835 suggestum

339 2924 372 2961 1,
403 2938 420 2955 «
448 2921 632 2969 L'orIgine
659 2922 703 2957 de
732 2920 764 2956 la
790 2931 921 2967 guerre
948 2923 1048 2956 entre
1076 2919 1127 2956 les
1155 2919 1316 2956 Colonna
1342 2923 1377 2955 et
1402 2918 1606 2967 lestrsini
1627 2918 1734 2954 futla
1754 2918 1848 2966 prise
1869 2918 1914 2954 de
1934 2917 1968 2954 la
1988 2922 2068 2954 tour

292 2981 437 3027 Mathir,
461 2981 549 3018 dont
569 2981 705 3028 Jacopo
726 2979 833 3016 Conti
854 2978 972 3015 s’etait
993 2981 1149 3025 empare.
1164 2978 1272 3026 (Voy.
1288 2978 1431 3025 preced.
1453 2989 1540 3026 pag.
1562 2978 1660 3023 399.)
1682 2978 1752 3014 Les
1773 2976 1935 3015 Colonna
1953 2982 1988 3014 et
2014 2977 2066 3013 les

292 3040 424 3079 Savelli
445 3052 483 3077 se
499 3040 668 3088 jeterent,
692 3050 757 3086 par
777 3037 1019 3086 represailles,
1041 3049 1103 3073 sur
1128 3036 1180 3073 les
1207 3041 1321 3074 terres
1348 3037 1413 3073 des
1440 3036 1544 3073 Conti
1572 3048 1642 3085 que
1662 3037 1806 3073 vinrent
1833 3036 1996 3074 soutenir
2015 3036 2067 3072 les

291 3100 424 3138 Orsini.
447 3100 563 3148 Apres
584 3098 765 3147 plusieurs
794 3100 920 3133 succes
948 3099 1147 3144 remportes
1169 3097 1233 3133 des
1260 3096 1356 3133 deux
1383 3098 1496 3142 entes,
1518 3095 1570 3132 les
1592 3095 1713 3132 Orsini
1732 3096 1853 3133 furent
1877 3095 2069 3145 complete-

291 3164 390 3197 ment
409 3158 539 3196 defaits
566 3158 598 3194 le
627 3159 671 3194 12
697 3157 786 3194 avril
812 3157 903 3193 1498
930 3159 1013 3204 pres
1040 3156 1085 3191 de
1111 3155 1322 3194 Monticelli.
1351 3156 1399 3192 Le
1425 3167 1517 3203 pape
1538 3155 1667 3203 feignit
1694 3156 1739 3192 de
1764 3156 1904 3193 vouloir
1928 3155 1982 3192 les
2007 3154 2067 3192 ac*—

293 3220 430 3264 corder,
467 3218 572 3264 mais,
606 3229 651 3254 en
689 3216 826 3262 realite‚
862 3215 884 3251 il
916 3227 960 3251 ne
993 3215 1180 3252 cherchait
1208 3215 1291 3264 qu'a
1320 3215 1529 3252 cnvenimer
1560 3214 1613 3251 les
1645 3216 1805 3261 choses;
1840 3226 1882 3251 sa
1914 3215 2069 3251 securite

292 3278 487 3325 dependait
516 3278 559 3313 de
580 3275 756 3313 l’inimitie
782 3276 827 3311 de
853 3286 914 3311 ces
941 3275 1037 3310 deux
1063 3274 1273 3322 puissantes
1298 3273 1464 3310 familles.
1488 3273 1584 3309 Elles
1612 3273 1644 3309 le
1673 3273 1892 3322 comprirent
1910 3273 2067 3317 bient6t3

292 3337 345 3373 los
372 3336 534 3373 Colonna
561 3341 597 3373 et
615 3336 667 3372 les
688 3334 810 3372 Orsini
837 3346 876 3370 se
904 3333 1088 3370 reunirent
1116 3336 1137 3369 a
1163 3332 1298 3378 Tivoli5.
1325 3331 1429 3369 Carlo
1457 3331 1592 3377 Orsini,
1621 3332 1683 3380 qui
1712 3331 1808 3368 avait
1833 3333 1890 3368 ete
1911 3331 1975 3368 fait
1993 3331 2065 3379 pri-

293 3396 442 3433 sonnier
467 3398 488 3431 ῑι
509 3394 719 3439 Monticelli,
742 3394 797 3430 sut
815 3393 886 3429 mis
907 3405 951 3429 en
970 3392 1109 3438 liberte,
1130 3392 1182 3429 les
1202 3392 1324 3440 places
1345 3391 1460 3440 prises
1475 3392 1519 3428 de
1534 3396 1615 3440 part
1634 3396 1669 3428 et
1687 3390 1823 3427 d’autre
1844 3390 2013 3434 rendues,
2035 3395 2071 3427 et

306 3468 324 3491 e
350 3455 526 3490 differend
553 3455 618 3490 des
639 3455 735 3490 deux
762 3453 914 3489 sections
941 3463 986 3488 au
1015 3451 1109 3499 sujet
1136 3451 1265 3487 d’Abbi
1293 3456 1329 3487 et
1353 3451 1397 3486 de
1423 3450 1652 3497 Tagliacozzo
1682 3450 1791 3489 remis
1817 3452 1837 3488 ὰ
1863 3448 2069 3499 l'arbitrage
