2222 3926
306 362 376 396 3?ss
514 413 518 417 ·
911 360 1141 397 JOHANNIS
1176 359 1468 406 BURCHARDI,
1863 360 1969 399 [Aont
1988 362 2082 401 1496]

311 463 359 510 in
389 477 594 525 quorum
617 462 762 510 fidem
784 468 1035 525 presentes
1064 461 1168 509 fieri
1202 462 1365 508 literas
1389 460 1636 522 nostrique
1669 458 2074 523 sigillijussimus‚

307 549 353 591 et
381 544 582 591 fecimus
614 543 911 606 appensione
941 542 1249 591 communiri.
1283 544 1457 589 Datum
1484 541 1751 604 Viglevani,
1776 542 2077 592 Novariensis

315 626 538 682 diecesiS,
562 641 686 673 anno
711 625 1052 672 incarnationis
1076 625 1318 672 dominice
1346 626 1489 681 1496,
1508 628 1677 687 quarto
1700 640 1853 673 nonas
1875 629 2082 689 septem-

307 711 402 757 bris
416 708 720 771 pontificatus
736 707 906 770 prefati
927 707 1216 754 sanctissimi
1234 707 1415 754 domini
1433 707 1580 754 nostri
1597 722 1736 770 pape,
1755 723 1880 755 anno
1891 709 2074 772 quinto.

370 790 507 838 Fer-ia
528 790 684 846 tertia,
709 792 769 837 30
792 789 979 852 augusti
1000 789 1220 852 predicti,
1239 794 1347 853 post
1368 790 1537 837 horam
1558 805 1887 853 vesperorum,
1913 794 2076 839 Rmus.

308 879 363 922 D.
403 874 588 935 legatus
624 888 732 919 cum
771 872 1092 919 illustrissimo
1128 875 1183 919 D.
1222 872 1342 920 duce
1374 877 1419 920 et
1458 872 1683 920 comitiva
1714 873 1989 936 equitarunt
2013 874 2082 921 -ad

305 957 518 1015 missam,
546 956 656 1003 inde
685 956 796 1002 ituri
820 956 877 1002 ad
902 956 1267 1003 serenissimum
1293 958 1617 1003 Romanorum
1639 971 1821 1019 regem.
1848 959 2084 1005 Reveren-

307 1039 505 1087 ‹lissima
536 1038 811 1086 Dominatio
844 1054 929 1086 sua
957 1038 1199 1102 hospitata
1227 1044 1299 1086 est
1332 1039 1377 1086 in
1410 1044 1569 1087 castro
1597 1055 1707 1087 cum
1736 1040 1882 1099 duce;
1918 1055 2008 1103 ego
2037 1046 2081 1087 et

299 1123 378 1170 alii
401 1122 447 1169 in
470 1121 678 1184 hospitio
700 1121 894 1184 publico
915 1124 1176 1185 Campane,
1197 1122 1233 1168 si
1262 1127 1391 1169 recte
1415 1122 1615 1180 nemini,
1640 1138 1805 1170 sumus
1829 1123 2074 1186 hospitati.

365 1205 547 1252 Eodem
587 1219 713 1262 sero,
740 1207 903 1251 Rmus.
932 1207 987 1252 D.
1021 1204 1207 1267 legatus
1239 1209 1286 1251 et
1317 1204 1666 1262 illustrissimus
1700 1205 1793 1252 dux
1828 1205 2084 1253 commise—

304 1294 412 1336 runt
434 1294 485 1335 ut
508 1289 555 1335 in
577 1304 718 1336 mane
739 1288 968 1346 crastino,
995 1293 1104 1336 ante
1133 1288 1279 1346 diem,
1305 1288 1425 1336 irem
1447 1288 1506 1335 ad
1528 1290 1766 1347 Cremam,
1791 1288 1852 1336 ad
1873 1287 2082 1335 serenis-

302 1373 477 1419 simum
520 1375 866 1430 Romanorum,
902 1387 1066 1433 regem
1108 1372 1337 1418 nunciare
1378 1372 1612 1435 Majestati
1658 1388 1742 1419 sue
1781 1371 1995 1434 legatum
2036 1376 2083 1419 et.

301 1455 471 1502 ducem
509 1455 853 1514 Mediolanum,
885 1460 1108 1503 venturos
1144 1455 1314 1503 eadem
1346 1454 1442 1513 die,
1479 1459 1620 1517 prout
1651 1470 1738 1518 per
1777 1455 2079 1518 Majestatem

303 1554 438 1585 suam
468 1544 597 1586 esset
634 1538 933 1597 ordinatum3
975 1538 1144 1586 dantes
1172 1538 1289 1586 mihi
1321 1537 1540 1586 cedulam
1572 1537 1884 1585 ordinationis
1918 1553 2083 1600 recep-

309 1621 448 1668 tionis
469 1622 600 1685 regie
623 1622 907 1684 Majestatis‚
927 1626 1069 1685 prout
1090 1621 1473 1685 ipsisvidebatur
1494 1622 1769 1673 convenire,
1795 1636 1939 1683 quam
1961 1620 2084 1667 vole-

300 1705 414 1752 bant
442 1720 519 1753 me
555 1705 642 1767 ipsi
673 1705 929 1752 ostendere
959 1711 1005 1751 et
1031 1705 1089 1753 ab
1122 1720 1179 1752 eo
1207 1704 1422 1752 mandari
1457 1704 1494 1751 si
1528 1704 1716 1752 volebat
1744 1719 1801 1752 eo
1834 1703 1979 1750 modo
2006 1703 2078 1751 vel

302 1787 441 1835 aliter
462 1787 724 1841 observari,
744 1788 855 1850 quia
876 1789 1113 1836 mandatis
1137 1789 1233 1836 suis
1261 1787 1410 1851 parati
1441 1791 1601 1835 essent
1628 1787 1823 1835 obedire
1847 1791 1892 1835 et
1915 1793 2084 1835 contra

302 1886 397 1917 non
423 1871 602 1918 facere.

367 1956 528 2002 Tenor
550 1955 718 2003 cedule
740 1955 956 2019 predicte
978 1955 1085 2002 talis
1109 1960 1211 2003 erat
1219 1991 1336 2003 ......

370 2038 577 2085 Prandio
617 2039 744 2086 bona
772 2038 893 2086 hora
916 2043 1111 2102 peracto
1144 2037 1191 2084 in
1226 2036 1434 2094 Munda,
1472 2039 1637 2084 Rmus.
1667 2039 1723 2084 D.
1754 2036 1942 2098 legatus
1973 2050 2080 2082 cum

301 2119 624 2167 illustrissimo
650 2123 706 2168 D.
727 2120 849 2168 duce
871 2121 1004 2168 ibunt
1027 2120 1086 2168 ad
1102 2121 1331 2184 oppidum
1352 2121 1492 2169 Mede
1514 2121 1593 2169 ubi
1607 2127 1745 2169 erunt
1767 2121 1895 2168 circa
1914 2120 2083 2167 horam

303 2217 419 2248 xvm
455 2206 501 2249 et
532 2203 852 2265 expectabunt
897 2219 1084 2251 sacram
1125 2206 1381 2270 Cesaream
1414 2205 1788 2268 Majestatatem;
1835 2203 1908 2250 cui
1947 2218 2083 2249 xvnu

298 2284 418 2331 bora
445 2285 650 2332 venienti
678 2286 811 2333 ibunt
835 2286 1024 2334 obviam
1047 2289 1212 2334 Rmus.
1241 2290 1295 2334 D.
1322 2287 1509 2350 legatus
1542 2287 1602 2334 ad
1636 2286 1849 2332 medium
1878 2284 2081 2332 milliare

304 2367 380 2414 ubi
412 2367 674 2415 descendet
710 2367 768 2415 de
803 2368 949 2427 mula,
985 2368 1085 2415 visa
1114 2371 1319 2417 Cesarea
1347 2370 1614 2432 Majestate,
1647 2375 1693 2417 et
1728 2384 1784 2416 ea
1817 2369 2004 2416 visitata
2036 2373 2082 2416 et

301 2451 553 2508 honorata,
579 2465 749 2498 omnes
778 2451 1042 2499 ascendent
1065 2466 1234 2513 equos,
1258 2451 1561 2515 paucissimis
1582 2452 1741 2500 verbis
1760 2450 1915 2498 solum
1938 2464 2082 2514 super

303 2533 424 2582 felici
446 2534 666 2596 ingressu
688 2534 902 2581 dicturus
926 2535 1007 2597 (1).

366 2617 679 2665 Postmodum
713 2618 949 2665 veniendo
990 2619 1046 2665 ad
1082 2617 1290 2677 Medam,
1324 2621 1490 2667 Rmus.
1523 2622 1579 2667 D.
1610 2618 1797 2680 legatus
1834 2618 1914 2681 qui
1950 2619 2081 2666 venit

301 2700 361 2746 ad
393 2699 728 2751 honorandum
764 2701 1070 2763 Majestatem
1109 2716 1263 2759 suam,
1297 2702 1483 2764 rogabit
1516 2701 1645 2765 quod
1677 2700 1878 2765 accipiat
1913 2700 2081 2750 dexte-

302 2798 432 2829 ram:
458 2782 633 2830 deinde
656 2783 704 2829 in
728 2783 872 2830 domo
891 2786 1056 2830 Rmus.
1086 2786 1140 2831 D.
1162 2784 1348 2847 legatus
1371 2785 1664 2847 presentabit
1682 2786 1885 2832 Cesaree
1907 2785 2080 2847 Majes-

305 2865 383 2912 tati
406 2864 547 2912 breve
571 2865 913 2927 apostolicum3
935 2871 980 2913 et
1003 2866 1039 2912 si
1064 2866 1306 2913 audientia
1327 2866 1416 2913 erit
1439 2866 1487 2912 in
1508 2869 1766 2929 conspectu
1788 2865 2066 2923 multorum,

302 2947 557 3010 explicabit
575 2947 749 3009 aliqua,
771 2948 809 2994 si
826 2948 872 2993 in
889 2951 1149 3010 conspectu
1166 2947 1464 3009 pauciorum,
1484 2947 1763 3010 plurajuxta
1780 2946 2075 2995 voluntatem

303 3046 386 3077 sue
408 3030 708 3078 Serenitatis.

367 3116 489 3162 Crux
525 3114 649 3161 Rmi.
677 3116 732 3160 D.
766 3114 930 3177 legati,
963 3113 1073 3176 quia
1104 3112 1323 3165 debetur,
1349 3113 1390 3160 ei
1425 3113 1521 3160 lata
1544 3111 1634 3160 erit
1668 3128 1696 3160 a
1725 3112 1921 3171 dextris,
1946 3112 2078 3160 ensis

302 3199 505 3245 Cesaree
527 3198 790 3261 Majestatis
816 3213 841 3245 a
866 3197 1088 3245 sinistris.

368 3280 720 3328 Illustrissimus
755 3281 848 3327 dux
881 3280 1133 3328 Mediolani
1165 3278 1320 3342 parari
1354 3278 1496 3326 faciet
1533 3283 1578 3326 et
1620 3278 1826 3325 ordinari
1863 3279 1909 3325 in
1945 3278 2076 3325 curia

349 3403 382 3441 1.
412 3403 539 3440 13735.
566 3403 801 3439 paucissimis
830 3403 950 3439 verbis
975 3402 1088 3439 solum
1125 3414 1234 3450 snper
1266 3413 1467 3447 congressu
1499 3402 1619 3441 dictis,
1645 3414 1734 3438 mss.
1761 3401 1892 3446 13735;
1916 3412 2073 3448 manque

303 3463 394 3498 dans
417 3462 447 3497 le
468 3463 576 3499 5160.
