2216 3886
176 302 258 342 [Mai
281 303 375 341 1498]
610 301 778 339 RERUM
810 301 1114 339 URBANARUM
1148 301 1494 339 COMMENTARH.
1890 306 1951 341 471

178 405 307 471 quod
327 405 502 454 falsum
521 410 610 466 est,
629 403 844 470 quamvis
863 405 992 454 enim
1013 405 1131 453 mihi
1152 406 1370 470 precepit
1393 406 1630 455 Sanctitas
1653 411 1811 456 vestra
1828 410 1956 472 quod

177 505 285 538 eam
307 489 516 549 adirem;
538 489 702 538 literas
728 494 917 538 nostras
947 492 1110 538 tamen
1130 489 1191 538 ad
1221 506 1329 538 eam
1358 490 1621 550 transmisi,
1646 491 1956 542 rationabiles

178 589 347 622 causas
367 572 613 623 adducens
630 573 802 638 quibus
823 573 954 622 adire
969 590 1068 621 non
1084 574 1266 638 possim
1278 575 1418 639 juxta
1435 575 1554 624 illud
1571 591 1676 639 cap.
1694 575 1752 624 Si
1766 577 1956 640 quando

176 658 231 705 de
254 658 485 721 rescript..
506 658 666 706 Prima
684 657 772 706 fuit
787 657 899 721 quia
919 657 1138 705 infirmus
1168 662 1214 707 et
1244 658 1620 708 valetudinarius
1641 675 1774 708 eram
1802 665 1848 709 et
1875 676 1957 725 pe-

177 740 329 788 riculo
362 739 531 788 mortis
568 756 646 789 me
677 742 1037 805 exposuissem;
1073 742 1286 792 secunda
1317 743 1428 807 quia
1455 743 1613 792 habeo
1654 743 1954 793 adversarios

177 828 406 892 capitales
430 828 624 878 ettales
648 827 776 890 quod
797 828 982 892 judicio
1003 829 1219 877 omnium
1241 829 1414 878 civium
1437 828 1518 893 qui
1537 828 1831 888 hocsciunt,
1857 831 1955 877 Ro-

174 927 304 959 mam
325 927 424 960 non
444 911 712 976 potuissem
734 912 1004 975 pervenire,
1029 917 1078 960 et
1102 913 1198 961 hoc
1227 915 1364 978 quasi
1391 913 1637 979 publicum
1666 916 1740 960 est
1766 912 1815 960 in
1838 912 1954 961 civi-

177 1001 291 1054 tate,
315 996 442 1044 unde
461 1011 557 1044 non
572 1011 771 1060 possum
794 996 896 1044 sine
917 996 1110 1060 publica
1127 997 1347 1046 custodia
1373 997 1539 1062 egredi
1566 996 1789 1054 domum3
1814 996 1955 1044 tertia

175 1079 263 1127 suit
291 1084 490 1143 propter
519 1079 720 1127 civitatis
748 1079 1015 1143 periculum
1042 1081 1180 1145 cujus
1203 1082 1422 1145 regimen
1452 1081 1611 1129 adhuc
1642 1084 1746 1128 erat
1775 1080 1949 1133 debile,

172 1166 219 1209 et
251 1161 428 1208 nostris
461 1161 657 1210 monitis
692 1161 813 1210 adeo
847 1166 1145 1211 sustentatur
1180 1168 1228 1212 et
1255 1163 1519 1228 perficitur.
1542 1165 1594 1211 ln
1624 1163 1756 1212 calce
1789 1167 1951 1212 autem

170 1243 420 1292 literarum
453 1245 616 1308 rogavi
650 1246 964 1294 Sanctitatem
992 1250 1201 1295 vestram
1230 1251 1284 1296 ut
1313 1248 1406 1296 hac
1434 1247 1538 1296 vice
1569 1247 1689 1295 mihi
1710 1252 1948 1312 parceret,

170 1328 284 1392 quia
313 1328 429 1376 alias
459 1344 568 1377 cum
592 1329 766 1392 majori
797 1329 1124 1378 satisfactione
1152 1331 1317 1379 venire
1346 1334 1585 1395 poteram.
1610 1331 1760 1379 Miror
1787 1336 1950 1380 autem

126 1395 132 1400 ⁸
171 1412 299 1475 quod
328 1400 563 1460 Sanctitas
589 1416 750 1461 vestra
777 1412 943 1462 literas
975 1429 1110 1462 meas
1141 1429 1239 1462 non
1267 1413 1510 1474 habuerit,
1536 1430 1740 1477 quarum
1761 1414 1951 1479 copiam

167 1500 365 1559 propter
382 1495 477 1544 hoc
498 1496 547 1543 in
563 1496 716 1544 literis
738 1501 1004 1546 conventus
1024 1497 1174 1545 nostri
1192 1497 1297 1546 heri
1319 1498 1380 1546 ad
1401 1498 1717 1547 Sanctitatem
1741 1502 1950 1547 vestram

168 1578 328 1626 missis
358 1579 723 1643 assignavimus,
754 1583 807 1628 ut
837 1584 885 1628 et
914 1579 1019 1644 ipsa
1046 1580 1204 1629 videat
1233 1580 1362 1644 quod
1391 1580 1514 1628 falso
1544 1581 1691 1629 locuti
1725 1586 1837 1630 sunt
1870 1581 1949 1646 qui

167 1662 390 1711 dixerunt
409 1679 488 1727 me
515 1663 843 1712 obedientiam
873 1678 1144 1713 recusasse.
1171 1667 1399 1713 Preterea
1422 1680 1532 1714 cum
1560 1665 1814 1713 Beatitudo
1843 1681 1950 1714 ves-

130 1751 132 1753 ’
170 1751 243 1794 tra
263 1746 322 1793 sit
341 1746 562 1795 maximis
584 1748 729 1796 rebus
748 1753 999 1812 occupata,
1023 1763 1121 1797 non
1141 1753 1303 1812 potest
1323 1750 1382 1796 de
1403 1749 1460 1796 iis
1482 1764 1576 1811 que
1597 1749 1951 1813 particulariter

159 1830 307 1890 fiunt,
340 1835 559 1878 exactam
585 1831 767 1880 habere
794 1823 1032 1880 notitiam.
1060 1832 1200 1889 Quod
1227 1832 1573 1896 intelligentes,
1595 1832 1820 1881 homines
1841 1850 1948 1898 per-

167 1914 291 1963 versi
327 1920 675 1979 suggesserunt
707 1920 757 1965 ut
783 1917 909 1964 hanc
940 1932 1137 1964 causam
1167 1931 1330 1965 meam
1360 1916 1798 1977 determinandam,
1819 1917 1949 1981 judi-

168 1998 370 2046 candam
402 2003 450 2047 et
481 2000 774 2063 puniendam
807 2000 1131 2048 committeret
1168 2000 1346 2049 vicario
1377 1999 1590 2063 generali
1623 1999 1947 2049 conventuum

168 2082 542 2131 reformatorum
576 2084 864 2133 Lombardie
900 2083 1081 2136 ordinis
1113 2084 1488 2148 predicatorum,
1514 2083 1595 2147 qui
1625 2083 1775 2148 judex
1807 2084 1947 2132 nobis

166 2170 240 2215 est
257 2182 566 2231 summopere
594 2173 870 2232 suspectus.
892 2169 1145 2218 Notorium
1173 2173 1247 2217 est
1275 2168 1405 2217 enim
1431 2166 1563 2231 quod
1587 2166 1713 2215 inter
1739 2182 1945 2231 congre-

166 2251 409 2313 gationem
427 2251 715 2301 Lombardie
734 2257 782 2301 et
803 2257 1039 2312 nostram,
1057 2257 1256 2318 propter
1277 2252 1632 2316 separationem
1653 2250 1941 2315 predictam,

167 2340 271 2383 orte
307 2340 416 2383 sunt
448 2336 774 2385 controversie
811 2338 1041 2396 maxime,
1077 2341 1124 2386 et
1157 2353 1268 2385 cum
1302 2337 1431 2385 idem
1459 2335 1683 2393 vicariUS,
1714 2351 1810 2382 una
1836 2350 1945 2382 cum

166 2416 411 2476 fratribus,
436 2431 534 2464 non
561 2423 720 2467 cesset
740 2419 953 2483 quotidie
974 2435 1064 2467 nos
1088 2419 1345 2479 infestare3
1370 2418 1667 2466 constituere
1694 2415 1842 2480 igitur
1860 2418 1945 2465 ad-

166 2500 431 2548 versarium
462 2500 667 2565 alicujus
688 2502 902 2565 judicem
932 2504 1169 2568 ejusdem,
1192 2504 1321 2551 novit
1348 2503 1587 2551 Sanctitas
1614 2507 1774 2551 vestra
1801 2516 1944 2564 quam

165 2588 334 2633 contra
356 2585 520 2632 omnia
546 2584 606 2632 sit
623 2585 735 2649 jura
764 2590 812 2633 et
837 2586 995 2635 divina
1023 2591 1070 2634 et
1097 2586 1327 2634 humana.
1361 2589 1589 2634 Preterea
1614 2586 1806 2648 quando
1837 2583 1944 2647 quis

165 2669 312 2717 habet
340 2667 562 2716 inimicos
593 2668 840 2731 capitaleS‚
871 2669 1035 2718 omnia
1062 2671 1174 2734 jura
1202 2669 1269 2717 illi
1300 2669 1574 2717 concedunt
1600 2673 1649 2716 ut
1675 2668 1945 2733 personali—

168 2758 240 2800 ter
258 2750 355 2799 n'on
390 2754 610 2799 teneatur
635 2765 916 2815 comparare
941 2752 1019 2800 uhi
1045 2752 1135 2800 sibi
1162 2752 1255 2800 vite
1282 2751 1503 2801 imminet
1522 2751 1811 2816 periculum,
1831 2750 1945 2815 quia

166 2836 245 2884 hic
265 2836 410 2884 timor
434 2839 506 2885 est
527 2837 706 2885 cadens
727 2837 777 2884 in
797 2841 1102 2886 constantem
1119 2837 1292 2886 virum.
1316 2837 1364 2885 Si
1387 2852 1504 2900 ergo
1527 2835 1766 2884 Sanctitas
1787 2838 1945 2883 vestra

166 2921 310 2969 sciret
339 2920 512 2968 fratres
543 2920 936 2984 congregationis
971 2924 1136 2969 nostre
1170 2920 1381 2970 strictius
1410 2920 1568 2968 vivere
1599 2934 1744 2983 quam
1769 2918 1943 2967 fratres

166 3003 470 3064 Lombardie,
490 3008 620 3052 certe
642 3020 753 3052 cum
769 3004 875 3067 ipsa
891 3004 1053 3068 cupiat
1070 3004 1325 3068 religiosos
1345 3003 1407 3052 ad
1427 3003 1699 3067 perfectum
1720 3002 1938 3063 tendere,

167 3102 264 3133 non
306 3087 606 3150 precepisset
640 3092 694 3136 ut
731 3089 1097 3151 congregationi
1138 3087 1427 3137 Lombardie
1466 3087 1799 3142 reuniremur3
1845 3100 1941 3133 non

167 3171 295 3218 enim
318 3170 501 3218 eisdem
521 3172 702 3220 reuniri
725 3188 984 3236 possumus
1004 3171 1096 3219 nisi
1117 3171 1302 3220 eisdem
1322 3171 1702 3219 conformemur.

235 3253 374 3311 Quod
393 3258 555 3302 autem
581 3255 792 3304 strictius
817 3256 1030 3303 vivamus
1057 3271 1202 3318 quam
1230 3255 1400 3302 fratres
1422 3251 1727 3310 Lombardie,
1750 3267 1838 3299 nos
1860 3253 1939 3315 qui

170 3338 415 3401 utriusque
436 3339 824 3401 congregationis
845 3342 1031 3386 secreta
1050 3339 1288 3397 novimus,
1313 3336 1431 3385 certi
1456 3351 1640 3394 sumus,
1669 3340 1718 3383 et
1742 3334 1837 3383 hoc
1858 3350 1941 3382 ex-

169 3423 405 3470 trinsecus
432 3425 631 3483 apparet
659 3422 904 3476 exmultis
933 3421 1098 3482 signis.
1124 3421 1364 3485 Scriptum
1394 3424 1467 3467 est
1487 3418 1633 3473 enim,
1657 3435 1686 3465 a
1704 3418 1940 3488 smectibm·
