2222 3926
189 346 395 389 [Πὲὓθΰὼΐθ
417 347 510 386 1494]
632 346 802 384 RERUM
838 346 1145 384 URBANARUM
1178 345 1531 384 COMMENTARII.
1907 353 1973 389 199

192 450 471 514 Rodulphus
486 449 710 513 princeps
723 449 923 498 Analdie
939 464 1102 499 comes
1117 450 1322 498 Ascanie
1341 449 1400 514 (1)
1419 455 1465 498 et
1488 453 1542 499 D.
1560 451 1968 516 Imbremburger,

191 533 265 582 cui
288 535 371 581 SS.
401 536 456 581 D.
483 538 648 581 noster
680 533 1073 582 commemoravit
1102 533 1409 582 insolentiam
1440 535 1567 598 regis
1596 537 1796 584 Francie
1826 553 1969 600 quam

192 616 396 665 faciebat
431 632 470 663 s.
499 632 539 663 r.
570 618 622 664 Ε.
655 621 703 664 et
741 616 869 680 quod
902 616 1026 666 forte
1061 633 1158 664 non
1195 618 1349 666 solum
1379 623 1604 683 quereret
1632 635 1683 668 se
1721 620 1969 668 dominum

193 699 350 748 facere
382 699 628 748 civitatum
652 705 699 749 et
721 703 956 749 terrarum
978 700 1110 748 Italie
1132 701 1192 748 ad
1213 717 1402 750 sacrum
1436 703 1695 767 imperium
1717 719 1969 752 romanum

192 783 531 846 spectantium,
568 783 654 832 sed
687 784 832 832 etiam
871 799 1050 833 nomen
1088 789 1136 832 et
1175 785 1364 834 titulum
1401 786 1590 850 imperii
1622 787 1840 851 ejusdem
1880 788 1969 836 sibi

191 882 445 930 usurpare:
468 867 544 916 cui
561 871 723 916 tamen
736 868 973 915 Sanctitas
989 884 1075 916 sua
1089 884 1336 931 nunquam
1349 872 1476 916 esset
1490 883 1804 927 consensura,
1823 869 1969 918 etiam

191 950 228 997 si
248 950 436 1014 gladius
450 950 608 998 nudus
630 950 718 998 sibi
739 950 800 998 ad
815 951 992 999 collum
1014 956 1060 1000 et
1081 955 1244 1015 guttur
1265 967 1406 999 suum
1427 957 1753 1016 apponeretur
1778 970 1787 1001 :
1813 953 1970 1016 requi-

189 1033 324 1082 rebat
339 1038 597 1098 propterea
610 1033 767 1097 ipsum
785 1034 1052 1098 principem
1069 1039 1115 1082 et
1132 1035 1497 1083 serenissimum
1518 1038 1575 1083 D.
1591 1036 1968 1084 Maximilianum

189 1133 499 1166 romanorum
520 1133 703 1181 regem,
722 1121 950 1181 tanquam
972 1122 1137 1166 sancte
1159 1133 1356 1167 romane
1375 1119 1589 1168 Ecclesie
1612 1120 1809 1168 unicum
1832 1119 1970 1168 advo-

190 1204 368 1260 catum,
393 1201 452 1249 de
486 1201 733 1265 premissis
761 1200 1018 1249 certiorem
1052 1201 1274 1250 redderet
1296 1206 1343 1250 et
1363 1203 1667 1266 Majestatem
1697 1220 1834 1252 suam
1855 1205 1970 1253 hor-

190 1288 370 1333 taretur
404 1284 465 1332 ad
503 1284 850 1348 providendum
888 1285 1259 1333 necessitatibus
1300 1289 1347 1334 et
1382 1285 1555 1334 honori
1593 1303 1633 1334 s.
1669 1304 1708 1335 r.
1743 1291 1794 1335 E.
1809 1326 1819 1345 ,
1845 1289 1968 1336 sacri

190 1368 374 1416 romani
394 1368 583 1432 imperii
605 1372 654 1415 et
673 1368 820 1415 totius
842 1368 974 1416 ltalie
998 1385 1008 1416 ε
1034 1368 1164 1432 quod
1184 1383 1306 1416 onus
1326 1369 1541 1432 prefatus
1563 1370 1787 1433 priuceps
1809 1371 1969 1418 humi-

187 1451 297 1499 liter
334 1451 561 1514 suscepit.
607 1451 934 1500 Interfuerunt
959 1451 1210 1516 premissis
1236 1452 1523 1515 magnificus
1552 1455 1608 1500 D.
1634 1453 1870 1500 Antonius
1910 1453 1968 1500 de

187 1535 444 1595 Januariis,
458 1534 582 1599 juris
603 1534 854 1599 utriusque
871 1536 1058 1594 doctor,
1084 1535 1409 1584 Bernardinus
1438 1536 1624 1584 Caraffa
1645 1536 1777 1600 prior
1797 1537 1968 1584 domus

189 1635 227 1665 s.
249 1621 273 1666 J
278 1618 481 1666 ohannis
503 1619 910 1683 Herosolymitani
930 1619 1252 1683 Neapolitani,
1270 1624 1487 1668 oratores
1507 1620 1632 1683 regis
1648 1621 1965 1684 Neapolitani,

186 1701 478 1749 reverendus
493 1704 632 1750 Pater
648 1704 703 1749 D.
721 1703 744 1749 J
749 1702 965 1750 ohannes
984 1705 1156 1765 Lopez,
1172 1702 1426 1766 episcopus
1439 1703 1715 1761 Perusinus,
1735 1702 1967 1751 datariuS.

254 1786 393 1834 Feria
409 1787 592 1849 quinta,
620 1788 678 1833 27
699 1785 918 1850 ejusdem
937 1786 1118 1834 mensis
1146 1786 1436 1846 novembris,
1464 1789 1519 1834 D.
1544 1787 1790 1835 Johannes
1817 1787 1968 1834 Maria

189 1872 248 1919 de
270 1870 437 1929 Podio,
461 1869 665 1918 clericus
689 1868 1093 1926 ceremoniarum,
1117 1869 1304 1932 collega
1324 1885 1478 1929 meuS,
1503 1870 1552 1917 in
1584 1885 1726 1918 mane
1748 1870 1877 1919 circa
1895 1870 1969 1919 vel

191 1958 302 2003 ante
336 1958 496 2002 ortum
534 1953 664 2011 solis,
697 1951 786 2000 fuit
822 1967 910 2015 per
945 1951 1179 1999 Thomam
1207 1952 1641 2013 Pedemontanum,
1678 1954 1965 2002 familiarem

193 2054 348 2097 suum,
373 2038 454 2102 qui
482 2038 525 2085 ei
547 2037 595 2084 in
614 2037 741 2085 lecto
764 2052 850 2084 suo
869 2036 1028 2085 adhuc
1041 2036 1299 2086 dormienti
1314 2043 1519 2101 quatuor
1536 2037 1658 2084 ictus
1679 2051 1789 2083 cum
1809 2035 1964 2096 securi

189 2121 239 2168 in
260 2125 403 2184 caput
423 2120 554 2168 dedit
571 2135 680 2168 cum
701 2125 838 2184 parte
860 2120 1129 2179 scindente,
1148 2119 1805 2177 miserabiliterinterfectus3
1828 2119 1965 2182 cujus

189 2205 350 2252 anime
377 2204 682 2267 omnipotens
702 2205 829 2252 Deus
849 2203 1069 2252 misereri
1091 2204 1332 2267 dignetur.

239 2288 491 2337 Dominica
503 2288 657 2352 prima
665 2287 915 2346 adventus,
930 2291 990 2336 30
1003 2288 1184 2336 mensis
1197 2287 1490 2347 novembris,
1510 2290 1564 2334 R.
1579 2286 1626 2334 in
1637 2286 1827 2334 Christo
1840 2288 1890 2333 P.
1905 2288 1961 2333 D.

186 2373 449 2431 Johannes,
473 2371 866 2435 archiepiscopus
885 2372 1174 2435 Ragusinus,
1196 2371 1322 2420 alme
1344 2371 1481 2420 Urbis
1509 2371 1820 2435 gubernator,
1843 2370 1967 2419 cele-

185 2455 333 2505 bravit
351 2439 549 2504 missam
570 2455 839 2503 solemnem
861 2455 909 2502 in
925 2455 1109 2519 capella
1127 2455 1328 2519 majore,
1351 2457 1479 2518 Papa
1499 2459 1724 2518 presente
1751 2471 1761 2502 ε
1784 2468 1966 2502 sermo-

185 2555 297 2589 nem
320 2540 432 2589 fecit
451 2543 733 2603 procurator
749 2539 930 2587 ordinis
951 2539 1327 2603 predicatorum.
1348 2539 1473 2586 Ante
1494 2538 1643 2587 finem
1665 2539 1886 2602 epistole,
1905 2538 1964 2586 de

185 2622 410 2671 mandato
433 2624 516 2672 SS.
546 2625 603 2670 D.
622 2624 678 2670 N.
700 2637 840 2686 pape,
856 2621 966 2671 dedi
983 2622 1142 2671 locum
1162 2622 1510 2685 interprelatos
1532 2622 1812 2669 assistentes
1834 2623 1890 2668 R.
1916 2621 1962 2668 in

186 2707 373 2756 Christo
396 2709 452 2754 D.
467 2706 713 2763 Leonello,
738 2705 965 2770 episcopo
979 2705 1340 2764 Concordiensi,
1360 2705 1441 2768 qui
1460 2705 1519 2752 ab
1538 2705 1721 2753 eisdem
1741 2708 1964 2768 receptus

186 2794 259 2839 est
280 2794 327 2838 et
348 2805 435 2838 suo
454 2790 620 2838 ordine
639 2790 877 2838 admissus
902 2807 912 2838 :
937 2790 1030 2838 alia
1052 2790 1215 2838 omnia
1235 2789 1488 2838 observata
1509 2791 1618 2835 sunt
1636 2802 1771 2835 more
1801 2786 1960 2834 solito.

252 2875 392 2923 Feria
411 2874 567 2934 tertia,
593 2878 620 2922 2
640 2874 820 2922 mensis
843 2874 1133 2934 decembris,
1159 2876 1326 2921 Rmus.
1353 2875 1410 2921 D.
1433 2860 1687 2920 cardinalis
1709 2869 1960 2928 Ascanius,

188 2974 225 3006 s.
253 2974 290 3006 r.
310 2961 364 3006 E.
387 2957 827 3016 vicecancellarius,
846 2957 985 3006 rediit
1008 2957 1198 3022 publice
1220 2956 1281 3003 ad
1311 2957 1492 3004 Urbem
1514 2960 1561 3004 et
1584 2955 1813 3019 palatium
1844 2970 1963 3018 apo-

188 3042 410 3090 stolicum
432 3058 460 3090 a
480 3041 672 3091 circiter
689 3041 852 3105 viginti
870 3041 1065 3104 prelatis
1087 3045 1134 3090 et
1158 3057 1336 3105 magna
1356 3039 1578 3088 comitiva
1607 3039 1890 3087 associatus.

255 3124 506 3172 Dominica
525 3125 735 3173 secunda
757 3123 1019 3183 Adventus,
1046 3129 1071 3172 7
1095 3125 1277 3173 mensis
1309 3122 1597 3180 decembris,
1623 3125 1677 3169 R.
1704 3122 1752 3169 in
1775 3121 1962 3170 Christo

190 3209 242 3254 P.
268 3208 324 3253 D.
343 3206 607 3266 Johannes,
631 3207 885 3272 episcopus
902 3207 1276 3271 Portogallensis
1294 3207 1544 3264 assistens,
1571 3205 1827 3253 celebravit
1854 3205 1963 3251 mis-

191 3304 293 3337 sam
325 3288 565 3352 publicam
594 3289 643 3336 in
673 3290 856 3353 capella
872 3291 1077 3354 majore,
1103 3293 1231 3354 Papa
1262 3293 1486 3353 presente
1513 3304 1523 3335 :
1550 3303 1826 3335 sermonem
1851 3286 1961 3334 fecit

239 3415 271 3450 1.
301 3411 511 3457 L’Ascanie,
533 3411 660 3448 ancien
680 3416 796 3452 comte
815 3415 860 3451 dc
884 3414 1133 3461 l’AHemagne,
1154 3414 1308 3450 berceau
1328 3413 1393 3448 des
1418 3411 1563 3458 princes
1585 3410 1768 3453 d'Anhalt‚
1790 3408 1962 3446 autrefois

192 3477 329 3510 comtes
346 3471 552 3508 d'Ascanie.
