<?xml version="1.0" encoding="UTF-8"?>
<!DOCTYPE html PUBLIC "-//W3C//DTD XHTML 1.0 Transitional//EN"
    "http://www.w3.org/TR/xhtml1/DTD/xhtml1-transitional.dtd">
<html xmlns="http://www.w3.org/1999/xhtml" xml:lang="en" lang="en">
 <head>
  <title>
</title>
<meta http-equiv="Content-Type" content="text/html;charset=utf-8" />
  <meta name='ocr-system' content='tesseract 3.04.00' />
  <meta name='ocr-capabilities' content='ocr_page ocr_carea ocr_par ocr_line ocrx_word'/>
</head>
<body>
  <div class='ocr_page' id='page_1' title='image "./diariumsivererum02burcuoft_0022.png"; bbox 0 0 2228 3938; ppageno 0'>
   <div class='ocr_carea' id='block_1_1' title="bbox 310 364 2089 416">
    <p class='ocr_par' dir='ltr' id='par_1_1' title="bbox 310 364 2089 416">
     <span class='ocr_line' id='line_1_1' title="bbox 310 364 2089 416; baseline 0 -9"><span class='ocrx_word' id='word_1_1' title='bbox 310 372 354 407; x_wconf 84' lang='lat'>10</span> <span class='ocrx_word' id='word_1_2' title='bbox 920 369 938 405; x_wconf 82' lang='lat' dir='ltr'><strong>J</strong></span> <span class='ocrx_word' id='word_1_3' title='bbox 944 367 1152 413; x_wconf 84' lang='lat' dir='ltr'>OHANNIS</span> <span class='ocrx_word' id='word_1_4' title='bbox 1188 367 1484 415; x_wconf 79' lang='lat' dir='ltr'>BURCHARDI,</span> <span class='ocrx_word' id='word_1_5' title='bbox 1765 373 1970 414; x_wconf 61' lang='lat' dir='ltr'>[Decembre</span> <span class='ocrx_word' id='word_1_6' title='bbox 1993 364 2089 416; x_wconf 81' lang='lat'><strong>1492&#39;]</strong></span> 
     </span>
    </p>
   </div>
   <div class='ocr_carea' id='block_1_2' title="bbox 307 470 2139 1872">
    <p class='ocr_par' dir='ltr' id='par_1_2' title="bbox 307 470 2139 1872">
     <span class='ocr_line' id='line_1_2' title="bbox 307 470 2089 541; baseline 0.003 -20"><span class='ocrx_word' id='word_1_7' title='bbox 307 477 435 521; x_wconf 89' lang='lat' dir='ltr'>retro</span> <span class='ocrx_word' id='word_1_8' title='bbox 472 472 716 520; x_wconf 89' lang='lat' dir='ltr'>banchum</span> <span class='ocrx_word' id='word_1_9' title='bbox 755 471 1150 536; x_wconf 82' lang='lat' dir='ltr'>presbyterorum</span> <span class='ocrx_word' id='word_1_10' title='bbox 1184 470 1499 520; x_wconf 76' lang='lat' dir='ltr'>cardinalium</span> <span class='ocrx_word' id='word_1_11' title='bbox 1552 476 1787 522; x_wconf 90' lang='lat' dir='ltr'>steterunt</span> <span class='ocrx_word' id='word_1_12' title='bbox 1834 476 2089 541; x_wconf 89' lang='lat' dir='ltr'>episcopus</span> 
     </span>
     <span class='ocr_line' id='line_1_3' title="bbox 309 553 2092 618; baseline 0.003 -15"><span class='ocrx_word' id='word_1_13' title='bbox 309 555 622 604; x_wconf 88' lang='lat' dir='ltr'>Dertonensis</span> <span class='ocrx_word' id='word_1_14' title='bbox 638 559 686 602; x_wconf 92' lang='lat' dir='ltr'>et</span> <span class='ocrx_word' id='word_1_15' title='bbox 701 557 758 602; x_wconf 89' lang='lat' dir='ltr'>D.</span> <span class='ocrx_word' id='word_1_16' title='bbox 784 554 1057 617; x_wconf 80' lang='lat' dir='ltr'>Stephanus</span> <span class='ocrx_word' id='word_1_17' title='bbox 1076 553 1294 602; x_wconf 80' lang='lat' dir='ltr'>Taberna</span> <span class='ocrx_word' id='word_1_18' title='bbox 1315 554 1497 618; x_wconf 82' lang='lat' dir='ltr'>antiqui</span> <span class='ocrx_word' id='word_1_19' title='bbox 1523 562 1740 605; x_wconf 89' lang='lat' dir='ltr'>oratores</span> <span class='ocrx_word' id='word_1_20' title='bbox 1756 558 1890 607; x_wconf 91' lang='lat' dir='ltr'>ducis</span> <span class='ocrx_word' id='word_1_21' title='bbox 1911 561 2092 610; x_wconf 89' lang='lat' dir='ltr'>Medio-</span> 
     </span>
     <span class='ocr_line' id='line_1_4' title="bbox 309 637 2087 702; baseline 0.002 -16"><span class='ocrx_word' id='word_1_22' title='bbox 309 639 425 698; x_wconf 84' lang='lat' dir='ltr'>lani,</span> <span class='ocrx_word' id='word_1_23' title='bbox 465 638 544 702; x_wconf 88' lang='lat' dir='ltr'>qui</span> <span class='ocrx_word' id='word_1_24' title='bbox 589 643 751 686; x_wconf 88' lang='lat' dir='ltr'>tamen</span> <span class='ocrx_word' id='word_1_25' title='bbox 782 653 879 684; x_wconf 91' lang='lat' dir='ltr'>non</span> <span class='ocrx_word' id='word_1_26' title='bbox 909 637 1103 685; x_wconf 84' lang='lat' dir='ltr'>fuerunt</span> <span class='ocrx_word' id='word_1_27' title='bbox 1130 652 1217 699; x_wconf 89' lang='lat' dir='ltr'>per</span> <span class='ocrx_word' id='word_1_28' title='bbox 1254 637 1467 700; x_wconf 89' lang='lat' dir='ltr'>prelatos</span> <span class='ocrx_word' id='word_1_29' title='bbox 1496 637 1556 685; x_wconf 89' lang='lat' dir='ltr'>ad</span> <span class='ocrx_word' id='word_1_30' title='bbox 1585 641 1878 702; x_wconf 76' lang='lat' dir='ltr'>presentiam</span> <span class='ocrx_word' id='word_1_31' title='bbox 1911 644 1995 692; x_wconf 90' lang='lat' dir='ltr'>SS.</span> <span class='ocrx_word' id='word_1_32' title='bbox 2029 646 2087 692; x_wconf 93' lang='lat' dir='ltr'>D.</span> 
     </span>
     <span class='ocr_line' id='line_1_5' title="bbox 309 719 2094 786; baseline 0.001 -13"><span class='ocrx_word' id='word_1_33' title='bbox 309 728 366 773; x_wconf 92' lang='lat' dir='ltr'><strong>N.</strong></span> <span class='ocrx_word' id='word_1_34' title='bbox 404 722 647 781; x_wconf 89' lang='lat' dir='ltr'>associati,</span> <span class='ocrx_word' id='word_1_35' title='bbox 679 725 761 769; x_wconf 91' lang='lat' dir='ltr'>aut</span> <span class='ocrx_word' id='word_1_36' title='bbox 790 721 850 767; x_wconf 88' lang='lat' dir='ltr'>ad</span> <span class='ocrx_word' id='word_1_37' title='bbox 884 719 1102 767; x_wconf 89' lang='lat' dir='ltr'>osculum</span> <span class='ocrx_word' id='word_1_38' title='bbox 1138 720 1338 783; x_wconf 86' lang='lat' dir='ltr'>recepti,</span> <span class='ocrx_word' id='word_1_39' title='bbox 1382 735 1541 784; x_wconf 90' lang='lat' dir='ltr'>neque</span> <span class='ocrx_word' id='word_1_40' title='bbox 1572 721 1686 771; x_wconf 90' lang='lat' dir='ltr'>illuc</span> <span class='ocrx_word' id='word_1_41' title='bbox 1710 731 1964 786; x_wconf 88' lang='lat' dir='ltr'>venerunt,</span> <span class='ocrx_word' id='word_1_42' title='bbox 2008 727 2094 775; x_wconf 89' lang='lat' dir='ltr'>sed</span> 
     </span>
     <span class='ocr_line' id='line_1_6' title="bbox 309 802 2090 868; baseline 0.003 -13"><span class='ocrx_word' id='word_1_43' title='bbox 309 809 588 855; x_wconf 89' lang='lat' dir='ltr'>manserunt</span> <span class='ocrx_word' id='word_1_44' title='bbox 620 804 746 867; x_wconf 87' lang='lat' dir='ltr'>apud</span> <span class='ocrx_word' id='word_1_45' title='bbox 781 802 1025 863; x_wconf 88' lang='lat' dir='ltr'>banchum</span> <span class='ocrx_word' id='word_1_46' title='bbox 1059 803 1242 851; x_wconf 89' lang='lat' dir='ltr'>dictum</span> <span class='ocrx_word' id='word_1_47' title='bbox 1275 803 1429 851; x_wconf 90' lang='lat' dir='ltr'>dictos</span> <span class='ocrx_word' id='word_1_48' title='bbox 1460 804 1669 868; x_wconf 88' lang='lat' dir='ltr'>quinque</span> <span class='ocrx_word' id='word_1_49' title='bbox 1699 812 1915 858; x_wconf 88' lang='lat' dir='ltr'>oratores</span> <span class='ocrx_word' id='word_1_50' title='bbox 1941 827 2090 860; x_wconf 88' lang='lat' dir='ltr'>novos</span> 
     </span>
     <span class='ocr_line' id='line_1_7' title="bbox 311 885 2093 957; baseline 0.003 -20"><span class='ocrx_word' id='word_1_51' title='bbox 311 888 491 937; x_wconf 86' lang='lat' dir='ltr'>ibidem</span> <span class='ocrx_word' id='word_1_52' title='bbox 529 890 841 950; x_wconf 86' lang='lat' dir='ltr'>expectantes</span> <span class='ocrx_word' id='word_1_53' title='bbox 880 902 889 933; x_wconf 89' lang='lat'>:</span> <span class='ocrx_word' id='word_1_54' title='bbox 924 885 1122 933; x_wconf 90' lang='lat' dir='ltr'>fuerunt</span> <span class='ocrx_word' id='word_1_55' title='bbox 1149 887 1395 950; x_wconf 86' lang='lat' dir='ltr'>proposite</span> <span class='ocrx_word' id='word_1_56' title='bbox 1426 888 1519 937; x_wconf 89' lang='lat' dir='ltr'>due</span> <span class='ocrx_word' id='word_1_57' title='bbox 1548 890 1936 953; x_wconf 82' lang='lat' dir='ltr'>commissioneS,</span> <span class='ocrx_word' id='word_1_58' title='bbox 1974 910 2093 957; x_wconf 85' lang='lat' dir='ltr'>qua-</span> 
     </span>
     <span class='ocr_line' id='line_1_8' title="bbox 309 968 2095 1035; baseline 0.004 -16"><span class='ocrx_word' id='word_1_59' title='bbox 309 988 418 1019; x_wconf 87' lang='lat' dir='ltr'>rum</span> <span class='ocrx_word' id='word_1_60' title='bbox 442 971 649 1035; x_wconf 82' lang='lat' dir='ltr'>primam</span> <span class='ocrx_word' id='word_1_61' title='bbox 679 971 735 1016; x_wconf 91' lang='lat' dir='ltr'>D.</span> <span class='ocrx_word' id='word_1_62' title='bbox 773 968 1012 1016; x_wconf 89' lang='lat' dir='ltr'>Fabianus</span> <span class='ocrx_word' id='word_1_63' title='bbox 1047 969 1105 1017; x_wconf 88' lang='lat' dir='ltr'>de</span> <span class='ocrx_word' id='word_1_64' title='bbox 1128 971 1310 1030; x_wconf 88' lang='lat' dir='ltr'>Monte,</span> <span class='ocrx_word' id='word_1_65' title='bbox 1344 972 1606 1020; x_wconf 88' lang='lat' dir='ltr'>secundam</span> <span class='ocrx_word' id='word_1_66' title='bbox 1626 975 1684 1021; x_wconf 92' lang='lat' dir='ltr'>D.</span> <span class='ocrx_word' id='word_1_67' title='bbox 1711 975 1887 1023; x_wconf 88' lang='lat' dir='ltr'>Paulus</span> <span class='ocrx_word' id='word_1_68' title='bbox 1917 977 2095 1026; x_wconf 86' lang='lat' dir='ltr'>Planca</span> 
     </span>
     <span class='ocr_line' id='line_1_9' title="bbox 311 1052 2094 1117; baseline 0.002 -13"><span class='ocrx_word' id='word_1_69' title='bbox 311 1054 530 1104; x_wconf 88' lang='lat' dir='ltr'>advocati</span> <span class='ocrx_word' id='word_1_70' title='bbox 560 1052 919 1101; x_wconf 88' lang='lat' dir='ltr'>consistoriales</span> <span class='ocrx_word' id='word_1_71' title='bbox 949 1057 1321 1116; x_wconf 87' lang='lat' dir='ltr'>proposuerunt.</span> <span class='ocrx_word' id='word_1_72' title='bbox 1359 1054 1515 1102; x_wconf 92' lang='lat' dir='ltr'>Finito</span> <span class='ocrx_word' id='word_1_73' title='bbox 1543 1056 1852 1117; x_wconf 87' lang='lat' dir='ltr'>consistorio,</span> <span class='ocrx_word' id='word_1_74' title='bbox 1883 1064 1930 1107; x_wconf 90' lang='lat' dir='ltr'>et</span> <span class='ocrx_word' id='word_1_75' title='bbox 1952 1059 2094 1107; x_wconf 86' lang='lat' dir='ltr'>fami-</span> 
     </span>
     <span class='ocr_line' id='line_1_10' title="bbox 308 1137 2092 1200; baseline 0.003 -14"><span class='ocrx_word' id='word_1_76' title='bbox 308 1138 506 1186; x_wconf 88' lang='lat' dir='ltr'>liaribus</span> <span class='ocrx_word' id='word_1_77' title='bbox 553 1137 792 1184; x_wconf 88' lang='lat' dir='ltr'>dictorum</span> <span class='ocrx_word' id='word_1_78' title='bbox 839 1140 1108 1197; x_wconf 88' lang='lat' dir='ltr'>oratorum,</span> <span class='ocrx_word' id='word_1_79' title='bbox 1151 1153 1352 1186; x_wconf 88' lang='lat' dir='ltr'>numero</span> <span class='ocrx_word' id='word_1_80' title='bbox 1390 1138 1583 1188; x_wconf 84' lang='lat' dir='ltr'>circiter</span> <span class='ocrx_word' id='word_1_81' title='bbox 1623 1156 1729 1200; x_wconf 85' lang='lat' dir='ltr'>ccc,</span> <span class='ocrx_word' id='word_1_82' title='bbox 1773 1142 1835 1189; x_wconf 91' lang='lat' dir='ltr'>ad</span> <span class='ocrx_word' id='word_1_83' title='bbox 1873 1144 2092 1191; x_wconf 90' lang='lat' dir='ltr'>osculum</span> 
     </span>
     <span class='ocr_line' id='line_1_11' title="bbox 309 1222 2091 1287; baseline 0.004 -18"><span class='ocrx_word' id='word_1_84' title='bbox 309 1223 445 1285; x_wconf 92' lang='lat' dir='ltr'>pedis</span> <span class='ocrx_word' id='word_1_85' title='bbox 475 1225 601 1285; x_wconf 91' lang='lat' dir='ltr'>Pape</span> <span class='ocrx_word' id='word_1_86' title='bbox 627 1224 852 1287; x_wconf 87' lang='lat' dir='ltr'>receptis,</span> <span class='ocrx_word' id='word_1_87' title='bbox 882 1226 1011 1287; x_wconf 90' lang='lat' dir='ltr'>Papa</span> <span class='ocrx_word' id='word_1_88' title='bbox 1038 1237 1257 1271; x_wconf 91' lang='lat' dir='ltr'>reversus</span> <span class='ocrx_word' id='word_1_89' title='bbox 1282 1226 1356 1271; x_wconf 91' lang='lat' dir='ltr'>est</span> <span class='ocrx_word' id='word_1_90' title='bbox 1384 1222 1445 1269; x_wconf 90' lang='lat' dir='ltr'>ad</span> <span class='ocrx_word' id='word_1_91' title='bbox 1471 1238 1733 1283; x_wconf 87' lang='lat' dir='ltr'>cameram,</span> <span class='ocrx_word' id='word_1_92' title='bbox 1771 1228 1829 1273; x_wconf 89' lang='lat' dir='ltr'>D.</span> <span class='ocrx_word' id='word_1_93' title='bbox 1864 1228 2091 1276; x_wconf 89' lang='lat' dir='ltr'>Hermete</span> 
     </span>
     <span class='ocr_line' id='line_1_12' title="bbox 309 1305 1958 1371; baseline 0.003 -18"><span class='ocrx_word' id='word_1_94' title='bbox 309 1306 465 1370; x_wconf 89' lang='lat' dir='ltr'>primo</span> <span class='ocrx_word' id='word_1_95' title='bbox 498 1310 688 1355; x_wconf 85' lang='lat' dir='ltr'>oratore</span> <span class='ocrx_word' id='word_1_96' title='bbox 722 1306 936 1354; x_wconf 89' lang='lat' dir='ltr'>fimbrias</span> <span class='ocrx_word' id='word_1_97' title='bbox 963 1306 1259 1370; x_wconf 85' lang='lat' dir='ltr'>posteriores</span> <span class='ocrx_word' id='word_1_98' title='bbox 1294 1305 1511 1369; x_wconf 91' lang='lat' dir='ltr'>pluvialis</span> <span class='ocrx_word' id='word_1_99' title='bbox 1542 1309 1669 1371; x_wconf 91' lang='lat' dir='ltr'>Pape</span> <span class='ocrx_word' id='word_1_100' title='bbox 1694 1308 1958 1358; x_wconf 73' lang='lat' dir='ltr'>deferente.</span> 
     </span>
     <span class='ocr_line' id='line_1_13' title="bbox 377 1389 2091 1455; baseline 0.002 -17"><span class='ocrx_word' id='word_1_101' title='bbox 377 1391 517 1439; x_wconf 90' lang='lat' dir='ltr'>Feria</span> <span class='ocrx_word' id='word_1_102' title='bbox 543 1391 725 1454; x_wconf 90' lang='lat' dir='ltr'>quinta,</span> <span class='ocrx_word' id='word_1_103' title='bbox 747 1394 774 1438; x_wconf 89' lang='grc'><strong>6</strong></span> <span class='ocrx_word' id='word_1_104' title='bbox 804 1390 1093 1448; x_wconf 87' lang='lat' dir='ltr'>decembris,</span> <span class='ocrx_word' id='word_1_105' title='bbox 1117 1389 1239 1438; x_wconf 89' lang='lat' dir='ltr'>hora</span> <span class='ocrx_word' id='word_1_106' title='bbox 1264 1405 1361 1437; x_wconf 85' lang='lat' dir='ltr'>xxu</span> <span class='ocrx_word' id='word_1_107' title='bbox 1380 1390 1455 1438; x_wconf 90' lang='lat' dir='ltr'>vel</span> <span class='ocrx_word' id='word_1_108' title='bbox 1480 1390 1623 1451; x_wconf 88' lang='lat' dir='ltr'>circa,</span> <span class='ocrx_word' id='word_1_109' title='bbox 1645 1406 1733 1454; x_wconf 89' lang='lat' dir='ltr'>per</span> <span class='ocrx_word' id='word_1_110' title='bbox 1752 1396 1942 1455; x_wconf 86' lang='lat' dir='ltr'>portam</span> <span class='ocrx_word' id='word_1_111' title='bbox 1962 1394 2091 1443; x_wconf 88' lang='lat' dir='ltr'>Viri-</span> 
     </span>
     <span class='ocr_line' id='line_1_14' title="bbox 310 1473 2091 1539; baseline 0.001 -17"><span class='ocrx_word' id='word_1_112' title='bbox 310 1474 427 1522; x_wconf 91' lang='lat' dir='ltr'>darii</span> <span class='ocrx_word' id='word_1_113' title='bbox 454 1475 749 1524; x_wconf 89' lang='lat' dir='ltr'>intraverunt</span> <span class='ocrx_word' id='word_1_114' title='bbox 771 1475 949 1523; x_wconf 87' lang='lat' dir='ltr'>Urbem</span> <span class='ocrx_word' id='word_1_115' title='bbox 975 1478 1180 1537; x_wconf 86' lang='lat' dir='ltr'>quatuor</span> <span class='ocrx_word' id='word_1_116' title='bbox 1199 1473 1309 1521; x_wconf 92' lang='lat' dir='ltr'>novi</span> <span class='ocrx_word' id='word_1_117' title='bbox 1331 1478 1567 1534; x_wconf 88' lang='lat' dir='ltr'>oratores,</span> <span class='ocrx_word' id='word_1_118' title='bbox 1593 1477 1640 1523; x_wconf 90' lang='lat' dir='ltr'>et</span> <span class='ocrx_word' id='word_1_119' title='bbox 1660 1490 1770 1522; x_wconf 92' lang='lat' dir='ltr'>cum</span> <span class='ocrx_word' id='word_1_120' title='bbox 1799 1475 1869 1523; x_wconf 93' lang='lat' dir='ltr'>eis</span> <span class='ocrx_word' id='word_1_121' title='bbox 1897 1476 2091 1539; x_wconf 89' lang='lat' dir='ltr'>quintus</span> 
     </span>
     <span class='ocr_line' id='line_1_15' title="bbox 309 1556 2139 1622; baseline -0.002 -16"><span class='ocrx_word' id='word_1_122' title='bbox 309 1559 391 1622; x_wconf 93' lang='lat' dir='ltr'>qui</span> <span class='ocrx_word' id='word_1_123' title='bbox 412 1558 642 1607; x_wconf 89' lang='lat' dir='ltr'>continuo</span> <span class='ocrx_word' id='word_1_124' title='bbox 662 1558 794 1622; x_wconf 89' lang='lat' dir='ltr'>prius</span> <span class='ocrx_word' id='word_1_125' title='bbox 816 1558 864 1606; x_wconf 91' lang='lat' dir='ltr'>in</span> <span class='ocrx_word' id='word_1_126' title='bbox 885 1573 1085 1605; x_wconf 90' lang='lat' dir='ltr'>romana</span> <span class='ocrx_word' id='word_1_127' title='bbox 1105 1557 1239 1605; x_wconf 88' lang='lat' dir='ltr'>curia</span> <span class='ocrx_word' id='word_1_128' title='bbox 1266 1557 1422 1605; x_wconf 87' lang='lat' dir='ltr'>fuerat</span> <span class='ocrx_word' id='word_1_129' title='bbox 1445 1556 1647 1605; x_wconf 90' lang='lat' dir='ltr'>dominii</span> <span class='ocrx_word' id='word_1_130' title='bbox 1674 1561 1992 1618; x_wconf 87' lang='lat' dir='ltr'>Venetorum,</span> <span class='ocrx_word' id='word_1_131' title='bbox 2019 1560 2094 1607; x_wconf 88' lang='lat' dir='ltr'>vi-</span> <span class='ocrx_word' id='word_1_132' title='bbox 2134 1600 2139 1602; x_wconf 84' lang='lat'>.</span> 
     </span>
     <span class='ocr_line' id='line_1_16' title="bbox 310 1640 2092 1704; baseline 0.002 -15"><span class='ocrx_word' id='word_1_133' title='bbox 310 1641 486 1690; x_wconf 89' lang='lat' dir='ltr'>delicet</span> <span class='ocrx_word' id='word_1_134' title='bbox 507 1644 609 1690; x_wconf 94' lang='lat' dir='ltr'><strong>DD.</strong></span> <span class='ocrx_word' id='word_1_135' title='bbox 633 1641 844 1689; x_wconf 89' lang='lat' dir='ltr'>Marinus</span> <span class='ocrx_word' id='word_1_136' title='bbox 876 1644 1083 1700; x_wconf 89' lang='lat' dir='ltr'>Leonus,</span> <span class='ocrx_word' id='word_1_137' title='bbox 1109 1640 1484 1704; x_wconf 89' lang='lat' dir='ltr'>Christophorus</span> <span class='ocrx_word' id='word_1_138' title='bbox 1517 1641 1741 1700; x_wconf 81' lang='lat' dir='ltr'>DriodUS,</span> <span class='ocrx_word' id='word_1_139' title='bbox 1773 1643 1946 1690; x_wconf 90' lang='lat' dir='ltr'>Paulus</span> <span class='ocrx_word' id='word_1_140' title='bbox 1976 1645 2092 1692; x_wconf 71' lang='lat' dir='ltr'>Bar-</span> 
     </span>
     <span class='ocr_line' id='line_1_17' title="bbox 310 1723 2092 1790; baseline 0.002 -19"><span class='ocrx_word' id='word_1_141' title='bbox 310 1725 417 1784; x_wconf 88' lang='lat' dir='ltr'>bus,</span> <span class='ocrx_word' id='word_1_142' title='bbox 441 1729 487 1773; x_wconf 89' lang='lat' dir='ltr'>et</span> <span class='ocrx_word' id='word_1_143' title='bbox 507 1725 819 1773; x_wconf 84' lang='lat' dir='ltr'>Sebastianus</span> <span class='ocrx_word' id='word_1_144' title='bbox 843 1724 1105 1772; x_wconf 86' lang='lat' dir='ltr'>Baduarius</span> <span class='ocrx_word' id='word_1_145' title='bbox 1122 1724 1230 1772; x_wconf 90' lang='lat' dir='ltr'>novi</span> <span class='ocrx_word' id='word_1_146' title='bbox 1253 1728 1300 1773; x_wconf 92' lang='lat' dir='ltr'>et</span> <span class='ocrx_word' id='word_1_147' title='bbox 1321 1739 1433 1772; x_wconf 94' lang='lat' dir='ltr'>cum</span> <span class='ocrx_word' id='word_1_148' title='bbox 1455 1723 1525 1772; x_wconf 91' lang='lat' dir='ltr'>eis</span> <span class='ocrx_word' id='word_1_149' title='bbox 1547 1726 1604 1771; x_wconf 91' lang='lat' dir='ltr'>D.</span> <span class='ocrx_word' id='word_1_150' title='bbox 1625 1725 1843 1774; x_wconf 89' lang='lat' dir='ltr'>Andreas</span> <span class='ocrx_word' id='word_1_151' title='bbox 1863 1727 2092 1790; x_wconf 88' lang='lat' dir='ltr'>Cappello</span> 
     </span>
     <span class='ocr_line' id='line_1_18' title="bbox 310 1807 2089 1872; baseline 0 -15"><span class='ocrx_word' id='word_1_152' title='bbox 310 1808 535 1872; x_wconf 89' lang='lat' dir='ltr'>antiquus</span> <span class='ocrx_word' id='word_1_153' title='bbox 563 1813 743 1868; x_wconf 87' lang='lat' dir='ltr'>orator,</span> <span class='ocrx_word' id='word_1_154' title='bbox 768 1809 849 1871; x_wconf 91' lang='lat' dir='ltr'>qui</span> <span class='ocrx_word' id='word_1_155' title='bbox 881 1824 910 1856; x_wconf 90' lang='lat' dir='ltr'>a</span> <span class='ocrx_word' id='word_1_156' title='bbox 938 1807 1132 1855; x_wconf 88' lang='lat' dir='ltr'>familiis</span> <span class='ocrx_word' id='word_1_157' title='bbox 1167 1809 1251 1856; x_wconf 89' lang='lat' dir='ltr'><strong>SS.</strong></span> <span class='ocrx_word' id='word_1_158' title='bbox 1277 1809 1335 1854; x_wconf 95' lang='lat' dir='ltr'>D.</span> <span class='ocrx_word' id='word_1_159' title='bbox 1367 1809 1423 1855; x_wconf 90' lang='lat' dir='ltr'>N.</span> <span class='ocrx_word' id='word_1_160' title='bbox 1454 1822 1576 1870; x_wconf 88' lang='lat' dir='ltr'>pape</span> <span class='ocrx_word' id='word_1_161' title='bbox 1609 1811 1656 1855; x_wconf 93' lang='lat' dir='ltr'>et</span> <span class='ocrx_word' id='word_1_162' title='bbox 1688 1808 2005 1857; x_wconf 88' lang='lat' dir='ltr'>cardinalium</span> <span class='ocrx_word' id='word_1_163' title='bbox 2033 1825 2089 1857; x_wconf 87' lang='lat' dir='ltr'>ac</span> 
     </span>
    </p>
   </div>
   <div class='ocr_carea' id='block_1_3' title="bbox 311 1968 2089 2136">
    <p class='ocr_par' dir='ltr' id='par_1_3' title="bbox 311 1968 2089 2136">
     <span class='ocr_line' id='line_1_19' title="bbox 311 1968 2088 2018; baseline 0.001 -13"><span class='ocrx_word' id='word_1_164' title='bbox 311 1981 400 2006; x_wconf 83' lang='lat' dir='ltr'>sane</span> <span class='ocrx_word' id='word_1_165' title='bbox 421 1973 584 2018; x_wconf 86' lang='lat' dir='ltr'>putatur.</span> <span class='ocrx_word' id='word_1_166' title='bbox 602 1983 621 2003; x_wconf 82' lang='lat'>»</span> <span class='ocrx_word' id='word_1_167' title='bbox 643 1970 819 2015; x_wconf 76' lang='lat' dir='ltr'>Gasparis</span> <span class='ocrx_word' id='word_1_168' title='bbox 844 1969 1058 2005; x_wconf 76' lang='lat' dir='ltr'>Veronensis</span> <span class='ocrx_word' id='word_1_169' title='bbox 1079 1968 1121 2003; x_wconf 83' lang='lat' dir='ltr'>de</span> <span class='ocrx_word' id='word_1_170' title='bbox 1140 1969 1251 2013; x_wconf 70' lang='lat' dir='ltr'>qestis</span> <span class='ocrx_word' id='word_1_171' title='bbox 1273 1971 1472 2013; x_wconf 79' lang='lat' dir='ltr'>tempore...</span> <span class='ocrx_word' id='word_1_172' title='bbox 1494 1968 1603 2003; x_wconf 84' lang='lat' dir='ltr'>Pauli</span> <span class='ocrx_word' id='word_1_173' title='bbox 1621 1969 1667 2009; x_wconf 86' lang='lat' dir='ltr'>II,</span> <span class='ocrx_word' id='word_1_174' title='bbox 1683 1968 1774 2004; x_wconf 88' lang='lat' dir='ltr'>dans</span> <span class='ocrx_word' id='word_1_175' title='bbox 1795 1968 1983 2014; x_wconf 89' lang='lat' dir='ltr'>Muratori‚</span> <span class='ocrx_word' id='word_1_176' title='bbox 2004 1971 2088 2007; x_wconf 79' lang='lat' dir='ltr'>Rer.</span> 
     </span>
     <span class='ocr_line' id='line_1_20' title="bbox 314 2025 2089 2075; baseline -0.001 -10"><span class='ocrx_word' id='word_1_177' title='bbox 314 2030 396 2066; x_wconf 78' lang='lat' dir='ltr'>Ital.</span> <span class='ocrx_word' id='word_1_178' title='bbox 413 2029 568 2075; x_wconf 79' lang='lat' dir='ltr'>Seript.,</span> <span class='ocrx_word' id='word_1_179' title='bbox 582 2032 609 2066; x_wconf 91' lang='lat' dir='ltr'>t.</span> <span class='ocrx_word' id='word_1_180' title='bbox 628 2028 690 2072; x_wconf 89' lang='lat'>111,</span> <span class='ocrx_word' id='word_1_181' title='bbox 707 2039 743 2075; x_wconf 91' lang='lat' dir='ltr'>p.</span> <span class='ocrx_word' id='word_1_182' title='bbox 759 2040 797 2072; x_wconf 85' lang='lat'>11,</span> <span class='ocrx_word' id='word_1_183' title='bbox 814 2026 880 2064; x_wconf 91' lang='lat' dir='ltr'>col.</span> <span class='ocrx_word' id='word_1_184' title='bbox 900 2027 1004 2063; x_wconf 84' lang='lat'>1036.</span> <span class='ocrx_word' id='word_1_185' title='bbox 1033 2049 1079 2054; x_wconf 93' lang='lat'>—-</span> <span class='ocrx_word' id='word_1_186' title='bbox 1097 2026 1219 2074; x_wconf 85' lang='lat' dir='ltr'>Voyez</span> <span class='ocrx_word' id='word_1_187' title='bbox 1239 2025 1340 2062; x_wconf 90' lang='lat' dir='ltr'>aussi</span> <span class='ocrx_word' id='word_1_188' title='bbox 1356 2025 1562 2063; x_wconf 89' lang='lat' dir='ltr'>Volterrani</span> <span class='ocrx_word' id='word_1_189' title='bbox 1575 2027 1879 2073; x_wconf 70' lang='lat' dir='ltr'>Anthropoloqia,</span> <span class='ocrx_word' id='word_1_190' title='bbox 1895 2027 1955 2065; x_wconf 90' lang='lat' dir='ltr'>liv.</span> <span class='ocrx_word' id='word_1_191' title='bbox 1971 2028 2089 2065; x_wconf 92' lang='lat' dir='ltr'><strong>XXII.</strong></span> 
     </span>
     <span class='ocr_line' id='line_1_21' title="bbox 358 2085 1587 2136; baseline -0.002 -12"><span class='ocrx_word' id='word_1_192' title='bbox 358 2087 480 2124; x_wconf 89' lang='lat' dir='ltr'>Pierre</span> <span class='ocrx_word' id='word_1_193' title='bbox 502 2089 642 2136; x_wconf 80' lang='lat' dir='ltr'>Martyr</span> <span class='ocrx_word' id='word_1_194' title='bbox 661 2086 810 2124; x_wconf 82' lang='lat' dir='ltr'>ecrivait</span> <span class='ocrx_word' id='word_1_195' title='bbox 829 2090 850 2123; x_wconf 78' lang='lat' dir='ltr'>a</span> <span class='ocrx_word' id='word_1_196' title='bbox 868 2085 943 2122; x_wconf 91' lang='lat' dir='ltr'>l’un</span> <span class='ocrx_word' id='word_1_197' title='bbox 964 2086 1029 2123; x_wconf 86' lang='lat' dir='ltr'>des</span> <span class='ocrx_word' id='word_1_198' title='bbox 1046 2085 1222 2122; x_wconf 86' lang='lat' dir='ltr'>familiers</span> <span class='ocrx_word' id='word_1_199' title='bbox 1243 2085 1485 2121; x_wconf 82' lang='lat' dir='ltr'>d&#39;Alexandre</span> <span class='ocrx_word' id='word_1_200' title='bbox 1505 2085 1555 2122; x_wconf 92' lang='lat' dir='ltr'>VI</span> <span class='ocrx_word' id='word_1_201' title='bbox 1579 2097 1587 2121; x_wconf 75' lang='grc' dir='ltr'>ε</span> 
     </span>
    </p>
   </div>
   <div class='ocr_carea' id='block_1_4' title="bbox 305 2193 2094 2856">
    <p class='ocr_par' dir='ltr' id='par_1_4' title="bbox 333 2193 2068 2301">
     <span class='ocr_line' id='line_1_22' title="bbox 333 2193 2068 2243; baseline 0.001 -13"><span class='ocrx_word' id='word_1_202' title='bbox 333 2212 351 2230; x_wconf 70' lang='grc' dir='ltr'>«ι</span> <span class='ocrx_word' id='word_1_203' title='bbox 372 2199 500 2234; x_wconf 75' lang='lat' dir='ltr'>Petrus</span> <span class='ocrx_word' id='word_1_204' title='bbox 522 2199 572 2234; x_wconf 92' lang='lat' dir='ltr'><strong>M.</strong></span> <span class='ocrx_word' id='word_1_205' title='bbox 594 2196 642 2234; x_wconf 87' lang='grc' dir='ltr'>Α.</span> <span class='ocrx_word' id='word_1_206' title='bbox 665 2197 714 2233; x_wconf 91' lang='lat' dir='ltr'>M.</span> <span class='ocrx_word' id='word_1_207' title='bbox 737 2196 786 2232; x_wconf 84' lang='lat' dir='ltr'>ad</span> <span class='ocrx_word' id='word_1_208' title='bbox 804 2196 1040 2231; x_wconf 82' lang='lat' dir='ltr'>Frcmciscum</span> <span class='ocrx_word' id='word_1_209' title='bbox 1058 2196 1269 2230; x_wconf 75' lang='lat' dir='ltr'>Pratensem</span> <span class='ocrx_word' id='word_1_210' title='bbox 1295 2194 1518 2235; x_wconf 74' lang='lat' dir='ltr'>Oriolcmum,</span> <span class='ocrx_word' id='word_1_211' title='bbox 1547 2193 1755 2230; x_wconf 79' lang='lat' dir='ltr'>Aleoeandri</span> <span class='ocrx_word' id='word_1_212' title='bbox 1773 2196 1855 2241; x_wconf 82' lang='lat' dir='ltr'>jam</span> <span class='ocrx_word' id='word_1_213' title='bbox 1879 2197 2068 2243; x_wconf 74' lang='lat' dir='ltr'>Pontifieis</span> 
     </span>
     <span class='ocr_line' id='line_1_23' title="bbox 1079 2255 1313 2301; baseline 0 -11"><span class='ocrx_word' id='word_1_214' title='bbox 1079 2255 1313 2301; x_wconf 77' lang='lat' dir='ltr'>familiarem.</span> 
     </span>
    </p>

    <p class='ocr_par' dir='ltr' id='par_1_5' title="bbox 305 2331 2094 2856">
     <span class='ocr_line' id='line_1_24' title="bbox 356 2331 2093 2382; baseline 0.001 -14"><span class='ocrx_word' id='word_1_215' title='bbox 356 2350 375 2368; x_wconf 83' lang='lat'>«</span> <span class='ocrx_word' id='word_1_216' title='bbox 460 2334 575 2371; x_wconf 90' lang='lat' dir='ltr'>Pollet</span> <span class='ocrx_word' id='word_1_217' title='bbox 600 2333 748 2382; x_wconf 83' lang='lat' dir='ltr'>ingenio</span> <span class='ocrx_word' id='word_1_218' title='bbox 780 2331 835 2369; x_wconf 87' lang='lat' dir='ltr'>vir</span> <span class='ocrx_word' id='word_1_219' title='bbox 869 2331 938 2370; x_wconf 86' lang='lat' dir='ltr'>iste</span> <span class='ocrx_word' id='word_1_220' title='bbox 965 2331 1162 2379; x_wconf 83' lang='lat' dir='ltr'>magnique</span> <span class='ocrx_word' id='word_1_221' title='bbox 1189 2331 1299 2367; x_wconf 88' lang='lat' dir='ltr'>animi</span> <span class='ocrx_word' id='word_1_222' title='bbox 1329 2334 1545 2380; x_wconf 87' lang='lat' dir='ltr'>argumenta</span> <span class='ocrx_word' id='word_1_223' title='bbox 1571 2342 1646 2379; x_wconf 83' lang='lat' dir='ltr'>prae</span> <span class='ocrx_word' id='word_1_224' title='bbox 1677 2343 1716 2368; x_wconf 89' lang='lat' dir='ltr'>se</span> <span class='ocrx_word' id='word_1_225' title='bbox 1745 2332 1828 2369; x_wconf 89' lang='lat' dir='ltr'>tulit</span> <span class='ocrx_word' id='word_1_226' title='bbox 1858 2332 2030 2372; x_wconf 58' lang='lat' dir='ltr'>multa...</span> <span class='ocrx_word' id='word_1_227' title='bbox 2054 2334 2093 2370; x_wconf 85' lang='lat' dir='ltr'>Si</span> 
     </span>
     <span class='ocr_line' id='line_1_25' title="bbox 307 2389 2092 2441; baseline 0.001 -12"><span class='ocrx_word' id='word_1_228' title='bbox 307 2405 388 2429; x_wconf 89' lang='lat' dir='ltr'>esse</span> <span class='ocrx_word' id='word_1_229' title='bbox 409 2392 562 2441; x_wconf 89' lang='lat' dir='ltr'>cupidus</span> <span class='ocrx_word' id='word_1_230' title='bbox 583 2391 744 2437; x_wconf 88' lang='lat' dir='ltr'>desierit,</span> <span class='ocrx_word' id='word_1_231' title='bbox 768 2390 800 2427; x_wconf 91' lang='lat' dir='ltr'>si</span> <span class='ocrx_word' id='word_1_232' title='bbox 814 2389 1043 2435; x_wconf 85' lang='lat' dir='ltr'>ambitiosus,</span> <span class='ocrx_word' id='word_1_233' title='bbox 1067 2389 1098 2425; x_wconf 90' lang='lat' dir='ltr'>si</span> <span class='ocrx_word' id='word_1_234' title='bbox 1118 2389 1287 2435; x_wconf 87' lang='lat' dir='ltr'>filiorum,</span> <span class='ocrx_word' id='word_1_235' title='bbox 1311 2401 1403 2437; x_wconf 88' lang='lat' dir='ltr'>quos</span> <span class='ocrx_word' id='word_1_236' title='bbox 1433 2390 1511 2429; x_wconf 89' lang='lat' dir='ltr'>sine</span> <span class='ocrx_word' id='word_1_237' title='bbox 1531 2393 1663 2430; x_wconf 84' lang='lat' dir='ltr'>rubore</span> <span class='ocrx_word' id='word_1_238' title='bbox 1684 2396 1858 2438; x_wconf 83' lang='lat' dir='ltr'>ostentat,</span> <span class='ocrx_word' id='word_1_239' title='bbox 1878 2392 2026 2440; x_wconf 89' lang='lat' dir='ltr'>oblitus,</span> <span class='ocrx_word' id='word_1_240' title='bbox 2046 2395 2092 2430; x_wconf 89' lang='lat' dir='ltr'>ad</span> 
     </span>
     <span class='ocr_line' id='line_1_26' title="bbox 307 2448 2093 2502; baseline 0 -13"><span class='ocrx_word' id='word_1_241' title='bbox 307 2452 503 2489; x_wconf 86' lang='lat' dir='ltr'>Ecclesiam</span> <span class='ocrx_word' id='word_1_242' title='bbox 525 2455 723 2499; x_wconf 85' lang='lat' dir='ltr'>augustam</span> <span class='ocrx_word' id='word_1_243' title='bbox 744 2462 783 2487; x_wconf 91' lang='lat' dir='ltr'>se</span> <span class='ocrx_word' id='word_1_244' title='bbox 804 2448 1035 2495; x_wconf 86' lang='lat' dir='ltr'>converterit,</span> <span class='ocrx_word' id='word_1_245' title='bbox 1059 2449 1198 2486; x_wconf 82' lang='lat' dir='ltr'>felicem</span> <span class='ocrx_word' id='word_1_246' title='bbox 1218 2449 1292 2485; x_wconf 86' lang='lat' dir='ltr'>fore</span> <span class='ocrx_word' id='word_1_247' title='bbox 1308 2449 1442 2486; x_wconf 87' lang='lat' dir='ltr'>Sedem</span> <span class='ocrx_word' id='word_1_248' title='bbox 1461 2451 1710 2500; x_wconf 86' lang='lat' dir='ltr'>Apostolicam</span> <span class='ocrx_word' id='word_1_249' title='bbox 1727 2452 1866 2502; x_wconf 84' lang='lat' dir='ltr'>judico,</span> <span class='ocrx_word' id='word_1_250' title='bbox 1882 2456 1939 2490; x_wconf 78' lang='lat' dir='ltr'>ast</span> <span class='ocrx_word' id='word_1_251' title='bbox 1959 2452 1991 2489; x_wconf 87' lang='lat' dir='ltr'>si</span> <span class='ocrx_word' id='word_1_252' title='bbox 2010 2464 2093 2489; x_wconf 88' lang='lat' dir='ltr'>cum</span> 
     </span>
     <span class='ocr_line' id='line_1_27' title="bbox 307 2508 2094 2560; baseline 0 -12"><span class='ocrx_word' id='word_1_253' title='bbox 307 2512 440 2560; x_wconf 87' lang='lat' dir='ltr'>majore</span> <span class='ocrx_word' id='word_1_254' title='bbox 472 2511 648 2560; x_wconf 89' lang='lat' dir='ltr'>potentia,</span> <span class='ocrx_word' id='word_1_255' title='bbox 670 2509 817 2547; x_wconf 85' lang='lat' dir='ltr'>filialem</span> <span class='ocrx_word' id='word_1_256' title='bbox 849 2508 1047 2546; x_wconf 64' lang='lat' dir='ltr'>caecitatem</span> <span class='ocrx_word' id='word_1_257' title='bbox 1080 2508 1282 2553; x_wconf 84' lang='lat' dir='ltr'>adauxerit,</span> <span class='ocrx_word' id='word_1_258' title='bbox 1305 2508 1342 2544; x_wconf 89' lang='lat' dir='ltr'>in</span> <span class='ocrx_word' id='word_1_259' title='bbox 1371 2521 1536 2559; x_wconf 84' lang='lat' dir='ltr'>praeceps</span> <span class='ocrx_word' id='word_1_260' title='bbox 1568 2511 1689 2548; x_wconf 86' lang='lat' dir='ltr'>omnia</span> <span class='ocrx_word' id='word_1_261' title='bbox 1722 2515 1842 2557; x_wconf 90' lang='lat' dir='ltr'>ruent,</span> <span class='ocrx_word' id='word_1_262' title='bbox 1865 2511 2094 2548; x_wconf 89' lang='lat' dir='ltr'>concutietur</span> 
     </span>
     <span class='ocr_line' id='line_1_28' title="bbox 308 2568 2090 2619; baseline -0.001 -11"><span class='ocrx_word' id='word_1_263' title='bbox 308 2572 423 2618; x_wconf 86' lang='lat' dir='ltr'>Italia,</span> <span class='ocrx_word' id='word_1_264' title='bbox 450 2571 680 2609; x_wconf 88' lang='lat' dir='ltr'>Christianus</span> <span class='ocrx_word' id='word_1_265' title='bbox 715 2570 814 2607; x_wconf 87' lang='lat' dir='ltr'>orbis</span> <span class='ocrx_word' id='word_1_266' title='bbox 842 2568 1038 2614; x_wconf 85' lang='lat' dir='ltr'>tremiscet,</span> <span class='ocrx_word' id='word_1_267' title='bbox 1072 2568 1185 2604; x_wconf 89' lang='lat' dir='ltr'>multa</span> <span class='ocrx_word' id='word_1_268' title='bbox 1206 2568 1477 2607; x_wconf 85' lang='lat' dir='ltr'>subvertentur.</span> <span class='ocrx_word' id='word_1_269' title='bbox 1511 2571 1687 2608; x_wconf 90' lang='lat' dir='ltr'>Novimus</span> <span class='ocrx_word' id='word_1_270' title='bbox 1718 2582 1876 2619; x_wconf 85' lang='lat' dir='ltr'>namque</span> <span class='ocrx_word' id='word_1_271' title='bbox 1906 2571 2090 2608; x_wconf 89' lang='lat' dir='ltr'>hominem</span> 
     </span>
     <span class='ocr_line' id='line_1_29' title="bbox 306 2627 2090 2679; baseline -0.001 -11"><span class='ocrx_word' id='word_1_272' title='bbox 306 2631 379 2668; x_wconf 83' lang='lat' dir='ltr'>alta</span> <span class='ocrx_word' id='word_1_273' title='bbox 400 2643 543 2679; x_wconf 88' lang='lat' dir='ltr'>semper</span> <span class='ocrx_word' id='word_1_274' title='bbox 570 2630 784 2678; x_wconf 84' lang='lat' dir='ltr'>agitantem,</span> <span class='ocrx_word' id='word_1_275' title='bbox 807 2640 1017 2677; x_wconf 85' lang='lat' dir='ltr'>vesanoque</span> <span class='ocrx_word' id='word_1_276' title='bbox 1046 2640 1167 2664; x_wconf 87' lang='lat' dir='ltr'>amore</span> <span class='ocrx_word' id='word_1_277' title='bbox 1187 2631 1227 2664; x_wconf 93' lang='lat' dir='ltr'>ut</span> <span class='ocrx_word' id='word_1_278' title='bbox 1253 2627 1346 2665; x_wconf 85' lang='lat' dir='ltr'>filios</span> <span class='ocrx_word' id='word_1_279' title='bbox 1372 2629 1419 2665; x_wconf 88' lang='lat' dir='ltr'>ad</span> <span class='ocrx_word' id='word_1_280' title='bbox 1449 2641 1630 2666; x_wconf 88' lang='lat' dir='ltr'>summum</span> <span class='ocrx_word' id='word_1_281' title='bbox 1660 2630 1805 2676; x_wconf 84' lang='lat' dir='ltr'>evehat,</span> <span class='ocrx_word' id='word_1_282' title='bbox 1829 2629 1919 2679; x_wconf 86' lang='lat' dir='ltr'>rapi.</span> <span class='ocrx_word' id='word_1_283' title='bbox 1948 2630 2090 2667; x_wconf 88' lang='lat' dir='ltr'>Dubius</span> 
     </span>
     <span class='ocr_line' id='line_1_30' title="bbox 305 2687 2089 2739; baseline -0.001 -12"><span class='ocrx_word' id='word_1_284' title='bbox 305 2691 416 2739; x_wconf 80' lang='lat' dir='ltr'>igitur</span> <span class='ocrx_word' id='word_1_285' title='bbox 436 2690 471 2726; x_wconf 92' lang='lat' dir='ltr'>in</span> <span class='ocrx_word' id='word_1_286' title='bbox 495 2702 596 2739; x_wconf 91' lang='lat' dir='ltr'>spem</span> <span class='ocrx_word' id='word_1_287' title='bbox 617 2695 652 2727; x_wconf 89' lang='lat' dir='ltr'>et</span> <span class='ocrx_word' id='word_1_288' title='bbox 672 2694 807 2727; x_wconf 88' lang='lat' dir='ltr'>metum</span> <span class='ocrx_word' id='word_1_289' title='bbox 832 2688 928 2733; x_wconf 88' lang='lat' dir='ltr'>vivo,</span> <span class='ocrx_word' id='word_1_290' title='bbox 950 2700 1017 2724; x_wconf 89' lang='lat' dir='ltr'>nec</span> <span class='ocrx_word' id='word_1_291' title='bbox 1044 2688 1132 2736; x_wconf 89' lang='lat' dir='ltr'>quid</span> <span class='ocrx_word' id='word_1_292' title='bbox 1153 2687 1261 2724; x_wconf 84' lang='lat' dir='ltr'>velim</span> <span class='ocrx_word' id='word_1_293' title='bbox 1293 2687 1471 2737; x_wconf 87' lang='lat' dir='ltr'>intelligo.</span> <span class='ocrx_word' id='word_1_294' title='bbox 1496 2688 1612 2726; x_wconf 87' lang='lat' dir='ltr'>Sicuti</span> <span class='ocrx_word' id='word_1_295' title='bbox 1632 2689 1856 2735; x_wconf 88' lang='lat' dir='ltr'>vocabimur,</span> <span class='ocrx_word' id='word_1_296' title='bbox 1877 2689 1928 2726; x_wconf 88' lang='lat' dir='ltr'>ita</span> <span class='ocrx_word' id='word_1_297' title='bbox 1952 2694 1988 2727; x_wconf 88' lang='lat' dir='ltr'>et</span> <span class='ocrx_word' id='word_1_298' title='bbox 2013 2701 2089 2727; x_wconf 88' lang='lat' dir='ltr'>res-</span> 
     </span>
     <span class='ocr_line' id='line_1_31' title="bbox 305 2747 2088 2798; baseline 0 -12"><span class='ocrx_word' id='word_1_299' title='bbox 305 2750 560 2798; x_wconf 87' lang='lat' dir='ltr'>pondebimus.</span> <span class='ocrx_word' id='word_1_300' title='bbox 582 2750 638 2786; x_wconf 87' lang='lat' dir='ltr'>Ad</span> <span class='ocrx_word' id='word_1_301' title='bbox 665 2761 789 2786; x_wconf 89' lang='lat' dir='ltr'>aurem</span> <span class='ocrx_word' id='word_1_302' title='bbox 818 2760 973 2786; x_wconf 88' lang='lat' dir='ltr'>sussuro</span> <span class='ocrx_word' id='word_1_303' title='bbox 1006 2747 1153 2796; x_wconf 83' lang='lat' dir='ltr'>quidam</span> <span class='ocrx_word' id='word_1_304' title='bbox 1182 2747 1346 2785; x_wconf 87' lang='lat' dir='ltr'>insonuit</span> <span class='ocrx_word' id='word_1_305' title='bbox 1377 2747 1478 2794; x_wconf 91' lang='lat' dir='ltr'>mihi,</span> <span class='ocrx_word' id='word_1_306' title='bbox 1500 2748 1623 2785; x_wconf 90' lang='lat' dir='ltr'>nescio</span> <span class='ocrx_word' id='word_1_307' title='bbox 1645 2760 1725 2797; x_wconf 83' lang='lat' dir='ltr'>quae</span> <span class='ocrx_word' id='word_1_308' title='bbox 1744 2748 1877 2797; x_wconf 86' lang='lat' dir='ltr'>turpia,</span> <span class='ocrx_word' id='word_1_309' title='bbox 1899 2749 2088 2797; x_wconf 84' lang='lat' dir='ltr'>sacrilega,</span> 
     </span>
     <span class='ocr_line' id='line_1_32' title="bbox 306 2806 2086 2856; baseline 0.001 -12"><span class='ocrx_word' id='word_1_310' title='bbox 306 2809 475 2854; x_wconf 72' lang='lat' dir='ltr'>nefanda,</span> <span class='ocrx_word' id='word_1_311' title='bbox 497 2808 633 2855; x_wconf 87' lang='lat' dir='ltr'>gradus</span> <span class='ocrx_word' id='word_1_312' title='bbox 654 2812 778 2856; x_wconf 86' lang='lat' dir='ltr'>utpote</span> <span class='ocrx_word' id='word_1_313' title='bbox 800 2808 869 2844; x_wconf 89' lang='lat' dir='ltr'>sibi</span> <span class='ocrx_word' id='word_1_314' title='bbox 890 2811 1082 2856; x_wconf 87' lang='lat' dir='ltr'>patronum</span> <span class='ocrx_word' id='word_1_315' title='bbox 1102 2811 1203 2844; x_wconf 89' lang='lat' dir='ltr'>tuum</span> <span class='ocrx_word' id='word_1_316' title='bbox 1219 2808 1263 2843; x_wconf 90' lang='lat' dir='ltr'>ad</span> <span class='ocrx_word' id='word_1_317' title='bbox 1283 2807 1320 2843; x_wconf 89' lang='lat' dir='ltr'>id</span> <span class='ocrx_word' id='word_1_318' title='bbox 1335 2818 1453 2843; x_wconf 89' lang='lat' dir='ltr'>rerum</span> <span class='ocrx_word' id='word_1_319' title='bbox 1475 2807 1632 2853; x_wconf 88' lang='lat' dir='ltr'>culmen,</span> <span class='ocrx_word' id='word_1_320' title='bbox 1648 2819 1721 2844; x_wconf 88' lang='lat' dir='ltr'>non</span> <span class='ocrx_word' id='word_1_321' title='bbox 1743 2806 1870 2853; x_wconf 90' lang='lat' dir='ltr'>literis,</span> <span class='ocrx_word' id='word_1_322' title='bbox 1885 2819 1958 2844; x_wconf 90' lang='lat' dir='ltr'>non</span> <span class='ocrx_word' id='word_1_323' title='bbox 1971 2807 2086 2845; x_wconf 89' lang='lat' dir='ltr'>conti-</span> 
     </span>
    </p>
   </div>
   <div class='ocr_carea' id='block_1_5' title="bbox 305 2866 2088 2915">
    <p class='ocr_par' dir='ltr' id='par_1_6' title="bbox 305 2866 2088 2915">
     <span class='ocr_line' id='line_1_33' title="bbox 305 2866 2088 2915; baseline 0.001 -13"><span class='ocrx_word' id='word_1_324' title='bbox 305 2866 442 2912; x_wconf 87' lang='lat' dir='ltr'>nentia,</span> <span class='ocrx_word' id='word_1_325' title='bbox 464 2877 538 2902; x_wconf 89' lang='lat' dir='ltr'>non</span> <span class='ocrx_word' id='word_1_326' title='bbox 560 2866 746 2903; x_wconf 82' lang='lat' dir='ltr'>charitatis</span> <span class='ocrx_word' id='word_1_327' title='bbox 765 2867 918 2912; x_wconf 86' lang='lat' dir='ltr'>fervore,</span> <span class='ocrx_word' id='word_1_328' title='bbox 941 2867 1006 2903; x_wconf 89' lang='lat' dir='ltr'>sed</span> <span class='ocrx_word' id='word_1_329' title='bbox 1025 2869 1113 2904; x_wconf 80' lang='lat' dir='ltr'>auro</span> <span class='ocrx_word' id='word_1_330' title='bbox 1134 2871 1169 2904; x_wconf 84' lang='lat' dir='ltr'>et</span> <span class='ocrx_word' id='word_1_331' title='bbox 1189 2870 1339 2915; x_wconf 84' lang='lat' dir='ltr'>argento</span> <span class='ocrx_word' id='word_1_332' title='bbox 1366 2866 1610 2915; x_wconf 89' lang='lat' dir='ltr'>pollicitisque</span> <span class='ocrx_word' id='word_1_333' title='bbox 1630 2867 1848 2915; x_wconf 85' lang='lat' dir='ltr'>grandibus,</span> <span class='ocrx_word' id='word_1_334' title='bbox 1863 2866 1996 2903; x_wconf 85' lang='lat' dir='ltr'>scalam</span> <span class='ocrx_word' id='word_1_335' title='bbox 2017 2867 2088 2903; x_wconf 86' lang='lat' dir='ltr'>sibi</span> 
     </span>
    </p>
   </div>
   <div class='ocr_carea' id='block_1_6' title="bbox 307 2924 1942 3021">
    <p class='ocr_par' dir='ltr' id='par_1_7' title="bbox 307 2924 1942 3021">
     <span class='ocr_line' id='line_1_34' title="bbox 307 2924 622 2962; baseline 0.003 -1"><span class='ocrx_word' id='word_1_336' title='bbox 307 2924 622 2962; x_wconf 77' lang='lat' dir='ltr'>construxisse...</span> 
     </span>
     <span class='ocr_line' id='line_1_35' title="bbox 883 2971 1942 3021; baseline 0.001 -16"><span class='ocrx_word' id='word_1_337' title='bbox 883 2988 901 3006; x_wconf 89' lang='lat'>«</span> <span class='ocrx_word' id='word_1_338' title='bbox 921 2973 975 3008; x_wconf 88' lang='lat' dir='ltr'>Ex</span> <span class='ocrx_word' id='word_1_339' title='bbox 996 2973 1293 3021; x_wconf 72' lang='lat' dir='ltr'>Caesaraugusta,</span> <span class='ocrx_word' id='word_1_340' title='bbox 1323 2974 1407 3010; x_wconf 92' lang='lat' dir='ltr'>XIV</span> <span class='ocrx_word' id='word_1_341' title='bbox 1428 2973 1610 3010; x_wconf 86' lang='lat' dir='ltr'>Calendas</span> <span class='ocrx_word' id='word_1_342' title='bbox 1633 2973 1780 3020; x_wconf 82' lang='lat' dir='ltr'>augusti</span> <span class='ocrx_word' id='word_1_343' title='bbox 1801 2971 1904 3010; x_wconf 79' lang='lat'>1492.</span> <span class='ocrx_word' id='word_1_344' title='bbox 1921 2986 1942 3006; x_wconf 88' lang='lat'>»</span> 
     </span>
    </p>
   </div>
   <div class='ocr_carea' id='block_1_7' title="bbox 356 3053 990 3103">
    <p class='ocr_par' dir='ltr' id='par_1_8' title="bbox 356 3053 990 3103">
     <span class='ocr_line' id='line_1_36' title="bbox 356 3053 990 3103; baseline 0.006 -13"><span class='ocrx_word' id='word_1_345' title='bbox 356 3054 487 3103; x_wconf 85' lang='lat' dir='ltr'>(Epist.</span> <span class='ocrx_word' id='word_1_346' title='bbox 511 3054 657 3099; x_wconf 86' lang='lat' dir='ltr'>CXVII,</span> <span class='ocrx_word' id='word_1_347' title='bbox 673 3053 733 3091; x_wconf 82' lang='lat' dir='ltr'>liv.</span> <span class='ocrx_word' id='word_1_348' title='bbox 751 3066 787 3099; x_wconf 84' lang='lat' dir='ltr'>v,</span> <span class='ocrx_word' id='word_1_349' title='bbox 807 3066 892 3102; x_wconf 83' lang='lat' dir='ltr'>pag.</span> <span class='ocrx_word' id='word_1_350' title='bbox 914 3055 990 3094; x_wconf 84' lang='grc'>66.)</span> 
     </span>
    </p>
   </div>
   <div class='ocr_carea' id='block_1_8' title="bbox 306 3131 2080 3535">
    <p class='ocr_par' dir='ltr' id='par_1_9' title="bbox 306 3131 2080 3535">
     <span class='ocr_line' id='line_1_37' title="bbox 356 3131 2078 3182; baseline 0.002 -16"><span class='ocrx_word' id='word_1_351' title='bbox 356 3146 372 3166; x_wconf 79' lang='grc' dir='ltr'>α</span> <span class='ocrx_word' id='word_1_352' title='bbox 403 3132 464 3168; x_wconf 89' lang='lat' dir='ltr'>Ma</span> <span class='ocrx_word' id='word_1_353' title='bbox 489 3143 554 3179; x_wconf 88' lang='lat' dir='ltr'>per</span> <span class='ocrx_word' id='word_1_354' title='bbox 585 3135 696 3176; x_wconf 83' lang='lat' dir='ltr'>certo,</span> <span class='ocrx_word' id='word_1_355' title='bbox 719 3136 847 3178; x_wconf 83' lang='lat' dir='ltr'>queste</span> <span class='ocrx_word' id='word_1_356' title='bbox 874 3131 998 3168; x_wconf 89' lang='lat' dir='ltr'>lettere</span> <span class='ocrx_word' id='word_1_357' title='bbox 1029 3133 1156 3170; x_wconf 84' lang='lat' dir='ltr'>furono</span> <span class='ocrx_word' id='word_1_358' title='bbox 1178 3134 1361 3171; x_wconf 85' lang='lat' dir='ltr'>ricorrette</span> <span class='ocrx_word' id='word_1_359' title='bbox 1380 3134 1443 3182; x_wconf 81' lang='lat' dir='ltr'>piu</span> <span class='ocrx_word' id='word_1_360' title='bbox 1467 3133 1560 3169; x_wconf 88' lang='lat' dir='ltr'>tardi</span> <span class='ocrx_word' id='word_1_361' title='bbox 1582 3144 1590 3169; x_wconf 76' lang='grc' dir='ltr'>ε</span> <span class='ocrx_word' id='word_1_362' title='bbox 1612 3145 1631 3168; x_wconf 92' lang='lat' dir='ltr'>e</span> <span class='ocrx_word' id='word_1_363' title='bbox 1650 3132 1676 3168; x_wconf 92' lang='lat' dir='ltr'>il</span> <span class='ocrx_word' id='word_1_364' title='bbox 1696 3133 1822 3169; x_wconf 62' lang='lat' dir='ltr'><strong>RANKE</strong></span> <span class='ocrx_word' id='word_1_365' title='bbox 1848 3132 1964 3170; x_wconf 87' lang='lat' dir='ltr'>l&#39;ebbe</span> <span class='ocrx_word' id='word_1_366' title='bbox 1984 3146 2005 3171; x_wconf 84' lang='lat' dir='ltr'>a</span> <span class='ocrx_word' id='word_1_367' title='bbox 2023 3134 2078 3170; x_wconf 88' lang='lat' dir='ltr'>di-</span> 
     </span>
     <span class='ocr_line' id='line_1_38' title="bbox 306 3189 2079 3239; baseline 0.001 -12"><span class='ocrx_word' id='word_1_368' title='bbox 306 3196 495 3235; x_wconf 82' lang='lat' dir='ltr'>mostrare,</span> <span class='ocrx_word' id='word_1_369' title='bbox 518 3205 535 3223; x_wconf 82' lang='lat'>»</span> <span class='ocrx_word' id='word_1_370' title='bbox 558 3189 646 3226; x_wconf 78' lang='lat' dir='ltr'>ecrit</span> <span class='ocrx_word' id='word_1_371' title='bbox 661 3189 904 3237; x_wconf 87' lang='lat' dir='ltr'>Gregorovius</span> <span class='ocrx_word' id='word_1_372' title='bbox 918 3193 939 3226; x_wconf 82' lang='lat' dir='ltr'>a</span> <span class='ocrx_word' id='word_1_373' title='bbox 958 3202 1090 3239; x_wconf 84' lang='lat' dir='ltr'>propos</span> <span class='ocrx_word' id='word_1_374' title='bbox 1111 3193 1156 3228; x_wconf 90' lang='lat' dir='ltr'>de</span> <span class='ocrx_word' id='word_1_375' title='bbox 1176 3197 1268 3229; x_wconf 85' lang='lat' dir='ltr'>cette</span> <span class='ocrx_word' id='word_1_376' title='bbox 1282 3193 1384 3229; x_wconf 86' lang='lat' dir='ltr'>lettre</span> <span class='ocrx_word' id='word_1_377' title='bbox 1406 3193 1542 3238; x_wconf 74' lang='lat' dir='ltr'>(scoria</span> <span class='ocrx_word' id='word_1_378' title='bbox 1562 3192 1657 3227; x_wconf 80' lang='lat' dir='ltr'>della</span> <span class='ocrx_word' id='word_1_379' title='bbox 1677 3192 1774 3228; x_wconf 70' lang='lat' dir='ltr'>Cittct</span> <span class='ocrx_word' id='word_1_380' title='bbox 1794 3193 1834 3228; x_wconf 84' lang='lat' dir='ltr'>di</span> <span class='ocrx_word' id='word_1_381' title='bbox 1853 3192 1977 3238; x_wconf 83' lang='lat' dir='ltr'>Roma,</span> <span class='ocrx_word' id='word_1_382' title='bbox 1993 3195 2079 3237; x_wconf 62' lang='lat' dir='ltr'>eta,</span> 
     </span>
     <span class='ocr_line' id='line_1_39' title="bbox 307 3249 2080 3299; baseline -0.001 -12"><span class='ocrx_word' id='word_1_383' title='bbox 307 3254 332 3288; x_wconf 90' lang='lat' dir='ltr'>t.</span> <span class='ocrx_word' id='word_1_384' title='bbox 353 3250 432 3287; x_wconf 86' lang='lat' dir='ltr'>VII.</span> <span class='ocrx_word' id='word_1_385' title='bbox 456 3262 490 3298; x_wconf 89' lang='lat' dir='ltr'>p.</span> <span class='ocrx_word' id='word_1_386' title='bbox 513 3250 595 3294; x_wconf 79' lang='lat'>372,</span> <span class='ocrx_word' id='word_1_387' title='bbox 618 3253 700 3285; x_wconf 86' lang='lat' dir='ltr'>note</span> <span class='ocrx_word' id='word_1_388' title='bbox 728 3249 776 3294; x_wconf 75' lang='lat'>1).</span> <span class='ocrx_word' id='word_1_389' title='bbox 806 3249 954 3286; x_wconf 69' lang='lat' dir='ltr'>Parellle</span> <span class='ocrx_word' id='word_1_390' title='bbox 981 3249 1210 3287; x_wconf 84' lang='lat' dir='ltr'>observation</span> <span class='ocrx_word' id='word_1_391' title='bbox 1236 3255 1323 3299; x_wconf 89' lang='lat' dir='ltr'>peut</span> <span class='ocrx_word' id='word_1_392' title='bbox 1347 3254 1421 3288; x_wconf 77' lang='lat' dir='ltr'>etre</span> <span class='ocrx_word' id='word_1_393' title='bbox 1448 3250 1533 3287; x_wconf 89' lang='lat' dir='ltr'>faite</span> <span class='ocrx_word' id='word_1_394' title='bbox 1560 3261 1623 3286; x_wconf 89' lang='lat' dir='ltr'>sur</span> <span class='ocrx_word' id='word_1_395' title='bbox 1649 3249 1682 3286; x_wconf 91' lang='lat' dir='ltr'>la</span> <span class='ocrx_word' id='word_1_396' title='bbox 1708 3250 1853 3299; x_wconf 86' lang='lat' dir='ltr'>plupart</span> <span class='ocrx_word' id='word_1_397' title='bbox 1872 3251 1937 3288; x_wconf 87' lang='lat' dir='ltr'>des</span> <span class='ocrx_word' id='word_1_398' title='bbox 1956 3250 2080 3288; x_wconf 86' lang='lat' dir='ltr'>lettres</span> 
     </span>
     <span class='ocr_line' id='line_1_40' title="bbox 307 3308 2078 3358; baseline -0.001 -12"><span class='ocrx_word' id='word_1_399' title='bbox 307 3321 377 3357; x_wconf 90' lang='lat' dir='ltr'>que</span> <span class='ocrx_word' id='word_1_400' title='bbox 398 3310 448 3345; x_wconf 91' lang='lat' dir='ltr'>les</span> <span class='ocrx_word' id='word_1_401' title='bbox 468 3308 603 3345; x_wconf 73' lang='lat' dir='ltr'>eru-lits</span> <span class='ocrx_word' id='word_1_402' title='bbox 630 3308 678 3343; x_wconf 82' lang='lat' dir='ltr'>clu</span> <span class='ocrx_word' id='word_1_403' title='bbox 703 3314 767 3343; x_wconf 76' lang='lat' dir='ltr'>xv0</span> <span class='ocrx_word' id='word_1_404' title='bbox 788 3308 893 3345; x_wconf 78' lang='lat' dir='ltr'>siecle</span> <span class='ocrx_word' id='word_1_405' title='bbox 915 3308 1141 3346; x_wconf 75' lang='lat' dir='ltr'>s&#39;ecrivaient</span> <span class='ocrx_word' id='word_1_406' title='bbox 1167 3315 1267 3347; x_wconf 87' lang='lat' dir='ltr'>entre</span> <span class='ocrx_word' id='word_1_407' title='bbox 1294 3322 1377 3356; x_wconf 88' lang='lat' dir='ltr'>eux,</span> <span class='ocrx_word' id='word_1_408' title='bbox 1400 3322 1537 3347; x_wconf 90' lang='lat' dir='ltr'>comme</span> <span class='ocrx_word' id='word_1_409' title='bbox 1563 3309 1595 3346; x_wconf 87' lang='lat' dir='ltr'>le</span> <span class='ocrx_word' id='word_1_410' title='bbox 1622 3321 1811 3358; x_wconf 85' lang='lat' dir='ltr'>remarque</span> <span class='ocrx_word' id='word_1_411' title='bbox 1836 3308 1961 3347; x_wconf 79' lang='lat' dir='ltr'>Villari</span> <span class='ocrx_word' id='word_1_412' title='bbox 1986 3309 2078 3347; x_wconf 76' lang='lat' dir='ltr'>dans</span> 
     </span>
     <span class='ocr_line' id='line_1_41' title="bbox 307 3367 2078 3417; baseline -0.001 -12"><span class='ocrx_word' id='word_1_413' title='bbox 307 3370 344 3405; x_wconf 81' lang='lat' dir='ltr'>la</span> <span class='ocrx_word' id='word_1_414' title='bbox 371 3370 493 3406; x_wconf 77' lang='lat' dir='ltr'>scoria</span> <span class='ocrx_word' id='word_1_415' title='bbox 526 3369 565 3404; x_wconf 83' lang='lat' dir='ltr'>di</span> <span class='ocrx_word' id='word_1_416' title='bbox 594 3368 778 3404; x_wconf 77' lang='lat' dir='ltr'>Girolamo</span> <span class='ocrx_word' id='word_1_417' title='bbox 805 3368 1041 3414; x_wconf 78' lang='lat' dir='ltr'>Savonarola,</span> <span class='ocrx_word' id='word_1_418' title='bbox 1062 3373 1088 3405; x_wconf 91' lang='lat' dir='ltr'>t.</span> <span class='ocrx_word' id='word_1_419' title='bbox 1112 3369 1140 3414; x_wconf 91' lang='lat' dir='ltr'>I,</span> <span class='ocrx_word' id='word_1_420' title='bbox 1161 3381 1196 3417; x_wconf 92' lang='lat' dir='ltr'>p.</span> <span class='ocrx_word' id='word_1_421' title='bbox 1221 3371 1302 3415; x_wconf 89' lang='lat'>155,</span> <span class='ocrx_word' id='word_1_422' title='bbox 1317 3369 1567 3407; x_wconf 87' lang='lat' dir='ltr'>relativement</span> <span class='ocrx_word' id='word_1_423' title='bbox 1586 3372 1607 3406; x_wconf 76' lang='lat' dir='ltr'>a</span> <span class='ocrx_word' id='word_1_424' title='bbox 1625 3369 1660 3407; x_wconf 87' lang='lat' dir='ltr'>la</span> <span class='ocrx_word' id='word_1_425' title='bbox 1686 3369 1788 3407; x_wconf 82' lang='lat' dir='ltr'>lettre</span> <span class='ocrx_word' id='word_1_426' title='bbox 1814 3369 1858 3406; x_wconf 87' lang='lat' dir='ltr'>de</span> <span class='ocrx_word' id='word_1_427' title='bbox 1884 3367 2037 3406; x_wconf 89' lang='lat' dir='ltr'>Politien</span> <span class='ocrx_word' id='word_1_428' title='bbox 2057 3370 2078 3404; x_wconf 78' lang='lat' dir='ltr'>a</span> 
     </span>
     <span class='ocr_line' id='line_1_42' title="bbox 308 3426 2074 3477; baseline -0.001 -12"><span class='ocrx_word' id='word_1_429' title='bbox 308 3429 439 3477; x_wconf 86' lang='lat' dir='ltr'>Iacopo</span> <span class='ocrx_word' id='word_1_430' title='bbox 465 3426 678 3476; x_wconf 89' lang='lat' dir='ltr'>Antiquario</span> <span class='ocrx_word' id='word_1_431' title='bbox 706 3438 768 3463; x_wconf 88' lang='lat' dir='ltr'>sur</span> <span class='ocrx_word' id='word_1_432' title='bbox 792 3426 826 3464; x_wconf 84' lang='lat' dir='ltr'>la</span> <span class='ocrx_word' id='word_1_433' title='bbox 850 3431 944 3465; x_wconf 90' lang='lat' dir='ltr'>mort</span> <span class='ocrx_word' id='word_1_434' title='bbox 963 3428 1007 3464; x_wconf 88' lang='lat' dir='ltr'>de</span> <span class='ocrx_word' id='word_1_435' title='bbox 1027 3428 1184 3465; x_wconf 86' lang='lat' dir='ltr'>Laurent</span> <span class='ocrx_word' id='word_1_436' title='bbox 1204 3429 1247 3464; x_wconf 88' lang='lat' dir='ltr'>de</span> <span class='ocrx_word' id='word_1_437' title='bbox 1262 3429 1414 3465; x_wconf 76' lang='lat' dir='ltr'>Medicis</span> <span class='ocrx_word' id='word_1_438' title='bbox 1436 3429 1532 3477; x_wconf 80' lang='lat' dir='ltr'>(voy.</span> <span class='ocrx_word' id='word_1_439' title='bbox 1549 3434 1576 3466; x_wconf 89' lang='lat' dir='ltr'>t.</span> <span class='ocrx_word' id='word_1_440' title='bbox 1600 3430 1671 3466; x_wconf 84' lang='lat' dir='ltr'>lde</span> <span class='ocrx_word' id='word_1_441' title='bbox 1687 3433 1779 3466; x_wconf 86' lang='lat' dir='ltr'>cette</span> <span class='ocrx_word' id='word_1_442' title='bbox 1799 3428 1901 3474; x_wconf 65' lang='lat' dir='ltr'>edit„</span> <span class='ocrx_word' id='word_1_443' title='bbox 1917 3426 2074 3474; x_wconf 87' lang='lat' dir='ltr'>append.</span> 
     </span>
     <span class='ocr_line' id='line_1_43' title="bbox 310 3487 606 3535; baseline 0.003 -11"><span class='ocrx_word' id='word_1_444' title='bbox 310 3494 352 3524; x_wconf 62' lang='grc' dir='ltr'>η’)</span> <span class='ocrx_word' id='word_1_445' title='bbox 373 3488 430 3532; x_wconf 81' lang='grc'><strong>4-2,</strong></span> <span class='ocrx_word' id='word_1_446' title='bbox 451 3499 487 3535; x_wconf 87' lang='lat' dir='ltr'>p.</span> <span class='ocrx_word' id='word_1_447' title='bbox 508 3487 606 3533; x_wconf 87' lang='lat'>560).</span> 
     </span>
    </p>
   </div>
  </div>
 </body>
</html>
