2222 3926
155 304 263 346 [Aout
285 305 379 344 1496]
598 300 766 339 RERUM
793 298 1095 338 URBANARUM
1130 300 1480 341 COMMENTARH.
1867 286 1932 343 301

155 411 239 469 tic,
270 407 498 473 equitavit
526 424 614 471 per
636 407 838 456 Imolam
865 406 924 454 ad
950 410 1163 455 castrum
1197 421 1235 452 s,
1263 405 1391 452 Petri
1422 405 1503 452 ubi
1531 405 1646 453 fecit
1677 407 1933 470 prandium

154 493 201 541 in
223 493 377 557 primo
403 491 613 555 hospitio
636 496 683 540 et
703 507 792 540 nos
821 490 871 538 in
898 489 1001 537 aliis
1030 493 1166 537 extra
1191 489 1372 536 dictum
1396 493 1625 537 castrum.
1660 488 1776 538 Inde
1801 491 1935 553 equi-

151 578 353 626 tavimus
386 575 652 624 Bononiam
680 590 689 622 z
715 572 1070 638 protonotarius
1111 571 1236 620 della
1271 573 1416 634 Lega,
1449 571 1669 619 videlicet
1698 574 1754 620 D.
1782 574 1933 621 Anto-

153 661 262 709 nius
302 660 544 707 Galeatius
585 659 643 707 de
679 658 958 715 Bentivolis.
998 657 1146 704 frater
1186 658 1241 703 D.
1284 656 1517 703 Johannis
1558 656 1616 703 de
1654 656 1933 714 Bentivolis,

154 743 344 807 tyranni
366 742 704 800 Bononiensis,
739 740 864 790 venit
887 740 976 788 sibi
1002 739 1189 788 obviam
1214 755 1362 802 usque
1391 739 1450 787 ad
1478 739 1659 788 ssumen
1686 741 1827 789 Idicis
1854 742 1934 804 qui

155 831 227 876 est
249 827 370 875 citra
390 826 657 874 Bononiam
680 825 739 872 ad
760 824 971 887 quinque
994 823 1237 882 milliaria;
1263 827 1370 886 post
1392 839 1504 871 eum
1525 824 1584 871 ad
1606 823 1700 873 duo
1717 825 1938 873 milliaria

153 912 228 960 vel
246 913 390 970 circa,
410 911 538 959 venit
562 914 617 959 D.
642 911 887 958 Johannes
909 908 968 956 de
992 907 1249 956 Bentivolis
1266 907 1508 971 predictus
1521 923 1632 956 cum
1654 908 1806 957 tribus
1827 909 1937 957 filiis

154 996 253 1044 suis
275 995 590 1053 secularibus,
609 994 831 1042 videlicet
851 991 1104 1049 Annibale,
1120 989 1393 1039 Alexandro
1411 994 1458 1038 et
1481 992 1726 1049 Hermete,
1752 997 1800 1039 et
1822 991 1938 1040 duo-

151 1080 240 1128 bus
270 1079 559 1135 oratoribus‚
581 1077 806 1126 videlicet
832 1091 928 1124 uno
959 1074 1158 1123 dominii
1193 1076 1492 1123 Venetorum
1520 1082 1567 1122 et
1600 1074 1693 1122 alio
1728 1074 1932 1124 ducatus

152 1163 429 1212 Mediolani.
474 1162 603 1211 Citra
635 1166 825 1225 portam
858 1162 1082 1223 receptus
1115 1161 1186 1206 est
1226 1173 1254 1206 a
1294 1159 1488 1214 Cesare,
1523 1158 1751 1223 episcopo
1785 1161 1935 1208 Ame-

148 1247 306 1306 liensi,
327 1247 689 1296 locumtenente
707 1245 830 1292 Rmi.
852 1246 906 1291 D.
927 1241 1185 1291 cardinalis
1202 1241 1415 1300 Ascanii,
1439 1241 1585 1305 legati
1609 1242 1929 1291 Bononiensis

154 1337 202 1381 et
222 1331 390 1380 Alexio
414 1333 553 1389 Urso,
578 1326 908 1378 confalonerio
940 1325 1038 1372 sive
1063 1323 1325 1372 vexillifero
1349 1324 1663 1383 Bononiensi,
1691 1340 1747 1373 ac
1769 1332 1935 1389 potes-

151 1418 248 1463 tate
268 1419 315 1462 et
337 1413 539 1461 decano.
560 1411 742 1460 Deinde
755 1411 892 1475 juxta
905 1413 1111 1473 portam,
1125 1407 1183 1455 de
1203 1408 1334 1456 mula
1348 1408 1670 1468 descendens,
1688 1409 1934 1458 osculatus

152 1501 224 1547 est
250 1502 297 1546 et
321 1512 515 1545 crucem
539 1497 598 1544 de
620 1495 843 1543 manibus
866 1497 920 1541 R.
947 1495 999 1541 P.
1024 1495 1079 1540 D.
1106 1491 1439 1556 Christophori
1463 1492 1677 1556 episcopi
1701 1493 1935 1556 Senogal-

150 1580 484 1641 liensi,vicarii
507 1580 630 1628 Rmi.
648 1582 704 1628 D.
724 1577 982 1627 cardinalis
997 1576 1182 1625 s.Petri
1203 1575 1262 1624 ad
1284 1576 1507 1635 Vincula,
1533 1576 1748 1641 episcopi
1774 1579 1934 1626 Bono-

151 1666 351 1725 niensis,
376 1664 458 1729 qui
480 1665 528 1712 in
551 1664 729 1712 mulam
751 1677 901 1725 usque
924 1662 983 1709 ad
1005 1660 1261 1709 ecclesiam
1282 1675 1433 1724 prope
1454 1665 1643 1724 portam
1665 1660 1933 1724 predictam

150 1752 363 1809 venerat,
402 1749 452 1796 in
482 1764 578 1812 qua
605 1747 889 1812 paramenta
928 1744 1156 1808 suscepit,
1199 1747 1246 1792 et
1277 1743 1439 1792 officio
1478 1741 1698 1807 predicto
1735 1747 1933 1808 peracto

150 1848 299 1897 prope
321 1837 510 1896 portam
532 1831 730 1886 dimisit,
755 1835 802 1878 et
823 1829 1004 1877 mulam
1026 1844 1162 1876 suam
1184 1827 1518 1876 conscendens
1540 1827 1679 1875 rediit
1698 1827 1759 1875 ad
1780 1828 1934 1877 eccle-

151 1916 269 1963 siam
317 1913 662 1964 cathedralem.
717 1912 970 1961 Processio
1023 1911 1274 1959 associavit
1322 1911 1535 1975 legatum
1581 1927 1608 1959 a
1648 1911 1797 1960 latere
1845 1912 1932 1960 sub

149 1999 338 2063 porticu
359 1998 610 2047 incedens.
636 1999 844 2061 Legatus
864 2012 978 2044 vero
1008 2011 1118 2044 cum
1149 1995 1388 2043 scutiferis
1411 2001 1458 2044 et
1487 1999 1584 2043 tota
1606 1995 1830 2043 comitiva
1846 2011 1934 2059 per

150 2083 361 2131 mediam
392 2087 590 2130 stratam
617 2077 845 2144 equitavit
877 2096 886 2127 :
920 2078 1264 2127 baldachinum
1293 2094 1407 2127 vero
1435 2094 1531 2126 non
1560 2078 1646 2127 fuit
1666 2082 1927 2143 portatum.

216 2166 449 2230 Regimen
471 2165 673 2214 civitatis
695 2164 905 2228 capitulo
932 2163 1243 2212 commiserat
1263 2178 1324 2210 ne
1345 2161 1436 2226 ipsi
1456 2161 1797 2209 baldachinum
1819 2177 1932 2224 por-

149 2256 323 2311 tarent,
363 2265 586 2299 asserens
622 2249 671 2297 id
708 2248 793 2296 soli
828 2247 900 2295 vel
946 2247 1175 2311 episcopo
1216 2244 1509 2294 Bononiensi
1545 2244 1593 2292 in
1631 2244 1787 2308 primo
1827 2244 1931 2308 ejus

146 2335 345 2383 introitu
368 2334 565 2398 portari.
588 2336 687 2397 Ego
710 2337 872 2380 autem
891 2331 1037 2380 credo
1056 2330 1104 2377 id
1125 2330 1282 2394 potius
1304 2329 1482 2378 sactum
1505 2328 1652 2376 fuisse
1673 2343 1734 2377 ne
1753 2343 1929 2376 novum

147 2417 487 2466 baldachinum
519 2416 679 2480 legato
713 2415 1004 2464 conveniens
1035 2414 1268 2472 facerent,
1299 2428 1411 2461 cum
1448 2412 1666 2476 regimen
1686 2411 1841 2475 ipsum
1871 2411 1930 2459 ad

146 2501 490 2565 providendum
520 2500 690 2564 legatis
727 2500 862 2548 novis
896 2499 1183 2546 intrantibus
1211 2497 1269 2544 de
1299 2495 1596 2544 baldachinis
1627 2499 1852 2544 teneatur
1883 2500 1930 2543 et

146 2600 244 2634 non
265 2584 546 2649 capitulum.
578 2586 678 2646 Ego
706 2583 1038 2641 nihilominus,
1063 2582 1174 2645 quia
1206 2586 1396 2645 tempus
1418 2596 1514 2628 non
1536 2585 1638 2628 erat
1668 2595 1779 2645 cum
1802 2579 1930 2642 regi-

148 2668 276 2717 mine
297 2667 574 2732 providendi
594 2667 652 2715 de
671 2666 957 2715 baldachino
976 2681 1063 2729 pro
1085 2680 1143 2713 eo
1163 2664 1292 2728 quod
1311 2664 1413 2712 vice
1432 2664 1619 2726 legatus
1642 2667 1689 2710 et
1712 2662 1926 2725 regimen

146 2752 305 2815 legato
326 2755 559 2799 venerunt
580 2750 785 2809 obviam,
811 2749 973 2813 rogavi
996 2753 1043 2797 et
1066 2748 1249 2796 obtinui
1270 2747 1612 2795 baldachinum
1631 2761 1783 2808 usque
1805 2745 1929 2793 intra

148 2839 334 2899 portam
356 2850 442 2899 per
462 2850 607 2898 quam
627 2834 813 2898 legatus
835 2838 937 2881 erat
956 2837 1200 2892 venturus,
1223 2847 1310 2896 per
1327 2831 1530 2880 clericos
1546 2823 1752 2879 ecclesie
1767 2829 1929 2877 cathe-

148 2917 292 2965 dralis
321 2918 521 2982 portari,
558 2918 638 2965 ubi
669 2922 917 2981 comperto
957 2932 1066 2965 cum
1113 2916 1341 2980 episcopo
1371 2914 1652 2973 Ameliensi,
1689 2914 1927 2961 locumte-

149 3006 292 3049 nente
332 3002 455 3049 Rmi.
496 3004 552 3050 D.
591 3002 736 3066 legati
771 3001 988 3049 Bononie
1029 2998 1356 3048 confalonerio
1398 2998 1495 3046 dixi
1527 2997 1717 3060 utrique
1758 3010 1925 3044 eorum

147 3083 484 3132 baldachinum
506 3086 703 3134 omnino
727 3085 1011 3149 parandum,
1042 3084 1143 3132 sine
1175 3098 1270 3147 quo
1303 3081 1551 3146 processio
1591 3096 1686 3128 non
1719 3078 1926 3127 habetur

145 3172 330 3225 ornata,
355 3174 402 3215 et
430 3169 587 3216 verbis
621 3170 742 3216 meis
779 3168 906 3232 cepit
939 3168 1266 3231 acquiescere,
1293 3171 1339 3214 et
1372 3165 1614 3213 commisit
1644 3162 1924 3211 confalone-

148 3249 246 3296 rius
280 3249 530 3298 siniscalco
561 3251 807 3314 regiminis
840 3256 890 3298 ut
917 3250 975 3298 de
1002 3249 1328 3313 portatoribus
1352 3246 1642 3310 provideret.
1677 3248 1794 3309 Ego,
1830 3245 1950 3292 hoc¹

144 3332 409 3391 intellecto,
431 3334 549 3382 exivi
571 3339 758 3397 portam
780 3335 967 3382 obviam
990 3335 1193 3398 prefato,
1215 3332 1294 3396 qui
1318 3334 1451 3379 extra
1470 3345 1578 3377 eam
1599 3345 1688 3392 per
1709 3327 1920 3376 medium

148 3416 351 3465 milliare
372 3416 446 3465 vel
467 3417 613 3476 circa,
639 3417 686 3465 in
708 3418 852 3466 domo
868 3417 1211 3466 cruciferorum
1231 3416 1327 3463 sive
1347 3428 1496 3477 prope
1515 3428 1640 3470 eam,
1662 3411 1918 3459 adventum
