2216 3886
135 288 346 328 [Decembre
366 289 458 328 1:299]
575 287 759 325 RERUM.
778 286 1081 324 URBANARUM
1114 286 1462 324 COMMENTARH.
1831 274 1910 326 '591

136 387 397 451 professor,
425 387 570 436 etiam
597 388 646 436 in
674 387 918 452 theologia
949 377 1198 451 magister,
1223 386 1439 435 Andreas
1467 386 1680 451 Ondorp,
1712 388 1911 437 canoni-

138 485 223 518 cus
246 471 572 532 LeodicensiS,
598 471 903 520 decretorum
923 471 1093 520 doctor
1111 475 1254 534 atque
1276 470 1420 519 etiam
1439 470 1486 518 in
1509 470 1690 519 artibus
1712 475 1760 518 et
1778 470 1914 519 theo-

136 553 266 617 logia
297 554 544 618 magister,
575 555 870 619 Augustinus
901 555 960 604 de
994 554 1200 604 Castello
1241 555 1460 620 ejusdem
1498 554 1679 604 ordinis
1715 555 1915 603 fratrum

137 637 484 687 heremitarum
507 657 546 687 s.
571 640 844 704 Augustini,
865 640 1128 705 professor,
1153 639 1299 688 etiam
1325 640 1374 687 in
1394 638 1641 703 theologia
1663 638 1911 702 magister,

139 722 387 787 Philippus
408 724 466 772 de
498 724 730 789 Brodrog,
755 724 1121 773 archidiaconus
1147 723 1352 773 ecclesie
1381 722 1745 787 Strigoniensis,
1771 721 1916 770 etiam

136 805 444 855 decretorum
472 807 639 856 doctor
660 812 706 856 et
737 807 786 855 in
813 807 996 856 artibus
1025 806 1271 870 magister,
1298 806 1562 855 Stanislaus
1590 805 1721 868 Selig
1743 807 1923 874 Cracoj

136 888 333 949 viensis,
358 890 578 939 similiter
600 891 908 939 decretorum
930 890 1129 948 doctor;
1154 906 1322 939 omnes
1343 891 1392 938 in
1423 890 1549 938 dicta
1575 889 1772 938 basilica
1791 888 1918 952 prin-

138 971 256 1036 cipis
275 974 604 1038 apostolorum
621 974 965 1039 penitentiarii.

204 1057 329 1105 Nulli
351 1073 468 1122 ergo
496 1058 693 1107 omnino
716 1058 971 1107 hominum
995 1057 1140 1106 liceat
1165 1058 1291 1106 hanc
1317 1057 1545 1122 paginam
1566 1055 1912 1114 concessionis,

136 1138 454 1200 inhibitionis,
479 1142 738 1202 interdicti,
762 1141 1098 1191 declarationis
1126 1145 1174 1189 et
1201 1141 1457 1190 voluntatis
1483 1140 1746 1205 infringere
1771 1141 1852 1210 vel,
1873 1141 1916 1189 ei

136 1240 255 1272 ausu
276 1225 534 1274 temerario
556 1226 825 1287 contraire3
851 1226 889 1274 si
920 1226 1026 1290 quis
1052 1230 1214 1274 autem
1240 1225 1335 1273 hoc
1362 1229 1646 1289 attemptare
1667 1240 1917 1289 presump-

138 1308 272 1367 serit,
296 1308 676 1373 indignationem
709 1309 1054 1374 omnipotentis
1076 1309 1165 1357 Dei
1192 1325 1247 1358 ac
1275 1309 1529 1357 beatorum
1555 1308 1684 1357 Petri
1706 1311 1753 1356 et
1781 1307 1913 1356 Pauli

137 1392 465 1455 apostolorum
513 1394 645 1458 ejus,
683 1409 734 1442 se
782 1393 968 1441 noverit
1012 1393 1334 1442 incursurum.
1371 1395 1547 1441 Datum
1593 1395 1744 1441 Rome
1790 1391 1917 1455 apud

137 1490 175 1522 s,
212 1477 425 1535 Petrum,
461 1492 587 1524 anno
625 1479 765 1537 1499,
801 1478 906 1524 XIII
942 1476 1136 1525 kalend.
1166 1475 1394 1541 januarii,
1427 1475 1736 1540 pontificatus
1766 1474 1918 1522 nostri

135 1574 261 1607 anno
273 1561 401 1620 V111;
425 1562 447 1608 J
454 1560 669 1609 ohannes
690 1561 995 1622 Mutinensis,
1019 1563 1077 1609 A.
1103 1564 1261 1610 Draco
1281 1578 1291 1619 ;
1316 1560 1571 1624 registrata
1590 1559 1639 1607 in
1660 1556 1919 1607 secretaria

135 1643 399 1706 apostolica
423 1660 433 1692 ε
460 1646 514 1692 Β.
538 1645 728 1693 Marini.

201 1725 307 1773 Fuit
336 1731 384 1775 et
407 1727 510 1790 jam
541 1727 743 1787 dudum,
766 1728 989 1777 videlicet
1024 1729 1074 1776 in
1107 1729 1184 1778 die
1212 1744 1331 1778 cene
1365 1727 1575 1786 Domini,
1601 1743 1694 1790 que
1721 1731 1769 1776 et
1792 1725 1916 1791 jovis

138 1809 284 1858 etiam
316 1810 468 1858 sancti
490 1816 814 1875 nuncupatur,
838 1812 952 1860 anni
979 1817 1006 1860 a
1031 1812 1274 1861 nativitate
1302 1811 1496 1860 Domini
1527 1814 1665 1869 1499,
1696 1810 1915 1875 superius

137 1894 334 1954 omissa,
358 1895 603 1959 publicata
628 1895 721 1944 alia
748 1896 877 1944 bulla
897 1897 1256 1961 approbationis
1282 1896 1594 1944 institutionis
1615 1896 1727 1943 anni
1743 1895 1913 1959 jubilei

133 1993 221 2041 per
242 1977 394 2026 felicis
415 1979 763 2028 recordationis
786 1981 1084 2030 Bonifacium
1114 1997 1287 2045 papam
1315 1982 1419 2031 VIII
1441 1979 1586 2038 facte,
1610 1995 1698 2043 per
1724 1978 1915 2043 predic—

135 2067 236 2111 tum
271 2062 520 2111 dominum
553 2068 773 2113 nostrum
802 2064 1126 2113 Alexandrum
1157 2080 1330 2128 papam
1362 2066 1444 2124 VI,
1468 2063 1607 2127 cujus
1637 2067 1779 2112 tenor
1808 2062 1915 2111 talis

133 2151 224 2194 est.

195 2231 471 2280 Alexander
485 2231 757 2297 episcopUS,
775 2250 940 2282 servus
960 2248 1207 2282 servorum
1222 2232 1328 2290 Dei,
1347 2231 1628 2280 adfuturam
1643 2231 1713 2279 rei
1730 2245 1914 2280 memo-

132 2313 250 2363 riam
264 2331 275 2374 3
291 2321 646 2366 consueverunt
666 2317 853 2366 romani
867 2317 1144 2376 PontificeS,
1160 2316 1530 2381 predecessores
1549 2314 1723 2374 nostri;
1743 2330 1915 2378 appro-

131 2397 393 2462 pinquante
412 2415 538 2448 anno
554 2400 740 2463 jubilei,
767 2406 817 2450 ut
839 2401 1013 2450 Christi
1035 2400 1203 2449 fideles
1225 2399 1420 2448 uberius
1438 2397 1762 2462 indulgentias
1783 2397 1912 2445 dicto

132 2496 259 2530 anno
286 2497 542 2532 concessas
561 2484 749 2533 valeant
778 2485 1066 2548 promereri,
1091 2489 1138 2532 et
1160 2483 1221 2532 ad
1240 2483 1290 2532 id
1309 2482 1577 2547 promptius
1605 2497 1692 2545 pro
1720 2497 1913 2529 suarum

134 2563 286 2613 salute
307 2566 577 2614 animarum
596 2567 884 2623 inducantur
905 2573 952 2617 et
966 2584 1053 2632 per
1073 2567 1443 2631 suspensionem
1461 2565 1725 2629 gratiarum
1743 2580 1914 2628 prece-

135 2647 367 2708 dentium,
384 2649 481 2698 sive
498 2650 633 2711 alias,
647 2656 791 2715 prout
802 2652 963 2701 utilius
978 2652 1079 2700 fore
1096 2650 1380 2715 suspiciunt,
1400 2647 1914 2714 opportune-provisio-

133 2731 208 2780 nis
226 2733 441 2782 remedia
461 2734 721 2796 adhihere,
756 2751 871 2785 sane
894 2751 1005 2784 cum
1027 2751 1182 2785 annus
1202 2733 1370 2799 jubilei
1402 2732 1704 2781 remissionis
1730 2736 1779 2781 et
1799 2747 1914 2796 gau-

133 2814 196 2863 dii
212 2815 289 2876 sit,
308 2817 390 2880 qui
405 2818 617 2880 quolibet
633 2835 760 2868 anno
783 2820 1050 2869 centesimo
1066 2820 1126 2868 ab
1144 2818 1268 2866 illius
1283 2817 1496 2882 primeva
1512 2815 1815 2866 ordinatione
1827 2830 1915 2879 per

132 2898 286 2948 felicis
308 2901 656 2952 recordationis
686 2903 985 2952 Bonifacium
1004 2905 1112 2954 VIII
1133 2902 1396 2962 institutus,
1421 2906 1470 2950 et
1495 2899 1669 2949 deinde
1691 2899 1914 2948 Clemen-

134 2986 231 3030 tem
260 2985 322 3032 vl
356 2985 417 3033 ad
450 2986 921 3052 quinquagesimum,
958 2992 1203 3052 postremo
1238 2986 1299 3035 ad
1332 3002 1423 3035 xxv
1455 2999 1608 3033 annos
1647 2999 1734 3047 per
1771 2983 1912 3031 beate

132 3067 366 3116 memorie
403 3070 605 3119 Paulum
634 3073 692 3131 II,
727 3087 950 3120 romanos
987 3072 1264 3136 pontificeS,
1296 3070 1668 3136 predecessores
1698 3070 1908 3124 nostrOS‚

130 3154 327 3213 propter
358 3151 571 3202 humane
601 3153 694 3203 vite
732 3155 1013 3205 brevitatem
1047 3156 1275 3205 reductus
1304 3155 1416 3215 fuit,
1453 3157 1597 3217 prout
1630 3152 1678 3199 in
1712 3149 1912 3198 diversis

132 3234 413 3283 eorumdem
433 3236 833 3300 predecessorum
859 3238 1032 3288 litteris
1054 3239 1263 3304 desuper
1286 3237 1520 3287 confectis
1547 3234 1735 3299 plenius
1756 3232 1913 3282 conti-

130 3321 289 3377 netur,
313 3333 440 3367 anno
461 3336 490 3368 a
509 3321 755 3371 nativitate
779 3321 972 3370 Domini
1002 3323 1260 3372 millesimo
1282 3318 1672 3385 quingentesimo
1692 3315 1911 3380 proxime

131 3399 290 3450 futuro
322 3402 495 3453 debeat
522 3404 776 3465 celebrari,
800 3406 956 3470 sitque
987 3422 1098 3457 vere
1126 3407 1206 3456 ille
1232 3421 1385 3456 annus
1412 3402 1726 3461 centesimuS,
1751 3400 1831 3465 qui
1849 3399 1909 3449 ab
