2216 3886
198 304 402 346 {Decembre
425 305 518 344 1499]
640 303 808 341 RERUM
842 301 1144 341 URBANARUM
1178 299 1525 338 COMMENTARII.
1905 303 1975 339 583

195 411 412 456 Romane
439 406 643 456 ecclesie
666 406 998 455 falsificatione
1018 405 1288 454 litterarum
1316 404 1707 469 apostolicarum,
1734 406 1973 470 supplica-

190 491 378 539 tionum
401 495 446 539 et
474 490 888 549 commissionum,
910 489 1149 538 delatione
1172 505 1418 536 armorum
1437 488 1511 536 vel
1532 487 1735 536 aliorum
1753 489 1973 552 prohibi-

192 579 349 623 torum
390 575 452 623 ad
489 578 649 639 partes
680 574 965 632 infidelium,
996 573 1258 637 injectione
1298 588 1528 621 manuum
1572 572 1890 621 violentarum
1924 573 1970 621 in

190 659 445 723 episcopos
463 659 537 706 vel
558 658 675 706 alios
696 658 906 722 prelatos
929 657 1219 721 superiores.
1795 644 1802 651 ’

255 741 499 790 Ordinavit
526 741 653 804 quod
683 741 1028 805 deputarentur
1053 746 1261 804 quatuor
1287 738 1499 802 religiosi
1528 738 1610 786 viri
1639 754 1845 802 quorum
1875 739 1970 788 duo

188 826 236 873 in
256 825 332 873 die
355 830 403 874 et
424 826 502 874 alii
524 826 572 873 in
592 829 734 874 nocte
756 825 1016 874 circuirent
1037 824 1286 873 basilicam
1308 823 1574 887 predictam
1599 828 1647 871 et
1669 838 1776 871 eam
1805 828 1970 872 custo-

190 909 347 958 dirent
378 913 425 958 et
459 909 782 967 adverterent,
803 925 864 957 ne
903 908 1018 972 quid
1046 906 1290 955 inhonesti
1320 906 1366 953 in
1397 906 1501 970 ipsa
1530 921 1618 969 per
1641 921 1970 972 quoscumque

184 992 587 1051 committeretur,
620 1008 728 1040 cum
760 995 899 1056 porta
938 1006 1085 1039 aurea
1118 1004 1216 1037 non
1259 988 1432 1037 debeat
1464 1003 1555 1037 nec
1592 989 1670 1037 die
1707 1004 1798 1037 nec
1828 996 1970 1039 nocte

186 1080 288 1124 toto
322 1075 483 1124 futuro
515 1091 641 1124 anno
666 1074 833 1139 jubilei
871 1074 1053 1133 claudi3
1086 1073 1214 1121 idem
1249 1072 1332 1120 fiat
1364 1072 1409 1120 in
1446 1072 1550 1120 aliis
1584 1072 1732 1120 tribus
1762 1073 1971 1122 basilicis

185 1159 403 1222 superius
437 1159 717 1218 nominatis,
754 1158 884 1222 quod
922 1158 1064 1206 ambo
1099 1156 1311 1220 porticus
1350 1155 1570 1220 ejusdem
1609 1156 1805 1205 basilice
1845 1158 1970 1207 bene

185 1243 480 1291 mundentur
514 1247 561 1291 et
594 1242 811 1310 mundati
842 1242 966 1290 bene
998 1246 1261 1301 serventur,
1296 1256 1386 1288 nec
1417 1240 1759 1304 permittantur
1793 1242 1970 1291 infirmi

182 1327 256 1375 vel
279 1327 357 1374 alii
385 1327 432 1374 in
459 1326 529 1374 eis
546 1327 712 1390 jacere
732 1326 805 1375 vel
832 1325 1035 1384 morari;
1062 1329 1108 1373 et
1131 1324 1270 1372 fieret
1292 1339 1435 1388 capsa
1458 1340 1634 1388 magna
1656 1330 1703 1373 et
1724 1325 1969 1391 fortis-pro

183 1409 475 1474 elemosynis
504 1414 550 1458 et
580 1408 1012 1473 compositionibus
1041 1408 1299 1456 occasione
1330 1408 1771 1472 suprascriptorum
1797 1425 1970 1474 prove-

185 1493 429 1542 nientibus
450 1492 761 1558 reponendis,
787 1508 880 1556 que
907 1496 1204 1556 ponerentur
1222 1492 1359 1555 juxta
1386 1492 1623 1555 capellam
1648 1509 1686 1541 s.
1709 1493 1900 1542 Andree
1923 1500 1970 1543 et

187 1576 405 1641 Gregorii
434 1576 483 1624 in
513 1576 710 1625 basilica
742 1592 781 1624 S.
814 1576 942 1625 Petri
973 1575 1206 1640 predicta,
1232 1579 1277 1624 et
1312 1575 1462 1624 tribus
1499 1576 1698 1624 diversis
1733 1577 1968 1626 clausuris

185 1666 234 1709 et
259 1661 468 1709 clavibus
495 1660 782 1720 muniretur,
805 1675 1008 1724 quarum
1039 1675 1184 1707 unam
1219 1659 1450 1720 datarius,
1477 1659 1619 1708 aliam
1629 1698 1727 1709 .....
1741 1699 1750 1720 ,
1776 1661 1966 1710 tertiam

188 1760 309 1793 unus
332 1760 390 1793 ex
418 1744 768 1809 penitentiariis
797 1743 1024 1808 predictis
1054 1760 1143 1808 per
1174 1743 1434 1807 collegium
1465 1759 1635 1793 eorum
1664 1745 1970 1809 deputandus

187 1833 524 1887 conservaret3
562 1828 805 1876 commisit
837 1827 1070 1876 muratori
1104 1827 1334 1890 magistro
1372 1828 1557 1876 Thome
1590 1829 1842 1877 Mataratio
1876 1832 1971 1877 Ro-

186 1928 331 1960 mano
353 1912 483 1975 quod
516 1929 707 1962 murum
729 1912 977 1978 (quantum
1000 1916 1141 1976 porta
1171 1927 1318 1960 aurea
1345 1911 1575 1975 continet)
1599 1917 1705 1960 ruat
1737 1929 1889 1976 usque
1911 1914 1971 1961 ad

186 1995 563 2059 grossitudinem
597 2001 804 2060 quatuor
834 1998 909 2046 vel
943 1996 1155 2060 quinque
1189 1997 1468 2060 digitorum,
1505 1996 1777 2045 nullatenus
1807 2002 1970 2047 tamen

184 2079 415 2143 perforet,
436 2084 504 2138 ut,
530 2096 641 2128 cum
667 2081 904 2129 Sanctitas
933 2097 1035 2140 sua,
1060 2080 1180 2128 hora
1207 2095 1515 2144 vesperarum
1542 2079 1701 2143 vigilie
1732 2081 1965 2144 predicte,

184 2179 355 2211 manus
375 2164 426 2211 in
446 2180 557 2213 eum
578 2164 818 2228 injecerit,
835 2164 1039 2213 faciliter
1055 2168 1101 2213 et
1123 2165 1226 2212 sine
1249 2179 1386 2212 mora
1406 2163 1562 2223 cadat,
1582 2167 1725 2227 atque
1745 2163 1968 2212 omnibus

183 2247 389 2296 liberum
410 2247 594 2296 aditum
614 2248 831 2311 prebeat.

250 2330 483 2379 Omnibus
505 2331 755 2391 ordinatis,
777 2331 918 2379 rediit
937 2331 996 2379 ad
1013 2331 1262 2395 palatium,
1285 2335 1332 2380 et
1350 2331 1582 2395 magister
1598 2331 1843 2396 predictus
1859 2349 1968 2380 cum

188 2413 292 2461 aliis
321 2414 451 2462 dedit
478 2430 676 2478 operam
703 2415 773 2463 rei
802 2414 890 2462 sibi
917 2415 1176 2463 commisse
1204 2430 1291 2478 pro
1320 2419 1493 2463 ornatu
1520 2419 1658 2478 porte
1685 2415 1965 2478 hujusmodi

190 2495 251 2543 ad
272 2496 573 2545 altitudinem
601 2497 887 2557 ordinatam,
918 2498 1006 2545 sed
1032 2498 1080 2545 in
1100 2498 1352 2546 latitudine
1381 2498 1605 2546 latiorem
1633 2498 1693 2545 ad
1716 2499 1837 2547 duos
1864 2499 1967 2562 pal—

189 2594 295 2627 mos
322 2580 397 2628 vel
425 2580 568 2638 circa,
599 2585 646 2628 et
673 2585 970 2644 coopertam,
1000 2581 1130 2644 quod
1156 2582 1204 2628 in
1229 2597 1286 2629 eo
1314 2581 1422 2629 loco
1451 2597 1699 2644 nunquam
1720 2581 1808 2629 fuit
1829 2586 1967 2645 porta

186 2662 336 2726 prius,
371 2663 456 2710 sed
485 2679 649 2710 murus
680 2663 892 2727 undique
923 2664 1074 2712 altera
1102 2668 1237 2728 parte
1273 2664 1492 2727 ejusdem
1519 2665 1671 2712 muris
1703 2664 1886 2728 equalis
1918 2670 1966 2713 et

185 2745 453 2809 colligatus.
479 2746 584 2795 Fuit
605 2751 764 2795 autem
789 2747 982 2795 solitum
1004 2747 1153 2796 altare
1176 2748 1225 2795 in
1246 2747 1419 2796 eodem
1439 2748 1548 2796 loco
1573 2748 1791 2812 predicto
1820 2763 1964 2811 quem

184 2834 372 2893 portam
390 2827 687 2888 dicebamUS,
710 2834 758 2878 et
775 2845 884 2877 cum
904 2830 1109 2894 populus
1129 2830 1408 2894 opinionem
1426 2834 1563 2894 porte
1579 2815 1727 2895 hujus
1744 2830 1961 2888 haberet,

185 2911 317 2960 nolui
349 2927 433 2960 eos
463 2912 512 2959 in
542 2912 767 2975 opinione
799 2928 892 2977 que
922 2913 1080 2977 potius
1109 2914 1415 2963 devotionem
1445 2914 1627 2962 inducit
1657 2914 1961 2978 perturbare.

255 2995 456 3055 Deinde,
478 2996 681 3046 Veneris
701 3000 763 3045 20
781 2997 1001 3061 ejusdem
1020 2998 1219 3056 mensis,
1244 2998 1334 3045 fuit
1356 2998 1699 3046 consistorium
1722 3003 1965 3045 secretum

187 3077 236 3124 in
269 3093 363 3140 quo
396 3079 523 3127 inter
558 3080 648 3127 alia
683 3081 769 3128 suit
802 3080 1050 3129 decretum
1084 3086 1131 3130 et
1165 3081 1440 3129 ordinatum
1477 3079 1607 3143 quod
1642 3079 1771 3127 bulla
1795 3079 1965 3143 jubilei

188 3160 404 3223 proxime
442 3161 589 3209 futuri
628 3162 800 3212 debeat
839 3163 1074 3227 publicari
1114 3169 1248 3212 extra
1287 3167 1474 3228 portam
1510 3162 1674 3226 palatii
1714 3161 1963 3225 apostolici

190 3242 317 3306 apud
347 3259 385 3289 S·
421 3246 615 3292 Petrum
644 3245 822 3294 ibidem
849 3246 897 3293 in
926 3246 1102 3309 platea,
1135 3247 1262 3295 intra
1290 3247 1444 3310 ipsam
1474 3249 1661 3309 portam
1690 3249 1737 3292 et
1763 3245 1966 3292 audien-

194 3325 307 3373 tiam
333 3341 586 3375 causarum
606 3344 692 3391 per
711 3328 831 3377 duos
854 3329 1174 3378 cubicularios
1204 3332 1287 3378 SS.
1317 3333 1372 3377 D.
1398 3332 1454 3378 N.
1481 3343 1687 3392 quorum
1714 3345 1838 3376 unus
1864 3328 1967 3376 bul-

191 3409 289 3456 lam
325 3408 477 3472 ipsam
515 3426 602 3473 per
634 3417 795 3475 partes
832 3410 1021 3474 publice
1057 3411 1204 3474 legat,
1244 3411 1367 3459 alter
1399 3411 1446 3458 in
1478 3410 1657 3473 vulgari
1689 3410 1848 3460 italico
1881 3426 1967 3474 per
