2202 3926
303 332 370 368 128
903 331 922 367 J
927 329 1086 367 OHANN
1091 329 1133 366 IS
1167 328 1459 373 BURCHARDI,
1878 327 1959 368 [Mai
1981 327 2074 365 1494]

365 437 519 500 Prope
538 434 685 483 altare
708 434 804 483 sive
827 434 1122 483 credentiam
1144 433 1238 480 sint
1258 432 1410 496 parati
1436 447 1446 478 ;

363 518 506 567 Liber
522 534 632 566 cum
649 518 846 582 psalmis
869 517 1023 574 Quam
1046 517 1263 564 dilectum
1283 522 1388 572 etc„
1412 517 1458 561 et
1481 510 1794 561 orationibus.

363 603 452 650 Pro
472 602 632 665 legato
651 601 843 664 quando
864 616 914 648 se
936 599 1123 662 parabit
1147 615 1157 645 ε

358 685 566 733 Missale.
587 712 651 719 ——
673 683 970 731 pontificale.
995 709 1059 717 —
1082 681 1222 729 Liber
1241 680 1616 743 evangeliorum.
1639 707 1703 714 —-
1731 678 1871 728 Liber
1889 679 2069 743 episto-

294 769 464 817 larum.
494 795 557 803 ——
594 769 782 813 Lancea
812 779 899 828 pro
933 764 1105 812 vexillo
1137 764 1238 827 regi
1280 763 1455 811 dando.
1487 792 1550 798 —
1583 762 1726 810 Liber
1760 762 2067 820 letaniarum,

296 866 439 915 quem
472 854 633 898 tamen
657 853 885 913 poterunt
912 852 1135 896 cantores
1164 846 1289 911 apud
1321 862 1372 895 se
1397 850 1562 895 tenere
1592 852 1639 894 et
1664 861 1829 894 secum
1856 849 2066 909 portare,

295 934 484 998 quando
519 933 681 981 dicent
712 931 957 980 letaniam.
995 961 1059 967 —
1100 930 1236 979 Bulla
1271 929 1569 993 indulgentie
1605 929 1819 993 plenarie
1849 928 2074 992 affigatur

294 1034 443 1082 prope
466 1018 631 1076 altare,
658 1019 708 1064 ut
731 1016 790 1063 ab
822 1015 1046 1063 omnibus
1073 1014 1306 1063 videatur.
1332 1041 1395 1048 —
1416 1015 1570 1076 Prope
1602 1013 1749 1061 altare
1771 1016 1965 1076 paretur
1984 1010 2074 1058 fal-

297 1101 547 1149 distorium
572 1116 683 1148 cum
713 1115 798 1147 suo
825 1098 1018 1147 cussino
1048 1101 1095 1146 et
1119 1101 1347 1160 cooperta
1373 1098 1432 1146 de
1460 1097 1689 1146 bruccato
1718 1113 1864 1146 aureo
1893 1111 2078 1145 creme-

298 1182 400 1230 sino
419 1198 505 1246 pro
520 1182 698 1246 legato.
717 1210 780 1216 —
796 1180 1133 1229 Faldistorium
1154 1181 1310 1229 simile
1332 1197 1443 1229 cum
1459 1198 1546 1229 suo
1569 1181 1762 1229 cussino
1781 1185 1829 1230 et
1849 1184 2079 1245 cooperta

300 1268 358 1316 de
376 1266 605 1316 bruccato
627 1283 774 1315 aureo
802 1266 911 1314 albo
933 1281 1020 1330 pro
1041 1281 1175 1329 rege.
1200 1293 1263 1300 —
1283 1265 1426 1313 Aliud
1452 1265 1771 1314 faldistorium
1798 1265 1939 1313 altius
1967 1280 2078 1313 cum

300 1366 386 1398 suo
418 1349 645 1407 scabe110‚
671 1353 718 1398 et
742 1347 928 1397 duobus
957 1347 1161 1396 cussinis
1192 1364 1247 1396 ac
1277 1353 1506 1412 cooperta
1533 1349 1686 1397 simile
1714 1348 1822 1397 alba
1847 1364 1934 1413 pro
1962 1364 2078 1413 rege

302 1449 445 1497 super
465 1433 610 1496 quod,
638 1432 753 1480 dum
781 1431 1019 1480 confessio
1046 1431 1096 1478 in
1128 1431 1275 1480 missa
1306 1431 1493 1491 dicitur,
1522 1433 1831 1496 genuflectet.
1860 1461 1925 1468 -
1953 1435 2079 1489 Qua-

301 1520 411 1563 tuor
430 1515 509 1562 alii
530 1515 709 1563 cussini
733 1513 948 1563 bruccati
970 1514 1063 1562 albi
1080 1530 1167 1578 pro
1189 1530 1304 1578 rege
1332 1515 1524 1578 quando
1552 1531 1717 1564 coram
1745 1506 1904 1579 legato
1928 1531 2079 1579 genu-

303 1598 483 1657 flectet,
514 1602 560 1647 et
588 1599 675 1646 sub
698 1598 878 1646 letania
903 1597 1303 1661 prosternabitur.
1330 1626 1395 1634 -
1426 1602 1530 1647 Duo
1559 1598 1769 1648 scabella
1794 1598 1963 1647 viridia
1993 1614 2080 1663 pro

304 1681 492 1729 duobus
514 1682 707 1745 prelatis
729 1682 831 1746 regi
853 1681 1208 1730 assistentibus.
1227 1681 1446 1730 —Aliud
1464 1682 1618 1731 simile
1634 1698 1720 1746 pro
1738 1682 1918 1730 letania
1938 1698 2083 1746 super

305 1781 398 1827 quo
438 1768 658 1813 cantores
699 1768 882 1828 ponent
914 1765 1110 1812 librum.
1153 1794 1216 1800 —
1254 1767 1461 1814 Scamna
1500 1781 1588 1829 pro
1629 1765 1827 1829 prelatis
1865 1765 2079 1829 paratis:

304 1847 547 1910 digniores
588 1848 825 1897 sedebunt
857 1848 907 1895 in
946 1848 1285 1908 anterioribus,
1318 1848 1399 1896 hic
1438 1854 1485 1896 et
1523 1848 1635 1896 inde
1672 1852 1816 1912 caput
1843 1851 2084 1896 vertentes

302 1946 467 1978 versus
495 1930 660 1979 altare.
683 1935 748 1966 ’-
769 1931 1028 1979 Thalamus
1053 1947 1163 1979 cum
1191 1931 1305 1979 sede
1335 1931 1483 1995 regali
1514 1935 1561 1979 et
1589 1931 1867 1995 postergali.
1891 1958 1956 1966 —-
1975 1930 2084 1978 Fal-

304 2013 555 2061 distorium
590 2013 686 2062 sive
723 2013 901 2061 sediale
924 2029 1035 2061 cum
1069 2013 1196 2076 palio
1232 2013 1447 2062 bruccati
1485 2018 1533 2062 et
1569 2014 1756 2062 duobus
1790 2014 1995 2063 cussinis
2026 2013 2087 2061 ad

303 2096 725 2160 genuflectendum
758 2113 844 2161 pro
879 2112 1011 2160 rege.
1045 2125 1108 2132 -
1140 2097 1333 2145 Missale
1360 2113 1447 2160 pro
1473 2097 1651 2161 legato.
1678 2126 1743 2134 -—
1774 2097 1967 2146 Missale
1997 2112 2083 2161 pro

305 2194 436 2241 rege.
460 2207 524 2214 —
545 2181 752 2228 Scamna
773 2180 870 2227 sive
894 2179 1104 2228 scabella
1129 2166 1215 2243 pro
1244 2180 1501 2243 regalibus.
1526 2209 1590 2216 —
1618 2180 1968 2228 Baldachinum
1992 2185 2080 2242 pro

305 2276 438 2324 rege,
476 2262 563 2310 sub
606 2279 717 2325 quo,
754 2267 1031 2323 coronatus,
1068 2263 1204 2312 finita
1232 2265 1397 2323 missa,
1432 2264 1666 2327 equitabit
1701 2279 1788 2327 per
1822 2263 2079 2323 civitatem,

307 2345 434 2410 quod
459 2350 679 2409 paratum
715 2347 949 2395 habeatur
988 2363 1138 2411 prope
1177 2353 1364 2411 portam
1394 2341 1709 2411 principalem
1743 2346 1968 2406 ecclesie,
1997 2362 2084 2411 per

308 2444 452 2491 quam
482 2446 566 2478 rex
599 2434 713 2478 tunc
751 2431 916 2479 exibit.
957 2459 1020 2466 -—
1044 2433 1195 2479 Locus
1223 2447 1308 2495 pro
1350 2430 1646 2478 cantoribus.
1679 2458 1743 2464 —
1769 2431 1976 2477 Scamna
2000 2445 2086 2493 pro

309 2511 395 2559 bai
397 2512 585 2561 ombus
611 2542 674 2548 —-—
695 2514 921 2562 Sacristia
942 2514 1002 2562 ad
1021 2514 1323 2563 vestiendum
1345 2530 1528 2578 regem.

380 2596 553 2645 Prelati
582 2603 811 2660 parentur
849 2613 992 2660 super
1024 2597 1297 2657 rochetum,
1328 2597 1525 2657 amictu,
1558 2600 1913 2663 superpellicio,
1947 2598 2087 2657 stola,

314 2680 506 2743 pluviali
540 2684 588 2728 et
616 2681 760 2729 mitra
794 2681 1015 2745 simplici,
1042 2681 1132 2741 vel,
1157 2682 1264 2730 loco
1299 2681 1638 2745 superpellicii,
1662 2688 1887 2746 poterunt
1918 2699 2090 2747 capere

315 2764 473 2813 albam
499 2768 546 2812 et
573 2764 849 2828 cingulum3
885 2765 1007 2812 stola
1034 2769 1081 2813 et
1105 2764 1310 2828 pluviale
1338 2769 1566 2828 poterunt
1598 2781 1704 2814 esse
1733 2766 1827 2814 albi
1857 2766 1929 2815 vel
1951 2766 2089 2814 rubei

319 2846 511 2905 coloriS,
535 2846 646 2909 quia
666 2847 801 2895 albus
824 2847 958 2895 color
978 2848 1202 2896 convenit
1221 2847 1518 2896 coronationi
1540 2852 1587 2896 et
1608 2850 1785 2897 rubeus
1805 2849 1969 2909 misse,
1995 2865 2086 2912 que

321 2929 378 2977 de
401 2928 577 2992 Spiritu
606 2936 771 2977 sancto
805 2930 1009 2990 dicetur,
1037 2935 1081 2979 et
1111 2931 1309 2994 quilibet
1338 2930 1514 2978 habeat
1549 2931 1826 2994 pontificale
1861 2935 1908 2979 et
1927 2938 2086 2980 'unum

320 3012 621 3075 capellanum
659 3013 999 3077 superpellicio
1027 3014 1249 3062 indutum
1279 3029 1389 3062 cum
1419 3013 1646 3077 mappula
1672 3014 1796 3062 collo
1822 3013 2083 3077 pendente,

319 3096 399 3160 qui
423 3097 511 3144 sibi
529 3097 588 3145 de
607 3097 869 3160 pontificali
893 3097 1064 3146 serviat
1083 3101 1130 3146 et
1151 3097 1209 3146 de
1231 3098 1388 3146 mitra.

384 3180 434 3227 ln
456 3196 562 3229 sero
581 3180 873 3243 precedente
901 3180 1029 3228 diem
1050 3181 1392 3239 coronationis,
1417 3179 1667 3228 claudatur
1686 3179 1892 3229 ecclesia
1913 3184 1960 3228 et
1980 3195 2089 3228 cus-

321 3263 457 3312 todes
494 3263 813 3313 adhibeantur
856 3264 1077 3312 omnihus
1109 3265 1276 3328 portis,
1312 3268 1359 3312 et.
1390 3263 1497 3311 loco
1539 3267 1806 3324 cantorum,
1839 3268 2084 3328 suggesto,

320 3344 637 3410 presbyterio,
663 3346 940 3394 thalamo‘et
961 3346 1176 3395 sacristie
1198 3361 1349 3409 usque
1370 3345 1430 3394 ad
1451 3345 1577 3409 regis
1596 3346 1863 3396 introitum.

388 3428 771 3477 lntromittantur
811 3429 889 3492 qui
930 3428 1128 3477 sedeant
1170 3445 1315 3492 super
1357 3429 1584 3492 gradibus
1618 3430 1666 3477 in
1707 3429 1942 3493 capitibus
1978 3444 2087 3477 cor-
