2216 3886
329 318 398 352 526
936 318 1168 355 JOHANMS
1201 319 1496 363 BURGHARnl‚
1854 323 1987 362 [Juillet
2009 324 2100 364 1429]

396 418 620 478 sabbato,
660 423 710 467 13
734 419 857 482 julii,
887 419 1015 467 circa
1042 424 1259 482 quartam
1286 420 1458 467 horam
1485 418 1659 475 noctiS‚
1690 419 1932 469 dominica
1957 423 2100 472 adve-

330 501 509 559 niente,
546 505 707 548 Rmus.
747 501 794 548 in
831 502 1018 549 Christo
1054 504 1105 548 P.
1142 505 1197 549 D.
1233 502 1453 550 Nicolaus
1491 501 1800 560 Bucciardus,
1837 504 2103 569 archiepis-

329 599 493 646 copuS,
520 587 685 641 Rome,
711 583 836 646 apud
861 599 899 630 s.
923 586 1155 639 Marcum,
1180 583 1225 630 in
1249 583 1424 647 palatio
1447 583 1584 631 solite
1614 583 1869 633 residentie
1892 586 2015 635 Rmi.
2042 590 2097 637 D.

329 666 581 713 cardinalis
611 665 934 713 Beneventani
964 665 1310 729 consanguinei
1343 666 1431 724 sui,
1458 666 1585 714 diem
1614 666 1784 715 clausit
1812 672 2098 718 extremum.

328 749 472 812 Cujus
503 762 694 810 corpus,
733 747 808 795 die
842 746 1099 806 dominica,
1139 751 1194 794 14
1220 748 1344 812 julii,
1384 749 1513 797 circa
1542 750 1712 798 horam
1746 767 1824 809 xx,
1861 757 2100 814 portatum

329 830 414 876 fuit
441 829 501 876 ad
523 829 776 878 ecclesiam
800 847 837 876 s.
863 830 1134 893 Augustini,
1156 832 1448 879 associatum
1470 849 1498 880 a
1518 833 1708 881 familiis
1732 836 1858 897 Pape
1881 839 1928 882 et
1949 835 2102 883 cardi-

327 912 505 960 nalium
539 913 897 972 Recanatensis,
936 914 1280 973 Beneventani,
1318 931 1356 962 s.
1393 916 1582 979 Georgii
1618 921 1664 965 et
1698 916 1953 975 Columne3
1991 934 2102 981 pre-

327 1001 579 1044 cesserunt
616 996 848 1044 iutortitia
879 1012 992 1044 xL111
1027 1002 1073 1044 et
1108 998 1258 1045 secuti
1294 1003 1404 1046 sunt
1437 998 1610 1047 funesti
1647 1016 1730 1047 xvi
1765 1016 1970 1063 quorum
2003 1005 2100 1050 tres

326 1086 458 1129 erant
491 1081 836 1145 consanguinei
868 1080 1104 1138 defuncti3
1138 1081 1217 1144 qui
1246 1081 1291 1128 in
1328 1081 1496 1130 ultimo
1523 1082 1631 1130 loco
1661 1082 1941 1132 incedentes
1969 1099 2101 1132 asso-

325 1164 435 1212 ciati
471 1164 665 1213 fuerunt
703 1181 730 1212 a
766 1164 914 1212 tribus
951 1164 1146 1227 prelatis
1184 1164 1462 1213 domesticis
1499 1165 1840 1224 Beneventani,
1879 1165 2098 1214 videlicet

324 1247 552 1310 episcopo
588 1265 625 1295 s.
663 1248 849 1312 Agathe
884 1251 931 1295 et
968 1247 1135 1296 electis
1171 1248 1364 1296 Chiensi
1399 1252 1444 1297 et
1478 1248 1866 1307 Mondiviscensi,
1900 1249 1940 1296 si
1971 1253 2099 1298 recte

324 1331 537 1379 memini.
564 1331 760 1379 Funesti
779 1331 926 1389 ibant,
952 1347 980 1378 a
997 1331 1175 1379 dextris
1197 1331 1385 1395 prelati,
1411 1349 1438 1379 a
1464 1332 1668 1380 sinistris
1686 1331 1954 1396 pedestres,
1979 1349 2099 1396 quos

323 1414 474 1462 secuti
504 1419 614 1463 sunt
645 1414 722 1462 alii
752 1414 920 1478 prelati
944 1418 991 1462 et
1018 1415 1166 1463 ceteri
1194 1420 1460 1477 equestres.
1492 1419 1543 1463 In
1572 1415 1720 1463 choro
1753 1415 1955 1464 ecclesie
1983 1432 2099 1465 con-

320 1501 486 1545 ventus
506 1515 543 1544 s.
569 1498 820 1560 Augustini
842 1498 1063 1561 predicti,
1087 1498 1279 1546 habitus
1305 1503 1377 1546 est
1398 1514 1557 1547 sermo
1579 1515 1666 1563 per
1687 1515 1835 1547 unum
1857 1515 1915 1547 ex
1937 1499 2094 1547 fratri-

324 1580 412 1628 bus
435 1585 714 1639 conventus,
739 1586 900 1644 preter
920 1587 1207 1630 consuetum
1234 1586 1280 1630 et
1302 1582 1652 1630 ordinationem
1678 1598 1859 1641 meam3
1886 1582 1965 1646 qui
1986 1598 2096 1631 cum

320 1663 503 1726 prolixe
532 1663 674 1710 nimis
701 1668 874 1723 oraret,
906 1664 1001 1711 dixi
1030 1665 1073 1712 ei
1102 1665 1216 1713 satis
1248 1682 1357 1712 esse
1382 1665 1587 1723 dictum,
1618 1665 1862 1713 residuum
1886 1670 2096 1713 servaret

323 1759 408 1807 pro
430 1743 523 1791 alia
543 1744 636 1791 die.
663 1747 830 1793 Frater
850 1746 1198 1809 aliquantulum
1219 1749 1521 1811 perterritus,
1547 1748 1782 1796 truncavit
1809 1747 2092 1805 orationem,

324 1827 567 1875 excusavit
590 1843 639 1875 se
663 1833 710 1875 et
732 1829 1037 1877 recessimus.
1061 1833 1160 1894 Ego
1185 1832 1368 1894 portavi
1388 1831 1585 1895 pallium
1606 1830 1818 1879 defuncti
1835 1830 1883 1878 in
1900 1834 2095 1894 pectore

322 1924 431 1957 meo
450 1926 601 1973 usque
620 1911 679 1958 ad
698 1905 1254 1976 ecclesiam'predictam‚
1274 1914 1322 1961 in
1339 1930 1432 1977 qua
1453 1913 1797 1978 consanguinei
1819 1913 1976 1977 ipsum
1995 1913 2097 1962 cui-

316 1992 425 2040 dam
447 1993 597 2047 fratri,
617 1998 667 2043 ut
689 1994 898 2044 defuncti
921 1996 1037 2044 illud
1057 1996 1105 2043 in
1125 1997 1371 2060 sepultura
1395 1998 1718 2063 imponerent,
1745 1996 2061 2045 tradiderunt.

381 2075 560 2123 Eadem
589 2077 664 2124 die
697 2078 953 2137 dominica,
989 2083 1152 2127 Rmus.
1189 2082 1244 2127 D.
1275 2081 1509 2128 Ascanius
1534 2077 1970 2136 vicecancellarius,
2001 2077 2094 2124 fin-

313 2175 431 2222 gens
460 2175 511 2206 se
539 2160 718 2208 iturum
745 2161 805 2209 ad
835 2163 1122 2222 venandum,
1151 2165 1350 2212 recessit
1371 2164 1430 2212 ab
1459 2163 1583 2212 Urbe
1611 2178 1700 2226 per
1728 2166 1916 2225 portam
1949 2160 2091 2208 castri

314 2259 353 2289 s.
390 2243 578 2306 Angeli,
614 2244 653 2291 si
681 2249 808 2293 recte
838 2245 1055 2306 memini,
1089 2263 1180 2294 non
1210 2246 1360 2310 petita
1384 2244 1580 2293 licentia
1606 2260 1634 2292 a
1660 2243 1910 2302 Pontifice,
1940 2242 2091 2290 iturus

312 2325 635 2374 Mediolanum
674 2344 761 2391 pro
798 2328 984 2392 magnis
1022 2328 1166 2376 rebus
1200 2333 1391 2388 statum,
1427 2327 1663 2375 honorem
1697 2330 1744 2374 et
1782 2325 2089 2373 commodum

313 2408 535 2457 Ludovici
560 2409 695 2458 ducis
715 2411 992 2470 Mediolani,
1014 2411 1173 2460 fratris
1196 2411 1286 2470 sui,
1308 2410 1727 2459 concernentibus.

375 2491 599 2552 Sabbato,
635 2497 695 2542 20
722 2494 846 2558 julii,
884 2495 1014 2543 circa
1043 2495 1213 2543 horam
1246 2510 1381 2552 xxm,
1412 2493 1694 2541 nunciatum
1718 2491 1805 2541 fuit
1826 2494 1910 2541 SS.
1939 2493 1992 2539 D.
2028 2490 2086 2539 N.

309 2575 561 2634 Jacobum,
587 2577 871 2640 magistrum
894 2578 1065 2626 domus
1087 2578 1202 2626 olim
1223 2577 1478 2626 cardinalis
1497 2575 1755 2635 Valentini,
1780 2575 1860 2638 qui
1878 2573 2084 2632 veneriS,

313 2660 368 2704 12
395 2660 635 2722 presentis
663 2662 843 2709 mensis
870 2662 994 2726 julii,
1024 2661 1138 2709 dum
1168 2660 1505 2709 consistorium
1533 2659 1795 2708 haberetur
1822 2662 2081 2717 secretum,

308 2742 455 2789 iverat
488 2759 574 2806 per
603 2744 735 2792 aulas
770 2746 931 2809 palatii
966 2745 1258 2803 solaciando,
1296 2760 1350 2792 ac
1385 2744 1423 2791 si
1459 2742 1576 2790 nihil
1610 2748 1738 2791 esset
1767 2747 1980 2799 acturus,
2018 2745 2083 2799 et,

306 2824 441 2871 finito
487 2826 796 2885 consistorio,
845 2843 1023 2890 equum
1069 2832 1254 2875 secrete
1297 2825 1605 2883 ascenderat,
1653 2823 1953 2872 velocissime
2000 2837 2087 2885 per

305 2911 467 2969 portas
494 2908 644 2956 iturus
666 2910 725 2956 ad
753 2915 1009 2972 patronum
1037 2925 1192 2968 suum,
1227 2908 1422 2956 nomine
1453 2906 1714 2963 Pontificis,
1745 2921 1856 2954 cum
1886 2903 2084 2952 secretis

306 2993 352 3039 et
372 2990 671 3052 nunciandis,
704 2997 897 3056 captum
925 3008 1032 3041 esse
1053 2991 1308 3041 Mediolani
1336 3007 1422 3055 per
1450 2989 1622 3038 ducem
1650 2994 1697 3038 et
1727 2988 2079 3046 examinatum3

305 3075 352 3120 et
373 3073 535 3122 omnia
555 3080 743 3124 secreta
763 3075 870 3124 duci
893 3092 999 3124 esse
1018 3075 1289 3139 propalata;
1315 3090 1400 3138 pro
1427 3073 1599 3136 quibus
1623 3072 1839 3121 turbatus
1864 3070 2083 3120 Pontifex

303 3154 414 3203 fecit
434 3161 595 3220 portas
618 3159 757 3207 Urbis
779 3159 933 3207 claudi
956 3164 1004 3207 et
1025 3157 1274 3217 custodiri,
1300 3161 1345 3205 et
1367 3155 1497 3220 quod
1516 3155 1675 3204 nullus
1695 3155 1926 3219 deinceps
1948 3153 2084 3203 emit-

304 3242 485 3287 teretur
508 3240 608 3289 sine
635 3241 830 3291 licentia
851 3241 1204 3307 gubernatoris.
1237 3243 1446 3288 Fuerant
1471 3243 1632 3287 autem
1664 3239 1845 3287 familia
1871 3236 1994 3286 Rmi.
2021 3239 2078 3285 D.

302 3320 675 3372 vicecancellarii
705 3331 753 3373 et
783 3330 943 3374 orator
974 3324 1106 3373 ducis
1128 3322 1385 3372 Mediolani
1417 3321 1476 3370 de
1504 3322 1752 3386 premissis
1786 3337 1872 3386 per
1897 3320 2080 3368 litteras

300 3403 449 3466 ipsius
477 3407 611 3454 ducis
634 3409 821 3467 moniti,-
853 3425 968 3472 quas
995 3408 1090 3456 hoc
1118 3424 1258 3456 mane
1284 3406 1353 3455 vcl
1376 3405 1504 3454 circa
1530 3406 1659 3454 dicm
1688 3407 2000 3469 receperant3
2033 3404 2081 3450 et
