2222 3926
294 326 363 361 316
923 321 1156 358 JOHANNIS
1190 321 1486 366 BURCHARDI,
1839 322 1948 360 [Aout
1972 323 2066 364 1496]

295 429 498 489 quatuor
519 424 706 472 clericis
730 423 1080 472 committeret:
1106 423 1283 486 placuit
1301 422 1594 469 Excellentie
1618 413 1702 468 5110
1721 425 1769 469 et
1790 422 1917 483 quod
1938 423 2069 472 dein-

291 524 403 573 ceps
413 508 709 572 perclericos
722 507 859 555 fieret
873 506 1123 554 ordinavit.
1140 504 1500 567 Presbyterium
1515 503 1603 550 fuit
1617 503 1857 567 tapetibus
1868 519 2067 569 cooper-

292 597 391 640 tum
414 593 508 639 sive
532 595 733 638 stratum
759 607 767 636 :
793 589 980 636 nobiles
1002 587 1136 633 ducis
1169 591 1216 633 et
1243 586 1320 633 alii
1343 601 1511 634 omnes
1531 590 1766 635 steterunt
1785 587 1835 634 in
1863 587 2068 637 ecclesia

293 680 427 723 extra
446 673 687 721 tribunam
709 672 870 718 altaris
893 670 1109 733 maj0riS,
1131 669 1302 732 prelati
1330 684 1443 717 vero
1466 684 1636 717 omnes
1658 669 1706 717 in
1728 675 1931 733 quatuor
1949 670 2068 718 ban-

292 757 396 804 chis
428 755 551 802 infra
580 754 935 819 presbyterium
960 753 1005 800 in
1040 753 1242 815 longum
1264 752 1488 811 ecclesie,
1513 753 1562 800 in
1586 753 1807 817 opposito
1830 758 2065 814 oratores,

291 838 458 903 positis
490 838 723 901 spalleriis
753 838 850 885 sive
885 835 1200 884 banchalibus
1231 836 1471 899 coopertis
1505 840 1632 884 retro
1662 837 1891 901 legatum·
1909 843 1955 886 et
1986 838 2070 886 du-

290 938 396 971 cem
417 939 426 981 3
452 921 607 985 posita
627 921 820 968 fuerunt
841 919 985 983 pallia
1004 935 1091 983 pro
1111 923 1299 967 ornatu.
1328 921 1534 982 Legatus
1558 921 1725 968 habuit
1749 921 1838 968 sub
1867 921 2068 983 genibus

291 1005 536 1053 cussinum
569 1020 785 1064 aureum,
813 1008 860 1051 et
894 1003 1021 1050 aliud
1053 1003 1140 1050 sub
1174 1002 1383 1050 brachiis
1415 1007 1462 1051 et
1489 1003 1697 1067 des-uper
1725 1006 1949 1065 missale;
1975 1006 2070 1056 dux

290 1090 537 1138 cussinum
561 1092 748 1136 tantum
772 1086 943 1134 habuit
964 1087 1052 1134 sub
1072 1086 1291 1149 genibus.

354 1173 509 1220 Finita
529 1172 694 1230 missa,
710 1171 898 1234 legatus
919 1170 1047 1217 dedit
1070 1169 1460 1218 benedictionem
1479 1171 1747 1220 solemnem
1764 1173 1813 1221 in
1835 1191 1922 1222 suo
1936 1174 2063 1235 1000,

290 1272 433 1304 011100
463 1271 545 1304 5110
566 1260 677 1304 ante
701 1270 810 1303 eum
837 1253 1010 1318 posita,
1037 1256 1084 1301 et
1113 1252 1436 1316 indulgentias
1468 1254 1672 1303 duorum
1694 1272 1930 1305 annorum
1952 1275 2069 1322 quas
2125 1250 2138 1263 ‘

291 1356 435 1389 nemo
458 1339 731 1403 publicavit,
757 1338 869 1401 quia
896 1341 1116 1385 cantores
1146 1337 1429 1399 inceperunt
1457 1339 1616 1386 statim
1646 1341 1903 1402 quamdam
1932 1358 2070 1391 suam

274 1422 697 1486 >compositionem
720 1425 930 1469 cantare.
957 1420 1152 1467 Interim
1175 1420 1497 1469 ascenderunt
1525 1437 1673 1485 equos
1695 1425 1882 1487 legatus
1906 1431 1953 1473 et
1974 1426 2069 1474 dux

294 1512 341 1555 et
371 1506 449 1554 alii
482 1522 668 1563 omnes,
704 1509 750 1553 et
783 1505 1033 1553 redierunt
1065 1504 1190 1551 unde
1232 1508 1480 1552 venerant.
1514 1507 1679 1568 Neque
1719 1507 1876 1554 eundo
1912 1524 2068 1571 neque

293 1589 540 1637 redeundo
569 1588 665 1635 dux
696 1588 839 1636 voluit
874 1588 1088 1650 equitare
1119 1602 1229 1635 cum
1261 1587 1440 1650 legatO,
1468 1587 1553 1635 sed
1585 1589 1851 1637 observavit
1881 1606 2068 1639 morem

294 1687 451 1730 suum,
474 1671 700 1734 equitavit
732 1670 921 1718 medius
952 1670 1079 1718 inter
1108 1673 1326 1717 oratores
1356 1670 1742 1717 Florentinorum
1774 1687 1801 1718 a
1822 1671 2002 1720 dextris
2023 1677 2070 1721 et

294 1755 429 1803 ducis
461 1755 680 1802 Ferrarie
709 1770 736 1802 a
763 1754 964 1801 sinistris
996 1758 1106 1802 ante
1137 1770 1332 1803 crucem
1362 1754 1527 1817 legati,
1553 1758 1662 1802 ante
1698 1770 1748 1801 se
1782 1754 1967 1803 habens
1999 1757 2070 1805 sui

295 1838 424 1886 ensis
445 1840 740 1901 portatorem
762 1837 841 1899 qui
861 1836 991 1884 illam
1014 1836 1234 1899 portabat
1262 1837 1311 1883 in
1339 1836 1510 1899 vagina
1530 1852 1617 1900 per
1637 1838 1894 1899 manicam,
1919 1855 2072 1903 punc-

294 1924 391 1968 tam
424 1920 472 1966 in
493 1935 684 1967 sursum
706 1919 946 1979 trahente,
969 1925 1019 1968 ut
1040 1921 1188 1968 moris
1211 1926 1300 1981 est,
1327 1926 1374 1970 et
1394 1922 1480 1969 soli
1502 1923 1602 1986 regi
1624 1923 1938 1986 Neapolitano
1961 1940 2072 1988 por-

294 2007 421 2052 tatur
441 2003 585 2051 modo
608 2003 868 2051 contrario.
895 2006 1008 2052 Post
1036 2005 1229 2064 ducem,
1256 2005 1399 2052 etiam
1421 2011 1531 2054 ante
1555 2021 1767 2065 crucem,
1793 2007 2072 2069 equitabant

294 2088 387 2135 duo
411 2091 628 2135 oratores
648 2087 869 2135 videlicet
890 2087 1017 2150 regis
1037 2088 1337 2151 Neapolitani
1361 2093 1410 2137 et
1427 2092 1743 2150 Venetorum,
1767 2095 1875 2139 ante
1898 2091 2070 2139 ducem

292 2187 425 2230 ver0,
450 2186 615 2219 comes
637 2171 926 2229 CaiacensiS,
950 2172 1006 2217 D.
1034 2170 1275 2219 Galeatius
1291 2172 1436 2220 frater
1458 2189 1589 2232 suus,
1608 2176 1664 2220 D.
1692 2176 1895 2222 Hermes
1917 2190 2068 2238 nepos

295 2254 430 2301 ducis
465 2270 584 2317 quos
614 2254 908 2318 precedebat
928 2255 1108 2302 familia
1127 2255 1294 2318 legati,
1319 2259 1425 2318 post
1453 2271 1588 2303 suam
1620 2260 1666 2303 et
1695 2261 1805 2304 ante
1839 2256 2069 2304 familiam

278 2338 438 2403 >legati
462 2338 595 2385 ibant
618 2338 697 2385 alii
722 2338 905 2386 nobiles
928 2342 975 2386 et
997 2338 1197 2386 curiales
1227 2338 1379 2385 ducis.
1405 2341 1518 2386 Post
1538 2339 1752 2402 legatum
1773 2355 1883 2388 vero
1901 2340 2070 2404 prelati

295 2429 343 2468 et
364 2421 440 2468 alii
463 2421 609 2484 legati
640 2421 802 2468 clerici
824 2425 1011 2469 tantum
1035 2439 1044 2481 ;
1069 2422 1343 2469 nullatenus
1373 2426 1533 2469 tamen
1561 2423 1711 2470 laicus
1737 2439 1746 2470 1
1770 2428 1816 2471 et
1842 2424 1965 2470 inter
1988 2439 2071 2471 eos

295 2504 373 2552 ille
406 2504 522 2551 ordo
558 2504 899 2553 observabatur
929 2507 1009 2568 qui
1043 2506 1129 2553 fuit
1159 2506 1206 2552 in
1243 2505 1463 2568 ingressu
1492 2505 1638 2568 legati
1669 2506 1718 2553 in
1747 2507 2070 2555 Mediolanum

296 2588 590 2636 observatus.

364 2672 634 2732 Dominica,
661 2675 720 2720 28
743 2672 949 2735 augusti,
974 2671 1161 2734 legatus
1185 2676 1232 2718 et
1253 2671 1346 2718 dux
1368 2687 1478 2719 011111
1500 2672 1769 2720 oratoribus
1798 2674 2071 2736 equitarunt

295 2756 355 2802 ad
375 2755 724 2804 monasterium
752 2755 1033 2803 monialium
1056 2771 1094 2801 5.
1117 2754 1388 2817 Augustini,
1411 2756 1546 2817 cujus
1574 2756 1814 2804 abbatissa
1838 2761 1910 2804 est
1935 2773 2072 2805 soror

296 2838 449 2897 ducis,
474 2838 721 2901 illegitime
744 2843 905 2886 tamen
929 2838 1107 2901 genita,
1134 2841 1181 2884 et
1201 2841 1312 2884 sunt
1334 2837 1383 2884 in
1412 2853 1469 2884 eo
1491 2838 1682 2886 circiter
1704 2843 1898 2887 centum
1920 2843 1967 2887 et
1988 2840 2070 2887 tri—

297 2921 429 2984 ginta
447 2921 681 2968 moniales
703 2922 919 2984 professe
944 2920 1260 2968 observantie.
2058 2908 2060 2910 ¹

362 3003 470 3050 Fuit
491 3003 619 3051 dicta
640 3004 788 3051 missa
809 3007 856 3050 ut
880 3003 986 3051 heri
1012 3019 1122 3050 cum
1145 3002 1422 3050 cantoribus
1443 3007 1490 3050 et
1509 3002 1785 3050 faldistoriis
1800 3019 1888 3067 pro
1910 3005 2071 3068 legato

298 3091 346 3133 et
374 3087 516 3146 duce,
540 3091 586 3134 ut
618 3087 723 3134 heri
756 3103 842 3150 pro
877 3087 1176 3135 oratoribus:
1201 3102 1312 3134 vero
1340 3086 1496 3149 posita
1527 3086 1617 3133 alia
1651 3086 1914 3135 faldistoria
1945 3089 2072 3137 intra

296 3170 647 3233 presbyterium
679 3186 766 3232 per
793 3171 1009 3233 longum,
1043 3170 1103 3217 ad
1134 3169 1376 3218 sinistram
1404 3169 1623 3216 intrantis
1644 3173 1691 3217 et
1712 3170 1773 3217 ad
1801 3170 2067 3228 dexteram,

298 3268 495 3300 scamna
524 3269 610 3316 pro
642 3253 835 3316 prelatis
874 3253 921 3300 in
960 3258 1284 3301 transversum
1314 3252 1363 3299 in
1392 3253 1711 3316 presbyteriO,
1736 3258 1782 3301 et
1803 3253 2002 3300 inferius
2023 3254 2070 3300 in

297 3335 439 3399 plano
476 3351 561 3398 per
588 3336 786 3399 longum
825 3337 963 3384 datus
1003 3337 1137 3383 locus
1179 3341 1288 3384 ante
1326 3335 1523 3384 unicum
1570 3351 1836 3384 scammum
1871 3336 2069 3398 longum

298 3418 458 3470 comiti
488 3419 752 3478 Caiacensi,
786 3423 842 3467 D.
877 3419 1088 3468 Galeatio
1124 3424 1171 3466 et
1204 3419 1312 3466 aliis
1346 3418 1607 3483 majoribus
1642 3419 1902 3466 baronibus
1926 3417 2069 3481 ‘ducis
