2248 3906
211 308 551 351 [Septembre1497]
658 307 827 346 RERUM
861 307 1164 346 URBANARUM
1194 307 1544 347 COMMENTARII.
1928 312 1996 347 405

212 411 352 460 dictis
370 412 520 460 tribus
542 411 677 460 altari
700 414 747 460 et
774 410 1006 460 cardinali
1030 411 1375 475 propinquiori,
1402 417 1449 461 et
1474 411 1658 476 primus
1680 427 1850 460 eorum
1873 413 1994 462 sedit

209 493 257 542 in
294 495 448 558 capite
479 495 604 543 illius
628 495 766 558 juxta
794 509 1013 553 murum3
1050 494 1127 542 alii
1158 495 1205 543 in
1239 495 1343 543 aliis
1377 495 1550 544 eodem
1584 495 1770 544 ordine.
1796 498 1988 545 Fratres

207 584 431 628 cantores
457 579 730 628 habuerunt
758 579 996 644 pulpitum
1024 583 1159 628 extra
1187 578 1363 627 dictam
1392 577 1627 642 capellam
1660 582 1770 627 ante
1801 579 1994 628 cancel-

206 662 306 710 lum
342 663 525 727 capelle
558 663 778 711 Gulielmi
807 663 1048 722 Durantis,
1078 662 1393 727 speculatoris
1422 661 1638 726 episcopi
1659 662 1987 722 Mimatensis;

206 745 454 794 credentia
473 746 630 810 posita
652 745 739 794 fuit
759 746 808 793 in
830 745 1005 809 angulo
1027 745 1152 794 dicte
1175 744 1359 808 capelle
1378 745 1439 793 ad
1463 745 1713 794 dexteram
1735 745 1956 794 intrantis
1978 763 1988 806 ;

205 829 297 878 alia
323 846 459 878 more
481 830 640 878 solito.
665 832 778 878 Post
806 829 1064 877 adventum
1092 828 1349 877 cardinalis
1378 832 1426 877 et
1450 830 1771 892 prefatorum,
1797 830 1990 893 quidam

205 913 353 962 frater
371 917 632 962 conventus
654 913 865 961 Minerve
892 912 1072 976 incepit
1103 912 1152 960 in
1181 912 1388 960 ambone
1410 912 1601 976 publico
1630 913 1809 978 populo
1830 914 1991 977 predi-

207 1012 336 1057 care,
362 1013 507 1060 quem
534 997 593 1046 de
624 996 747 1045 scitu
775 995 1032 1044 cardinalis
1057 995 1286 1043 admonui
1315 995 1990 1065 ad·suspendenduml1ujus-

207 1081 335 1128 modi
359 1095 635 1129 sermonem
655 1095 808 1143 usque
831 1079 892 1128 ad
905 1079 1186 1142 prandium;
1218 1079 1348 1142 quod
1377 1078 1479 1142 ipse
1509 1095 1623 1143 egre
1644 1080 1991 1148 ferens-tamen

205 1164 333 1213 fecit.
355 1167 643 1228 Inceperunt
663 1163 836 1212 deinde
860 1163 1030 1212 fratres
1056 1162 1220 1211 tertias
1247 1162 1392 1210 horas
1421 1178 1538 1225 quas
1565 1179 1663 1211 non
1683 1164 1818 1228 potui
1840 1165 1990 1214 inter-

207 1262 458 1312 rumpere3
491 1247 743 1296 honestius
775 1246 867 1294 illis
904 1246 1040 1294 citius
1078 1246 1326 1294 dixissem.
1361 1246 1530 1295 Finitis
1557 1247 1727 1309 tertiis,
1765 1249 1990 1298 fecerunt

203 1331 569 1394 processionem
600 1334 734 1379 extra
770 1329 1027 1378 ecclesiam
1064 1344 1210 1392 quam
1243 1328 1456 1392 prefatus
1490 1330 1765 1394 episcopus,
1796 1332 1986 1396 pluviali

204 1432 352 1480 super
382 1416 689 1464 dalmaticam
722 1418 915 1478 paratus
949 1430 1060 1462 cum
1091 1413 1252 1473 mitra,
1277 1412 1572 1477 precedente
1605 1413 1762 1477 ipsum
1794 1415 1988 1464 subdia-

204 1515 345 1560 cono,
384 1503 430 1548 et
461 1499 717 1547 assistente
739 1498 788 1546 in
810 1497 1148 1562 superpellicio
1178 1513 1206 1545 a
1227 1497 1406 1545 dextris
1435 1500 1481 1545 et
1503 1497 1707 1546 diacono
1730 1515 1758 1548 a
1780 1501 1986 1549 sinistris

200 1584 359 1648 ipsum
388 1582 729 1632 comitantibus
761 1586 809 1631 et
835 1582 1138 1646 aurifrigium
1162 1580 1276 1629 hinc
1306 1580 1417 1629 inde
1450 1581 1762 1644 elevantibus,
1797 1583 1985 1634 duobus

202 1666 464 1730 capellanis
492 1667 540 1714 in
568 1666 917 1730 superpelliciis
942 1664 1165 1729 (quorum
1195 1680 1319 1712 unus
1342 1664 1571 1714 tobaliam
1601 1666 1660 1714 ad
1691 1667 1869 1717 collum
1897 1684 1985 1733 pro

201 1749 341 1797 mitra
360 1748 586 1814 habebat)
611 1749 769 1812 ipsum
797 1748 1129 1812 sequentibus,
1155 1751 1385 1811 sequutus
1407 1752 1497 1796 est.
1524 1749 1788 1799 Cardinalis
1809 1752 1986 1800 mansit

198 1832 247 1880 in
284 1833 468 1896 capella
499 1832 717 1896 predicta
749 1848 860 1880 cum
890 1831 1105 1896 prelatis.
1137 1831 1293 1879 Finita
1324 1831 1656 1894 processione,
1687 1834 1882 1899 incepta
1912 1841 1986 1884 est

202 1918 351 1966 missa
387 1918 446 1967 de
485 1918 608 1965 festo
649 1918 830 1982 absque
871 1916 1030 1979 aliqua
1068 1915 1564 1974 commemoratione3
1608 1921 1655 1965 et
1694 1917 1810 1978 alia,
1847 1934 1984 1968 more

201 2002 361 2050 solito.
383 2004 433 2049 In
458 2001 571 2062 fine,
597 2002 848 2051 celebrans
875 1999 1121 2049 benedixit
1152 2003 1199 2048 et
1223 2014 1321 2048 non
1339 1999 1596 2064 publicavit
1617 2000 1801 2064 aliquas
1823 2001 1982 2050 indul-

204 2085 408 2148 gentias,
443 2085 552 2149 quia
581 2089 691 2134 sunt
717 2084 933 2149 plenarie
953 2100 1042 2148 per
1060 2082 1240 2131 bullam
1265 2082 1526 2131 Alexandri
1546 2086 1609 2133 VI
1637 2082 1696 2141 (si
1724 2088 1856 2133 recte
1879 2101 1984 2134 me-

201 2167 336 2227 mini)
365 2183 614 2228 concesse,
644 2168 740 2218 sive
768 2169 872 2232 ejus
894 2167 1034 2231 copia
1056 2171 1160 2216 erat
1181 2167 1229 2215 in
1250 2166 1392 2215 valvis
1415 2166 1540 2216 dicte
1564 2167 1768 2218 ecclesie
1790 2169 1980 2233 publice

197 2251 359 2301 affixa.

266 2337 405 2387 Feria
439 2337 622 2402 quinta,
658 2340 714 2384 14
743 2335 1047 2400 septembriS,
1077 2334 1207 2383 circa
1235 2334 1453 2398 quintam
1483 2335 1655 2384 horam
1683 2336 1858 2396 noctiS‚
1891 2338 1977 2386 SS.

200 2423 257 2470 D.
283 2426 465 2480 noster,
493 2425 663 2470 vocato
691 2419 751 2468 ad
775 2435 826 2469 se
854 2422 908 2468 R.
933 2419 981 2467 in
1007 2419 1195 2468 Christo
1223 2422 1275 2468 P.
1308 2422 1364 2468 D.
1394 2420 1737 2470 Bartholomeo
1768 2420 1977 2479 Florid0,

196 2504 563 2569 archiepiscopo
594 2503 872 2563 Cusentino‚
895 2503 1157 2552 secretario
1186 2518 1290 2563 suc,
1317 2519 1429 2552 eum
1458 2504 1563 2568 capi
1593 2503 1726 2563 fecit,
1749 2508 1796 2553 et
1818 2519 1982 2553 carce-

194 2589 330 2638 ribus
363 2588 505 2638 castri
539 2604 578 2635 s.
611 2586 782 2650 Angeli
821 2590 868 2635 et
905 2586 1067 2634 Turris
1101 2588 1238 2634 None
1278 2587 1546 2651 respective
1584 2586 1848 2650 mancipari
1883 2590 1979 2636 tres

199 2672 454 2721 servitores
495 2671 608 2720 dicti
647 2669 1016 2734 archiepiscopi,
1047 2669 1300 2719 videlicet:
1332 2671 1605 2719 Johannem
1637 2670 1975 2731 Benedictum,

197 2755 342 2804 etiam
371 2755 529 2819 ipsum
559 2753 879 2804 camerarium
908 2769 1067 2814 suum,
1103 2753 1276 2802 deinde
1300 2754 1446 2803 etiam
1468 2754 1629 2818 ipsum
1650 2754 1978 2819 archiepisco-

195 2855 310 2903 pum
331 2854 418 2903 per
444 2836 879 2887 deambulatorIum
907 2837 1037 2900 quod
1063 2836 1112 2884 in
1138 2853 1278 2887 muro
1304 2841 1374 2887 est
1403 2837 1529 2886 inter
1556 2837 1738 2886 dictum
1767 2843 1976 2887 castrum

191 2926 238 2971 et
277 2923 507 2987 palatium
540 2922 875 2987 apostolicum,
910 2921 1130 2970 custodia
1159 2921 1272 2970 dicti
1305 2921 1468 2986 palatii
1504 2925 1552 2970 et
1589 2921 1878 2985 quibusdam
1918 2940 1976 2971 ex

195 3005 334 3053 dictis
355 3006 578 3070 gentibus
605 3006 666 3055 ad
689 3006 870 3054 dictum
897 3010 1110 3054 castrum
1138 3005 1249 3054 duci
1270 3009 1317 3056 et
1346 3006 1392 3053 in
1423 3021 1481 3055 eo
1505 3006 1692 3055 cautius
1720 3006 1970 3055 custodiri.

195 3087 499 3137 Intellexerat
513 3091 643 3138 enim
659 3089 897 3139 Sanctitas
914 3105 1000 3138 sua
1013 3089 1285 3153 predictum
1306 3090 1624 3138 secretarium
1646 3090 1798 3137 multa
1811 3089 1976 3138 brevia

193 3170 523 3220 fraudulenter
551 3178 599 3222 et
621 3173 787 3222 dolose
816 3189 904 3237 per
937 3172 1104 3220 falsam
1126 3188 1294 3222 eorum
1324 3172 1675 3222 continentiam
1702 3177 1748 3221 et
1777 3173 1973 3222 relatio-

193 3269 323 3313 nem,
347 3258 511 3317 preter
531 3254 704 3304 scitum
726 3261 773 3307 et
795 3257 1086 3306 voluntatem
1108 3257 1344 3322 ejusdem,
1370 3258 1668 3322 expedivisse
1691 3258 1759 3318 (1)
1783 3275 1838 3308 ac
1859 3275 1974 3324 que-

241 3440 273 3477 1.
304 3439 395 3488 Voy.
420 3439 512 3477 dans
534 3438 719 3476 Infessura
740 3441 903 3488 (Eccard)
928 3453 996 3477 une
1016 3440 1138 3478 affaire
1159 3441 1340 3489 analogue
1362 3441 1407 3489 (c.
1432 3441 1555 3489 1991).
