2202 3926
294 338 340 375 90
901 334 1135 373 JOHANNIS
1169 332 1464 379 BURCHARDI,
1850 337 1964 376 [Mars
1986 338 2080 380 1494]

299 438 472 488 deinde
495 437 586 486 illis
609 436 697 486 sibi
718 451 807 500 per
827 439 1017 486 Rmum.
1045 439 1100 484 D.
1127 437 1418 484 cardinalem
1448 436 1601 484 sancti
1623 434 1837 501 Dionysii
1860 438 2076 490 celebra-

291 527 451 575 turum
480 521 735 586 impositis,
774 523 902 584 Papa
932 521 1088 569 eidem
1119 520 1347 569 cardinali
1383 524 1428 566 et
1459 519 1563 566 aliis
1595 519 1817 568 omnibus
1848 521 2074 586 imposuit

294 624 431 658 more
463 610 695 655 consueto
727 622 736 653 :
768 620 942 668 aquam
971 602 1271 660 ministravit,
1302 601 1524 649 manibus
1553 602 1776 666 propriis,
1805 609 1914 668 post
1942 605 2075 654 cine-

294 706 399 739 rum
441 688 845 746 distributionem,
889 685 1082 749 quidam
1129 684 1302 731 nobilis
1343 683 1402 731 de
1443 683 1764 748 PerpignanO,
1806 688 1882 736 cui
1920 705 2077 753 nuper

289 776 453 824 locum
476 773 535 821 ad
557 771 733 835 gradus
756 769 861 817 solii
880 769 938 816 de
960 767 1187 815 mandato
1209 783 1332 831 pape
1355 766 1584 816 dederam
1609 785 1619 816 ε
1646 770 1809 819 omnia
1828 772 1921 821 alia
1940 789 2075 823 more

291 858 430 907 solito
453 859 590 920 gesta
611 858 736 902 sunt.
758 855 814 900 D.
840 851 1173 914 MarquarduS,
1199 854 1363 899 orator
1383 851 1512 915 regis
1533 854 1881 914 Romanorum,
1906 855 2073 906 habuit
2147 899 2153 904 .

290 942 465 990 iterum
491 939 701 1004 primum
727 937 890 985 locum
921 935 1024 983 sine
1057 935 1403 999 cujuscumque
1435 937 1817 987 contradictione
1847 955 1858 987 :
1890 955 2076 988 sermo-

291 1039 405 1073 nem
427 1023 543 1072 fecit
563 1026 618 1070 R.
641 1025 698 1070 D.
722 1018 954 1083 AngeIUS,
980 1017 1376 1083 archiepiscopus
1396 1019 1707 1069 Viennensis,
1733 1021 1891 1070 Finita
1910 1022 2075 1083 missa,

291 1109 373 1157 SS.
414 1110 471 1155 D.
515 1109 593 1166 N.,
636 1121 713 1154 me
755 1103 1071 1167 supplicante,
1109 1102 1350 1151 concessit
1384 1103 1524 1152 nobis
1558 1105 1745 1154 clericis
1774 1107 2077 1157 ceremonia-

287 1207 392 1240 rum
420 1195 467 1238 et
496 1188 770 1238 cantoribus
804 1190 851 1236 et
877 1186 981 1234 aliis
1010 1186 1069 1235 de
1098 1187 1283 1251 capella
1314 1203 1398 1235 sua
1428 1188 1765 1250 existentibus,
1794 1191 2071 1241 facultatem

287 1274 492 1339 eligendi
521 1273 868 1331 confessorem,
900 1270 981 1334 qui
1008 1285 1097 1319 nos
1127 1270 1186 1319 ab
1218 1271 1442 1320 omnibus
1471 1272 1703 1333 absolvat,
1735 1278 1782 1322 et
1808 1275 2074 1339 plenariam

286 1358 635 1422 indulgentiam
658 1362 705 1405 et
726 1355 1066 1405 remissionem
1088 1355 1354 1420 impendat,
1387 1361 1433 1405 et
1462 1357 1591 1420 quod
1613 1358 1846 1408 visitando
1875 1359 2077 1424 singulis

288 1443 456 1491 diebus
491 1442 639 1490 altare
670 1441 826 1504 majus
857 1439 1053 1487 basilice
1086 1438 1237 1486 sancti
1271 1440 1399 1488 Petri
1428 1455 1788 1504 consequamur
1816 1442 2073 1507 indulgen-

287 1527 375 1575 tias
398 1526 678 1582 stationum,
702 1523 831 1586 q'uod
852 1526 899 1571 et
920 1522 1206 1586 quibusdam
1225 1522 1501 1570 cantoribus
1524 1523 1698 1573 deinde
1721 1525 2003 1589 significavi.

352 1609 602 1658 Dominica
635 1608 791 1672 prima
823 1606 1211 1670 quadragesime,
1243 1609 1299 1653 16
1333 1606 1445 1654 dicti
1478 1608 1679 1669 mensis,
1718 1612 1772 1656 R.
1811 1609 1860 1657 in
1883 1611 2074 1660 Christo

283 1697 335 1742 P.
367 1696 423 1741 D.
458 1693 752 1757 Stephanus,
787 1691 1181 1754 archiepiscopus
1206 1691 1509 1739 Patracensis
1529 1695 1576 1740 et
1597 1692 1853 1757 episcopus
1875 1695 2071 1743 Torcel-

283 1776 443 1837 lanus,
481 1779 565 1825 SS.
602 1779 660 1824 D.
695 1778 752 1824 N.
788 1790 911 1839 pape
946 1773 1194 1834 assistenS,
1232 1773 1494 1835 celebravit,
1520 1775 1719 1824 missam
1751 1774 1992 1840 publicam
2022 1776 2070 1824 in

283 1861 470 1925 capella
510 1859 801 1924 supradicta,
846 1861 974 1923 Papa
1012 1861 1255 1923 presente.
1303 1859 1588 1907 Sermonem
1628 1858 1744 1908 fecit
1781 1861 2068 1923 procurator

285 1944 465 1992 ordinis
486 1943 842 2008 predicatorum
863 1959 872 2002 ;
899 1946 945 1990 et
965 1943 1057 1991 alia
1077 1942 1240 1991 omnia
1261 1941 1511 1991 observata
1532 1946 1644 1992 sunt
1664 1958 1799 1991 more
1822 1943 1979 1992 solit0.

347 2027 600 2076 Dominica
618 2027 832 2076 secunda
850 2027 1238 2091 quadragesime,
1261 2030 1319 2076 23
1340 2026 1454 2075 dicti
1472 2027 1655 2075 mensis
1673 2027 1916 2087 februarii,
1941 2031 1996 2076 R.
2022 2028 2070 2076 in

284 2111 471 2159 Christo
494 2113 546 2158 P.
573 2113 630 2158 D.
657 2112 947 2174 Stephanus,
974 2111 1230 2175 episcopus
1251 2110 1579 2170 CathacensiS,
1600 2112 1859 2160 celebravit
1873 2112 2070 2160 missam

282 2195 524 2260 publicam
562 2196 611 2243 in
650 2195 836 2259 capella
872 2195 1161 2259 supradicta,
1202 2198 1248 2241 et
1287 2194 1337 2240 in
1379 2193 1596 2241 oratione
1632 2194 1750 2242 dixit
1785 2210 1795 2241 ε
1829 2210 1857 2241 α
1889 2195 2068 2241 cunctis

282 2279 496 2343 apostolis
525 2279 670 2326 Petro
704 2286 750 2325 et
778 2279 935 2326 Paulo
969 2285 1015 2325 et
1045 2278 1171 2324 beato
1203 2275 1394 2334 Jacobo,
1432 2276 1545 2338 quia
1575 2275 1644 2324 sic
1675 2280 1779 2324 erat
1808 2276 1857 2323 in
1885 2275 2069 2324 missali

284 2363 413 2426 quod
434 2363 582 2411 abbas
612 2366 778 2410 noster
805 2361 894 2408 sibi
916 2360 1133 2419 dederat,
1157 2359 1282 2408 male
1308 2365 1467 2408 tamen
1489 2359 1597 2409 fuit.
1627 2362 1711 2409 SS.
1744 2363 1801 2408 D.
1832 2362 1888 2408 N.
1920 2359 2069 2408 inter-

283 2447 372 2495 fuit
411 2462 547 2495 more
588 2445 746 2494 solito.
788 2447 1074 2494 Sermonem
1114 2445 1226 2493 fecit
1262 2449 1547 2509 procurator
1587 2445 1768 2493 ordinis
1804 2445 2064 2493 minorum.

284 2534 408 2579 Dum
440 2530 641 2595 epistole
678 2530 956 2578 dicerentur
989 2545 1045 2578 ex
1072 2529 1269 2593 speciali
1297 2531 1381 2578 SS.
1418 2532 1475 2577 D.
1506 2529 1660 2578 nostri
1694 2528 1920 2577 mandato
1958 2528 2068 2576 dedi

281 2615 443 2663 locum
463 2614 590 2662 inter
612 2614 823 2677 prelatos
845 2613 1124 2661 assistentes
1148 2616 1201 2660 R.
1234 2613 1282 2660 in
1314 2613 1505 2661 Christo
1528 2615 1580 2661 P.
1607 2615 1663 2661 D.
1690 2612 1915 2671 Johanni,
1941 2611 2069 2676 epis-

282 2713 404 2762 copo
428 2697 798 2762 Portugallensi,
825 2696 904 2760 qui
926 2697 984 2744 ab
1006 2696 1109 2744 aliis
1129 2696 1463 2745 assistentibus
1478 2701 1529 2745 ut
1548 2697 1655 2745 talis
1671 2699 1892 2760 receptus
1910 2695 1999 2743 fuit
2021 2699 2068 2744 et

283 2781 538 2830 admissus.
563 2781 668 2828 Alia
688 2780 851 2828 omnia
871 2780 1124 2828 observata
1145 2784 1255 2829 sunt
1275 2795 1410 2828 more
1433 2780 1591 2828 solito.

353 2863 491 2912 Feria
511 2863 669 2923 tertia,
702 2867 761 2911 25
784 2864 963 2911 mensis
991 2864 1237 2923 februarii,
1265 2866 1319 2910 R.
1351 2863 1400 2910 in
1422 2863 1611 2911 Christo
1632 2866 1684 2911 P.
1711 2866 1769 2911 D.
1799 2864 2063 2922 Johannes,

287 2947 680 3011 archiepiscopus
716 2946 1003 3008 Ragusinus,
1039 2946 1295 2995 celebravit
1315 2946 1513 2993 missam
1533 2945 1776 3009 publicam
1802 2946 1851 2992 in
1881 2945 2065 3009 capella

287 3030 563 3094 supradicta
594 3043 680 3092 pro
712 3028 949 3076 defunctis
984 3033 1031 3077 et
1060 3045 1147 3091 pro
1179 3028 1503 3076 anniversario
1537 3028 1689 3076 felicis
1717 3028 2069 3076 recordationis

290 3112 557 3161 Innocentii
591 3126 713 3175 pape
749 3113 854 3160 VIII
889 3111 962 3158 cui
994 3114 1122 3175 Papa
1159 3112 1337 3160 amictu
1372 3116 1419 3160 et
1450 3111 1644 3175 pluviali
1678 3112 1827 3161 rubeo
1865 3112 2070 3176 simplici

289 3197 484 3258 paratus
506 3192 722 3241 interfuit
743 3207 853 3240 cum
873 3192 1036 3239 multis
1058 3193 1398 3252 cardinalibus,
1425 3197 1469 3240 et
1491 3193 1540 3240 in
1559 3194 1655 3242 fine
1678 3195 1827 3245 misse
1849 3196 2067 3245 absolvit.

286 3276 393 3349 Alia
413 3276 575 3324 omnia
595 3275 847 3324 observata
868 3280 978 3323 sunt
999 3291 1134 3324 more
1156 3276 1314 3324 solito,

356 3359 610 3408 Dominica
626 3359 768 3408 tertia
788 3359 1174 3423 quadragesime,
1200 3363 1227 3406 2
1250 3360 1429 3420 martii,
1451 3364 1505 3409 R.
1526 3361 1575 3409 in
1589 3362 1778 3411 Christo
1792 3365 1843 3411 P.
1869 3365 1926 3411 D.
1952 3365 2069 3410 Bar-

297 3443 588 3502 tholomeUS,
613 3443 868 3507 episcopus
891 3442 1270 3506 SegobricensiS,
1287 3445 1371 3491 SS.
1388 3446 1443 3492 D.
1460 3445 1610 3493 nostri
1628 3447 1858 3510 magister
1871 3446 2061 3504 domus,
