2216 3886
157 309 368 351 [Decembre
392 308 482 349 1499]
602 306 771 343 RERUM
804 304 1107 343 URBANARUM
1139 305 1487 343 COMMENTARII.
1650 280 1653 283 ἢ
1866 308 1936 344 585

161 410 377 474 proxime
406 408 575 468 futuri,
603 407 787 471 primus
809 411 860 455 ut
880 407 1010 456 bulla
1037 407 1141 470 ipsa
1155 407 1368 470 jacebat,
1398 407 1518 455 alius
1538 422 1627 471 per
1646 407 1936 471 interpreta-

162 494 344 542 tionem
375 492 462 541 sub
492 491 651 540 verbis
683 491 853 540 italicis
878 490 1256 555 publicaverunt,
1290 490 1582 539 tubicinibus
1611 490 1792 550 multis,
1825 495 1935 540 ante

162 583 209 627 et
229 583 357 641 post,
385 575 764 641 publicationem
788 575 943 639 ipsam
969 573 1269 622 sonantibus.
1295 574 1403 623 Fuit
1424 577 1471 622 et
1491 573 1597 637 ipsa
1622 573 1767 632 bulla,
1790 589 1938 638 pran-

161 660 240 709 dio
262 660 436 709 deinde
467 661 681 724 peract0,
716 673 803 721 per
836 657 1287 722 interpretationem
1312 648 1540 715 italicam,
1572 659 1620 705 et
1649 656 1937 705 tubicinibus

161 748 271 793 ante
303 748 350 792 et
380 747 488 807 post
520 741 803 791 sonantibus
833 757 921 805 per
948 741 1205 789 officialem
1233 741 1373 789 Urbis
1394 740 1455 789 ad
1479 741 1574 789 hoc
1595 741 1869 790 ordinatum
1890 740 1938 788 in

160 828 297 886 locis,
322 827 402 875 ubi
424 827 583 875 banna
603 830 650 874 et
670 824 1076 889 proclamationes
1097 825 1289 888 publice
1314 824 1418 871 fieri
1440 829 1809 885 consueverunt,
1835 840 1940 872 om-

161 911 300 958 nibus
332 910 573 974 publicata
607 928 616 957 ε
653 909 790 972 cujus
820 908 1015 972 quidem
1045 908 1172 956 bulle
1207 913 1347 956 tenor
1374 908 1434 956 de
1468 907 1612 955 verbo
1649 907 1710 955 ad
1741 908 1938 956 verbum

162 995 377 1058 sequitur
396 998 444 1042 et
465 999 539 1042 est
559 993 666 1042 talis
693 1011 702 1040 ε

226 1079 500 1128 Alexander
523 1079 797 1143 episcopus,
828 1093 993 1126 servus
1021 1091 1267 1124 servorum
1295 1077 1401 1137 Dei,
1426 1076 1718 1126 adfuturam
1747 1075 1815 1124 rei
1836 1092 1941 1125 me-

134 1163 383 1222 rmoriam,
414 1163 540 1211 inter
573 1178 712 1210 curas
746 1161 1035 1225 multiplices
1066 1176 1160 1224 que
1190 1160 1329 1209 nobis
1361 1177 1420 1209 ex
1452 1161 1746 1225 apostolatus
1780 1160 1939 1210 officio

160 1246 442 1295 incumbere
465 1246 798 1305 dinoscuntur,
823 1245 954 1293 illam
974 1244 1184 1292 libenter
1203 1245 1539 1308 amplectimur
1558 1261 1645 1309 per
1665 1260 1810 1308 quam
1832 1244 1940 1292 uni-

158 1331 283 1379 versi
311 1329 485 1378 Christi
513 1328 700 1386 fideles,
730 1328 824 1376 hoc
853 1343 992 1376 sacro
1009 1327 1178 1391 jubilei
1202 1342 1328 1376 anno
1356 1328 1586 1387 instante,
1617 1328 1939 1392 indulgentias

159 1430 187 1463 a
222 1413 451 1462 Romanis
487 1411 820 1470 Pontificibus,
858 1410 1285 1476 predecessoribus
1321 1412 1499 1459 nostris
1531 1416 1579 1460 et
1615 1427 1644 1459 a
1680 1411 1820 1460 nobis
1853 1426 1940 1475 pro

157 1497 371 1561 priorum
394 1495 666 1559 expiatione
696 1498 1007 1558 peccatorum
1036 1509 1295 1542 concessas
1316 1495 1514 1556 uberius
1533 1495 1723 1543 valeant
1743 1510 1942 1559 promo-

159 1581 275 1638 veri,
300 1585 348 1628 et
369 1580 429 1628 ad
451 1578 516 1638 id,
549 1594 637 1643 pro
666 1594 860 1627 suarum
882 1578 1036 1627 salute
1061 1578 1331 1626 animarum
1359 1578 1625 1643 promptius
1653 1578 1944 1627 inducantur

161 1668 208 1712 et
240 1678 332 1727 que
362 1666 618 1727 propterea
651 1662 711 1710 ab
747 1662 931 1711 eisdem
964 1662 1392 1726 predecessoribus
1427 1667 1474 1711 et
1507 1678 1534 1711 a
1569 1662 1708 1711 nobis
1741 1663 1942 1726 perinde

163 1753 525 1805 emanaverunt,
565 1746 627 1794 ad
658 1746 876 1794 omnium
911 1745 1172 1794 notititiam
1205 1746 1521 1805 deducantur,
1561 1749 1612 1794 ut
1646 1745 1736 1809 ipsi
1770 1745 1943 1793 Christi

166 1830 336 1877 fideles
363 1816 770 1892 indulgentiarum
798 1829 1079 1893 hujusmodi
1106 1829 1278 1877 melius
1307 1834 1354 1877 et
1375 1829 1560 1878 facilius
1587 1844 1791 1892 capaces
1812 1828 1941 1877 effici

164 1917 307 1975 atque
343 1916 508 1960 eterne
548 1912 855 1960 beatitudinis
891 1913 1093 1976 premia,
1131 1912 1368 1976 largiente
1405 1912 1668 1972 Altissimo,
1710 1911 1941 1974 consequi

162 1996 366 2059 possint.
400 1998 518 2043 Cum
543 1995 705 2058 itaque
728 2011 881 2043 annus
899 1996 1087 2059 jubilei,
1112 1996 1410 2044 remissionis
1439 1999 1486 2044 et
1506 1995 1668 2059 gaudii
1690 2011 1746 2042 ac
1768 2010 1941 2043 recon-

161 2079 415 2127 ciliationis
443 2079 641 2126 humani
669 2079 860 2142 generis
887 2083 1053 2127 nostro
1083 2079 1299 2143 piissimo
1327 2078 1657 2142 Redemptori,
1685 2078 1785 2141 qui,
1821 2094 1944 2141 quo-

159 2163 276 2212 libet
312 2179 440 2212 anno
480 2162 766 2222 centesimo,
809 2163 868 2210 ab
905 2163 1029 2210 illius
1068 2163 1282 2226 primeva
1321 2161 1625 2210 ordinatione
1662 2176 1752 2224 per
1789 2161 1942 2209 felicis

160 2247 506 2296 recordationis
527 2246 828 2295 Bonifacium
848 2249 954 2296 VIII
975 2246 1224 2294 institutus
1254 2261 1310 2294 ac
1339 2245 1511 2294 deinde
1532 2262 1621 2309 per
1643 2246 1943 2294 Clementem

160 2329 221 2377 ad
251 2329 704 2393 quinquagesimum
733 2346 932 2390 annum,
970 2333 1018 2378 et
1048 2329 1319 2378 successive
1352 2344 1441 2393 per
1469 2330 1758 2393 Gregorium
1791 2331 1852 2377 XI
1883 2328 1944 2376 ad

161 2412 479 2475 trigesimum,
516 2413 714 2461 tertium
748 2418 795 2461 et
826 2417 1073 2476 postremo
1107 2412 1168 2460 ad
1199 2413 1486 2477 vigesimum
1516 2413 1735 2476 quintum
1762 2428 1943 2460 annum

160 2509 248 2557 per
278 2494 355 2557 pie
390 2495 625 2544 memorie
659 2495 860 2543 Paulum
890 2498 946 2554 II,
985 2498 1226 2543 Romanos
1259 2496 1532 2559 pontificeS,
1567 2496 1943 2559 predecessores

160 2581 351 2625 nostros
390 2582 589 2641 propter
622 2578 836 2626 humane
875 2578 969 2626 vite
1011 2578 1295 2627 brevitatem
1336 2579 1565 2627 reductus
1604 2578 1724 2635 fuit;
1762 2578 1941 2625 instare

161 2666 392 2710 noscatur
420 2661 577 2725 sitque
618 2677 725 2710 vere
758 2661 837 2710 ille
868 2661 1160 2710 centesimus
1194 2677 1349 2709 annus
1383 2662 1463 2725 qui
1496 2661 1556 2709 ab
1591 2661 1696 2725 ipsa
1729 2661 1944 2725 primeva

161 2745 463 2794 ordinatione
496 2745 584 2793 fuit
615 2744 877 2805 institutus,
914 2749 962 2794 et
991 2744 1038 2792 in
1067 2760 1163 2807 quo
1198 2745 1403 2793 universi
1431 2744 1609 2792 Christi
1646 2743 1814 2793 fideles
1842 2744 1944 2807 qui-

159 2827 476 2891 buscumque,
510 2829 656 2877 etiam
685 2830 978 2893 gravissimis
1009 2829 1196 2878 delictis
1222 2830 1433 2890 obnoxii,
1460 2845 1573 2878 vere
1595 2812 1871 2893 penitentes
1896 2834 1943 2878 et

160 2909 389 2968 confessi,
422 2910 659 2959 visitando
686 2912 909 2960 basilicas
937 2917 985 2961 et
1012 2913 1241 2971 ecclesias
1269 2913 1410 2961 Urbis
1439 2917 1487 2960 et
1514 2916 1649 2961 extra
1679 2927 1761 2961 eas
1791 2911 1943 2975 depu-

159 2995 281 3039 tatas
319 2992 602 3057 illarumque
642 2996 829 3059 maJ'ora
866 2996 1060 3055 altaria,
1104 2996 1166 3045 ob
1204 2997 1481 3060 passionem
1521 2999 1577 3045 D.
1619 2999 1675 3045 N.
1714 3000 1756 3045 J.
1795 2999 1847 3044 C.
1887 3012 1942 3043 ac

162 3074 488 3137 apostolorum
515 3092 606 3125 uec
632 3093 730 3126 non
758 3083 1022 3143 martyrum
1049 3079 1351 3143 aliorumque
1381 3083 1661 3129 sanctorum
1694 3079 1937 3137 meritam,

161 3156 490 3219 plenissimam
522 3161 738 3208 omnium
777 3167 1089 3225 peccatorum
1122 3163 1469 3226 indulgentiam
1500 3166 1862 3225 consequantur
1895 3166 1942 3210 et

161 3244 417 3303 propterea
447 3242 507 3290 ab
538 3243 760 3291 omnibus
791 3245 1216 3294 Christi‘fidelibus
1243 3262 1352 3295 cum
1380 3246 1566 3308 majore
1594 3245 1866 3307 frequentia
1894 3249 1941 3293 et

162 3322 414 3372 devotione
453 3339 549 3372 non
586 3325 828 3375 immerito
868 3328 1205 3388 celebrandus,
1247 3329 1601 3392 Cupiamusque
1639 3332 1743 3376 toto
1780 3327 1940 3376 cordis

161 3406 332 3454 affectu
366 3407 550 3456 animas
583 3409 866 3458 lucrifacere
895 3412 1126 3474 Creatori,
1160 3413 1437 3474 dictumque
1469 3427 1652 3459 annum
1678 3411 1847 3474 jubilei
1880 3411 1938 3458 ab
