2216 3886
281 335 352 371 508
889 328 1120 367 JOHANNIS
1157 327 1451 374 BURCHARDI,
1785 329 1947 370 [Fevrier
1967 330 2062 370 1499]

285 439 332 484 et
361 434 487 483 intra
515 437 704 499 portam
736 432 990 481 cardinalis
1025 448 1063 479 5.
1103 430 1334 488 Severini,
1365 445 1422 477 ac
1452 429 1501 476 In
1531 429 1690 492 platea
1722 430 1887 478 Omnis
1919 433 2063 480 Terre

284 522 381 567 tres
403 521 620 566 oratores
641 515 748 564 laici
771 515 897 578 regis
920 519 967 562 et
989 514 1152 577 regine
1182 512 1540 575 Hispaniarum,
1562 516 1609 561 et
1627 512 1676 560 in
1696 512 1858 576 platea
1877 513 2063 576 Taglia-

283 615 428 649 cocce
460 600 509 647 in
538 599 681 657 Urbe,
707 596 962 645 cardinalis
995 594 1362 654 Ulixbonensis3
1392 594 1474 657 qui
1503 610 1673 644 omnes
1702 596 1883 644 dictum
1911 596 2065 645 cardi-

283 682 442 730 nalem
464 681 833 744 Neapolitanum
855 679 915 726 ad
933 678 1128 726 domum
1151 693 1286 725 suam
1306 677 1624 738 associarunt,
1646 678 1725 726 ubi
1747 679 1816 727 eis
1835 695 1894 727 ex
1918 694 2061 743 equo,

285 781 342 813 ex
376 780 530 824 more,
566 763 740 827 gratias
774 762 898 826 egit;
936 761 1256 810 interfuerunt
1289 761 1459 825 prelati
1496 761 1687 811 circiter
1722 762 2067 826 quinquaginta

282 847 463 913 pileati,
489 851 537 895 et
570 846 729 894 nullus
758 844 1053 894 cardinalem
1079 843 1351 908 predictum
1370 844 1628 908 recipiens,
1654 861 1714 894 ex
1734 860 1829 909 quo
1851 845 2062 905 defendi,

282 935 330 980 et
351 932 493 979 bene.

348 1013 487 1062 Feria
516 1015 666 1071 sexta,
696 1016 713 1059 1
749 1011 931 1060 mensis
963 1011 1210 1071 februarii,
1236 1011 1326 1059 fuit
1359 1011 1717 1072 consistorium,
1741 1012 1789 1060 in
1815 1028 1909 1075 quo
1931 1015 1985 1061 R.
2008 1015 2061 1060 P.

282 1099 339 1144 D.
375 1095 549 1144 Paulus
575 1095 633 1144 de
662 1095 872 1143 Monelia
897 1095 1169 1154 Januensis,
1194 1098 1307 1143 tunc
1338 1095 1569 1158 magister
1597 1095 1720 1142 sacri
1747 1095 1930 1159 palatii,
1952 1110 2065 1159 pro-

279 1183 437 1228 motus
460 1182 505 1227 et
526 1178 880 1246 'pronunciatus
905 1178 992 1226 fuit
1022 1178 1071 1225 in
1099 1178 1381 1242 episcopum
1411 1178 1471 1226 ad
1495 1178 1753 1227 ecclesiam
1783 1178 2061 1239 Chiensem,

279 1267 325 1311 et
357 1263 406 1311 in
442 1262 604 1310 locum
636 1262 741 1327 ejus
769 1262 829 1310 ad
858 1262 1191 1326 magistratum
1224 1262 1386 1326 palatii
1418 1262 1645 1311 sussectus
1678 1264 1732 1310 R.
1759 1264 1811 1310 P.
1837 1262 2066 1326 magister

279 1348 302 1393 J
308 1360 493 1394 oannes
515 1345 754 1394 Antonius
773 1345 832 1393 de
849 1344 1068 1405 ViterbO,
1094 1344 1343 1409 professus
1365 1343 1546 1392 ordinis
1567 1343 1946 1408 predicatorum.

352 1429 579 1489 Sabbato,
604 1429 727 1477 festo
748 1428 1096 1493 purificationis
1119 1428 1168 1475 b.
1194 1428 1343 1476 Marie
1373 1427 1585 1491 virginis,
1606 1431 1633 1475 2
1663 1428 1843 1476 mensis
1871 1427 2063 1476 februa-

282 1513 357 1573 rii,
383 1514 466 1562 SS.
488 1515 543 1560 D.
570 1515 626 1561 N.
651 1512 896 1560 benedixit
917 1511 1140 1560 candelas
1162 1512 1209 1559 in
1228 1512 1413 1576 capella
1431 1511 1598 1575 majori
1624 1516 1671 1560 et
1693 1510 1932 1559 distribuit
1954 1526 2055 1571 eaS,

283 1597 493 1661 receptis
523 1596 680 1660 primo
703 1595 856 1644 tribus
878 1595 976 1643 suis
1008 1595 1220 1644 candelis
1254 1595 1313 1644 de
1344 1596 1563 1644 manibus
1594 1595 1848 1644 cardinalis
1876 1598 2063 1660 Neapo-

283 1680 436 1729 litani.
468 1682 596 1728 Duas
629 1679 838 1744 majores
872 1683 1130 1728 tenuerunt
1164 1679 1259 1727 duo
1293 1679 1435 1743 primi
1472 1683 1836 1727 conservatores
1871 1694 2062 1727 camere

286 1764 446 1822 Urbis,
472 1763 655 1811 scilicet
678 1763 965 1811 Franciscus
985 1763 1241 1811 Alberinus
1264 1767 1309 1811 et
1330 1763 1560 1826 Agapitus
1583 1763 1641 1811 de
1659 1761 1917 1825 Magistris,
1942 1762 2062 1811 alte-

282 1863 385 1895 ram
418 1847 692 1910 Alphonsus
721 1846 780 1894 de
807 1846 1047 1909 Aragonia
1079 1846 1172 1893 dux
1205 1850 1253 1894 et
1287 1846 1488 1894 maritus
1522 1846 1745 1894 Lucretie
1776 1845 1872 1893 filie
1901 1848 2058 1909 Pape;

283 1930 416 1978 socio
451 1945 561 1979 meo
596 1935 643 1978 et
673 1931 790 1978 mihi
825 1934 954 1994 Papa
987 1929 1117 1978 dedit
1151 1929 1345 1978 cuilibet
1381 1930 1500 1978 duas
1539 1930 1795 1989 candelas3
1833 1929 2063 1977 cardinali

288 2029 326 2060 5.
353 2013 568 2078 Dionysii
590 2013 720 2062 dedit
738 2014 964 2077 quinque,
987 2013 1273 2077 quibusdam
1293 2029 1351 2062 ex
1369 2013 1472 2061 aliis
1491 2017 1714 2081 quatuor,
1732 2018 1828 2061 tres
1850 2017 1897 2061 et
1918 2012 2061 2070 duas;

289 2097 551 2146 celebranti
577 2097 708 2145 dedit
739 2113 882 2145 unam
912 2101 1117 2156 tantum,
1143 2097 1223 2160 qui
1251 2096 1341 2145 fuit
1371 2101 1535 2145 Rmus.
1565 2096 1822 2145 cardinalis
1849 2096 1907 2144 de
1941 2095 2066 2143 Ursi-

288 2181 379 2229 nis.
403 2181 510 2228 Alia
530 2180 695 2228 omnia
715 2180 968 2229 observata
987 2185 1098 2229 sunt
1119 2196 1254 2228 more
1276 2181 1436 2229 solito.

357 2265 458 2313 Hoc
498 2279 624 2311 anno
663 2263 828 2312 habita
863 2268 972 2311 sunt
1010 2263 1172 2312 omnia
1209 2264 1332 2312 festa
1370 2262 1666 2326 carnisprivii
1712 2266 2059 2311 Romanorum.

285 2347 538 2396 Dominica
570 2347 956 2411 quadragesime,
987 2363 1080 2410 que
1103 2347 1190 2395 fuit
1213 2351 1238 2396 3
1261 2346 1518 2406 februarii3
1545 2349 1861 2395 cucurrerunt
1880 2349 1902 2393 J
1911 2345 2065 2394 udeia

283 2445 454 2494 campo
483 2429 622 2478 Flore
652 2445 803 2493 usque
836 2429 896 2478 ad
924 2434 1135 2478 castrum
1164 2446 1202 2478 S.
1227 2429 1398 2493 Angeli
1425 2429 1553 2477 circa
1579 2432 1769 2492 portam
1801 2429 1946 2492 Burgi
1977 2444 2064 2493 pro

283 2513 428 2578 pallio
447 2512 592 2577 panni
614 2512 768 2571 rubei,
794 2512 923 2576 quod
940 2512 989 2560 in
1011 2512 1092 2561 illa
1112 2512 1187 2561 die
1209 2513 1415 2561 nonfuit
1436 2512 1619 2572 datum,
1640 2527 1727 2577 pro
1758 2527 1817 2561 eo
1842 2511 1971 2576 quod
1991 2512 2063 2560 di-

282 2597 480 2645 cebatur
501 2609 713 2643 mossam
734 2610 832 2642 non
854 2594 1002 2643 fuisse
1027 2594 1221 2644 bonam.

348 2682 674 2728 Recurrerunt
701 2677 846 2741 igitur
866 2677 943 2726 die
969 2677 1081 2726 lune
1107 2681 1135 2725 4
1158 2677 1386 2726 februarii
1414 2678 1607 2738 iterum,
1632 2683 1742 2743 post
1768 2679 1939 2727 horam
1958 2694 2065 2726 ves-

284 2778 508 2826 perarum
534 2778 562 2810 a
588 2777 759 2824 campo
790 2761 947 2820 Flore,
976 2760 1071 2808 sive
1103 2777 1131 2808 a
1159 2761 1337 2809 clavica
1363 2761 1490 2810 inter
1513 2762 1682 2809 domos
1708 2762 1830 2809 Rmi.
1857 2764 1913 2809 D.
1937 2761 2064 2810 vice-

286 2844 559 2892 cancellarii
585 2848 631 2892 et
652 2846 709 2891 D.
735 2842 960 2891 Coronati
981 2842 1040 2889 de
1063 2842 1256 2902 Planca,
1282 2858 1434 2905 usque
1462 2843 1522 2891 ad
1541 2843 1751 2906 plateam
1780 2859 1819 2890 5.
1845 2842 1991 2902 Petri,
2018 2846 2066 2889 et

285 2927 453 2975 habuit
472 2926 670 2990 pallium
692 2925 770 2973 ille
794 2925 872 2988 qui
895 2924 1038 2972 etiam
1056 2924 1162 2971 heri
1181 2924 1337 2973 fuerat
1359 2925 1559 2989 primus.
1580 2927 1904 2974 Cucurrerunt
1919 2924 2063 2973 etiam

287 3010 460 3058 eadem
483 3009 559 3057 die
587 3007 723 3072 pueri
751 3022 837 3071 pro
858 3007 1001 3071 pallio
1024 3011 1125 3055 sete
1145 3023 1250 3056 rase
1271 3008 1429 3057 viridis
1458 3025 1487 3057 a
1510 3009 1695 3072 capella
1721 3009 1840 3057 citra
1865 3011 2063 3072 pontem

287 3092 427 3141 castri
450 3109 489 3141 s.
511 3091 684 3155 Angeli
705 3106 855 3154 usque
877 3090 938 3138 ad
958 3090 1134 3139 dictam
1155 3090 1390 3154 capellam
1412 3107 1450 3138 5.
1479 3091 1623 3139 Petri.

351 3176 533 3235 Martis,
555 3179 581 3223 5
604 3174 848 3233 februarii,
872 3179 981 3238 post
1000 3175 1273 3237 prandium,
1296 3181 1609 3223 cucurrerunt
1630 3176 1833 3240 juvenes
1855 3190 1943 3239 pro
1965 3174 2063 3239 pal-

286 3258 350 3306 lio
372 3273 572 3306 rosaceo
591 3274 618 3306 a
640 3256 818 3305 clavica
837 3257 1053 3320 predicta
1075 3273 1223 3320 usque
1245 3258 1306 3306 ad
1324 3258 1530 3322 primam
1551 3259 1759 3322 plateam
1782 3275 1820 3306 s.
1846 3258 1992 3306 Petri.

353 3340 596 3400 Mercurii,
623 3344 649 3388 6
669 3339 913 3399 februarii,
939 3345 1253 3389 cucurrerunt
1284 3357 1425 3389 senes
1444 3357 1531 3404 pro
1551 3342 1695 3406 pallio
1713 3341 1858 3407 panni
1881 3340 2014 3389 rubei
2034 3356 2062 3388 a

291 3424 486 3488 capellis
505 3424 790 3487 supradictis
811 3439 962 3487 usque
979 3423 1038 3471 ad
1060 3423 1234 3472 dictam
1252 3424 1475 3488 plateam.
