2216 3886
149 277 360 317 [Juiu1498]
595 276 763 314 RERUM
799 275 1101 313 URBANARUM
1134 274 1485 313 COMMENTARH.
1857 278 1926 313 477

151 377 425 426 Sanctitatis
453 395 538 427 sue
565 378 839 427 cursoribus
869 382 1104 442 quatenus
1133 378 1220 425 sub
1247 393 1372 441 pena
1395 377 1607 441 quinque
1635 377 1922 427 ducatorum

151 462 255 510 auri
278 478 367 525 per
390 462 652 526 quemlibet
676 461 1105 511 contrafacientem
1126 461 1472 519 incurrentem,
1497 465 1544 510 et
1564 477 1757 510 camere
1782 477 1926 526 apos-

154 546 295 594 tolice
316 545 711 594 irremissibiliter
731 545 1145 610 applicandorum,
1169 544 1376 594 debeant
1394 544 1691 609 processioni
1717 544 1813 594 diei
1834 546 1930 594 fes-

155 629 346 678 tivitatis
380 630 690 678 sacratissimi
718 629 933 694 corporis
961 629 1136 677 Christi
1164 629 1382 693 proxime
1421 629 1580 677 future
1613 628 1935 692 personaliter

154 731 182 761 a
203 713 438 776 principio
461 730 613 778 usque
645 713 705 762 ad
733 714 879 762 finem
912 713 1166 773 interesse,
1191 718 1240 761 et
1267 712 1465 776 quilibet
1492 713 1724 761 officiales
1758 712 1936 762 sollici-

157 799 255 844 tare
278 799 406 860 quod
435 798 595 846 debite
627 798 909 862 procedant,
936 797 1108 860 quibus
1126 797 1228 861 ipse
1256 797 1316 846 ad
1346 797 1440 845 hoc
1470 797 1710 861 prefectus
1733 796 1828 844 sive
1850 795 1936 844 ad-

147 877 346 941 junctus
369 880 624 941 ordinabit,
644 882 782 945 juxta
802 881 1019 929 ordinem
1040 880 1399 944 infrascriptum
1430 897 1438 928 :

222 962 456 1011 Antonius
477 964 742 1023 Laurentii,

222 1046 551 1094 Ferdinandus
569 1047 628 1095 de
651 1049 815 1103 Pozzo,

223 1129 409 1177 Nardus
431 1129 489 1178 de
513 1130 764 1194 Fulgineo,

223 1212 551 1261 Ferdinandus
574 1216 639 1261 Be
640 1213 852 1277 jaronio,

223 1296 596 1345 Bartholomeus
614 1297 848 1354 Miranda,

226 1382 378 1428 Lucas
400 1380 458 1428 de
481 1383 623 1428 Sarra
646 1380 780 1440 (obiit
802 1384 850 1428 et
869 1380 1085 1428 nondum
1108 1380 1252 1430 habet
1274 1383 1650 1440 successorem).

224 1463 589 1513 Bartholomeus
618 1466 771 1512 Penez
802 1464 1026 1512 sollicitet
1056 1465 1313 1529 magistros
1344 1465 1559 1528 plumbi;
1602 1469 1649 1512 et
1679 1465 1942 1514 bullatores

161 1547 418 1596 sollicitent
452 1552 601 1596 totam
638 1548 1019 1611 processionem,
1051 1549 1280 1598 continuo
1314 1549 1428 1596 hinc
1467 1553 1514 1597 et
1553 1548 1664 1597 inde
1700 1553 1944 1598 transcur-

166 1637 346 1681 rentes.
1254 1698 1257 1700 ‚

230 1717 488 1765 Honofrius
514 1716 791 1764 Balistarius
824 1716 1048 1766 sollicitet
1070 1716 1426 1767 abbreviatores
1448 1718 1507 1767 de
1531 1734 1679 1783 parco
1701 1717 1875 1782 majori
1898 1721 1945 1765 et

164 1800 420 1864 magistros
439 1800 688 1864 utriusque
712 1801 925 1865 registri3

233 1883 449 1933 vicarius
482 1883 541 1931 de
576 1884 818 1932 Bellavilla
851 1885 1073 1934 sollicitet
1104 1885 1361 1950 scriptores
1394 1888 1685 1951 apostolicos
1721 1886 1945 1951 peniten-

166 1968 326 2027 tiarie3

225 2050 504 2100 Desiderius
524 2052 769 2101 Bartholet
793 2052 1016 2103 sollicitet
1039 2055 1296 2119 scriptores
1317 2055 1678 2120 penitentia1·ie;

227 2135 507 2183 Dominicus
528 2136 587 2184 de
608 2136 808 2185 Villanis
831 2137 1053 2187 sollicitet
1076 2138 1431 2187 abbreviatores
1453 2139 1511 2188 de
1539 2154 1684 2202 parco
1703 2137 1876 2185 minori
1899 2141 1946 2186 et

165 2218 320 2283 prima
342 2219 522 2268 visione
543 2237 553 2280 ;

231 2303 386 2352 Guido
409 2304 684 2353 Forbstardi
706 2305 930 2355 sollicitet
949 2308 1136 2372 priores
1158 2308 1568 2357 contradictarum
1588 2324 1598 2366 ;

233 2388 600 2437 Bartholomeus
623 2390 758 2438 Cima
778 2391 1003 2439 sollicitet
1023 2392 1208 2456 priores
1230 2392 1566 2456 penitentiarie
1588 2408 1597 2449 3

229 2471 473 2520 johannes
492 2472 550 2520 de
574 2475 702 2521 Luca
724 2474 947 2522 sollicitet
970 2475 1181 2524 notarios
1204 2476 1478 2541 auditorum
1502 2479 1630 2533 rote3

233 2553 477 2604 ,lohannes
496 2555 554 2603 de
577 2556 746 2620 Regio,
772 2557 1020 2619 infirmus;

236 2638 506 2686 Eberardus
527 2639 586 2686 de
606 2640 761 2688 Vinea
781 2641 1003 2690 sollicitet
1017 2643 1231 2691 notarios
1253 2644 1484 2692 auditoris
1506 2658 1725 2701 camere3

236 2725 406 2771 Petrus
427 2723 569 2771 Molai
591 2723 814 2773 sollicitet
836 2726 1169 2775 sollicitatores
1190 2727 1440 2776 literarum
1462 2726 1861 2791 apostolicarum,

235 2806 479 2855 Johannes
500 2807 699 2856 Matthei
722 2808 946 2858 sollicitet
968 2809 1251 2860 collectores
1272 2812 1452 2875 plumbi
1472 2828 1482 2870 ;
1631 2799 1635 2802 ’

239 2892 408 2939 Petrus
436 2890 639 2951 Thome,
670 2891 929 2956 Hispanus,
955 2893 1180 2942 sollicitet
1205 2896 1570 2959 processionem
1596 2895 1709 2943 cleri
1738 2892 1892 2942 Urbis.
1928 2912 1949 2934 »

238 2974 522 3038 Capellanus
548 2974 861 3024 collectorum
893 2977 1075 3041 plumbi
1106 2994 1203 3026 non
1233 2979 1389 3043 paruit
1419 2979 1666 3038 mandato,
1702 2983 1756 3026 ut
1784 2992 1946 3040 supra,

173 3055 316 3115 factO,
340 3058 450 3120 quia
471 3074 568 3107 non
590 3059 721 3108 dedit
741 3061 1024 3110 schedulam
1047 3064 1299 3112 nominum
1321 3069 1370 3113 et
1397 3064 1744 3128 cognominum
1766 3059 1949 3125 plumbi

178 3143 315 3187 Rmo.
342 3142 398 3188 D.
424 3142 652 3196 cardinali
674 3146 958 3194 camerario.

246 3223 383 3271 Dicta
402 3223 497 3284 die,
528 3228 584 3272 12
602 3227 743 3289 junii,
767 3230 1042 3293 capellanus
1065 3230 1430 3280 sollicitatorum
1447 3232 1701 3279 literarum
1720 3227 1953 3292 apostoli-

177 3323 341 3355 carum
365 3307 494 3355 dedit
520 3310 657 3357 Rmo.
687 3312 744 3358 D.
772 3312 1001 3361 cardinali
1027 3314 1308 3363 schedulam
1338 3314 1588 3362 nominum
1619 3317 1667 3361 et
1693 3310 1946 3375 cognomi-

175 3406 290 3439 num
312 3388 674 3440 sollicitatorum
700 3393 950 3444 literarum
971 3398 1364 3460 apostolicarum,
1399 3414 1515 3460 quas
1540 3395 1670 3445 idem
1693 3398 1860 3443 Rmus.
1895 3396 1949 3441 D.
