2222 3926
146 340 254 382 [Aout
269 342 362 381 1496]
592 341 762 378 RERUM
794 341 1099 383 URBANARUM
1131 340 1481 379 COMMENTARII.
1861 345 1934 381 295

147 443 313 491 dicens
339 459 348 491 :
373 443 501 491 Ecce
518 443 563 491 A
570 460 696 507 ymas
715 444 827 504 Dei,
852 452 960 503 etc„
984 443 1274 492 breviarium
1297 459 1335 490 s.
1362 443 1624 502 Francisci,
1647 444 1810 507 imago
1833 447 1932 494 Sal-

145 529 320 577 vatoris
336 530 663 594 pulcherrime
682 529 810 594 picta
824 545 917 593 que
940 529 1085 593 ipsis.
1104 528 1362 577 Francisco
1375 528 1540 577 locuta
1557 534 1650 588 est,
1668 529 1727 578 de
1747 530 1930 594 capillis

142 613 284 662 beate
307 614 455 662 Marie
474 614 779 678 Magdalcne,
803 619 851 662 et
868 613 1018 662 multe
1040 614 1132 662 alie
1154 613 1373 677 reliquie.
1399 616 1451 661 In
1474 613 1603 662 dicta
1624 613 1833 663 ecclesia
1854 618 1929 662 est

143 697 288 745 etiam
323 713 419 744 una
450 697 625 746 tabella
651 698 710 746 de
740 698 880 746 litera
904 713 987 746 seu
1019 697 1255 761 scriptura
1286 713 1457 745 manus
1487 697 1682 761 proprie
1710 713 1748 745 s.
1780 699 1930 746 Fran-

142 780 256 829 cisci
278 796 424 844 quam
449 781 637 845 scripsit
664 781 712 829 in
740 781 953 829 favorem
980 780 1122 828 unius
1149 780 1307 828 fratris
1329 780 1403 828 sui
1425 779 1607 828 ordinis
1629 780 1710 844 qui
1734 780 1928 829 stimulo

142 865 301 912 carnis
320 865 582 928 plurimum
602 866 864 913 vexabatur
884 869 932 913 et
953 865 1192 928 scriptura
1210 864 1391 924 habita,
1418 863 1712 913 confortatus
1732 871 1822 913 est.

208 949 437 1008 Sabbato,
472 953 499 996 6
527 949 734 1012 augusti,
771 954 881 996 ante
908 949 1080 996 horam
1110 949 1315 1012 prandii,
1350 948 1538 1012 legatus
1564 948 1699 996 venit
1727 949 1928 997 Gallium

142 1032 223 1079 ubi
262 1032 687 1097 processionaliter
715 1038 941 1096 receptus
967 1036 1058 1090 est,
1089 1031 1266 1081 vicario
1301 1031 1516 1096 episcopi
1548 1031 1760 1080 officium
1787 1048 1930 1097 pera-

144 1119 305 1179 gente,
322 1116 552 1180 episcopo
570 1115 789 1164 absente.
805 1115 1057 1164 Osculatus
1072 1120 1146 1164 est
1158 1116 1245 1164 sub
1261 1121 1400 1180 porta
1414 1131 1607 1164 crucem
1624 1116 1925 1180 genuflexuS,

145 1203 192 1247 et
222 1203 422 1262 accepto
451 1198 682 1246 mantello
707 1202 942 1247 consueto
972 1197 1190 1246 ascendit
1221 1198 1419 1256 mulam,
1450 1203 1498 1247 et
1525 1199 1614 1246 sub
1640 1198 1929 1248 baldachino

143 1282 274 1346 quod
309 1282 434 1330 cives
472 1285 726 1346 portarunt
762 1281 893 1330 venit
929 1281 990 1329 ad
1022 1281 1281 1330 ecclesiam
1323 1281 1655 1331 cathedralem
1695 1283 1776 1331 ubi
1811 1283 1930 1332 dixit

141 1366 412 1414 orationem
441 1365 501 1413 de
531 1371 698 1413 sancto
726 1365 976 1424 Gerontio,
1016 1364 1265 1429 episcopo,
1288 1369 1493 1428 patrono
1527 1365 1751 1415 ecclesie.
1778 1370 1931 1416 Bene-

139 1449 258 1498 dixit
279 1453 412 1498 stans
435 1453 487 1498 ut
508 1449 558 1496 in
571 1448 779 1497 ecclesia
789 1449 1154 1508 Assisinatensi,
1169 1453 1218 1497 et
1232 1448 1361 1497 dedit
1379 1448 1706 1513 indulgentias
1722 1449 1927 1498 duorum

138 1548 375 1582 annorum
397 1536 444 1581 et
476 1532 677 1581 totidem
711 1532 1151 1597 quadragenarum,
1188 1549 1308 1596 quas
1341 1532 1556 1597 prefatus
1583 1533 1785 1581 vicarius
1815 1550 1928 1599 pro—

138 1617 379 1665 nunciavit
409 1632 419 1664 :
441 1616 534 1664 alia
552 1616 717 1665 omnia
729 1630 864 1665 more
887 1616 1028 1665 solito
1044 1621 1151 1666 acta
1165 1620 1293 1665 sunt.
1311 1616 1542 1666 Ascendit
1556 1617 1732 1667 deinde
1746 1618 1927 1666 mulam

137 1701 326 1765 legatus
365 1705 412 1749 et
443 1700 671 1764 equitavit
703 1700 765 1748 ad
795 1700 1025 1764 palatium
1058 1701 1193 1749 ducis
1228 1701 1414 1749 Urbini.
1446 1702 1593 1751 Venit
1623 1701 1811 1750 obviam
1843 1717 1930 1767 per

142 1784 280 1848 plura
299 1783 524 1832 milliaria
544 1788 679 1832 extra
699 1783 919 1843 Gallium,
941 1789 990 1833 et
1010 1800 1123 1832 eum
1144 1783 1320 1833 deinde
1341 1785 1612 1834 associavit.

210 1869 481 1926 Dominica,
508 1872 533 1916 7
558 1868 766 1931 augusti,
794 1867 984 1932 legatus
1005 1883 1158 1932 cappa
1181 1868 1242 1916 de
1270 1883 1471 1917 rosaceo
1499 1868 1696 1916 indutus
1721 1868 1850 1916 venit
1870 1868 1931 1916 ad

140 1953 398 2002 ecclesiam
417 1951 723 2009 Galliensem,
749 1950 829 1999 ubi
851 1950 1030 1999 audivit
1059 1951 1258 1999 missam
1286 1952 1522 2017 majorem
1542 1967 1686 2014 quam
1709 1951 1926 2000 celebra-

137 2040 201 2088 vit
221 2038 494 2103 prepositus
524 2037 650 2084 illius
684 2036 909 2094 ecclesie,
946 2036 996 2084 in
1026 2040 1170 2084 cantu
1201 2034 1586 2083 ministrantibus
1608 2035 1698 2083 sibi
1721 2035 1926 2084 diacono

140 2127 186 2171 et
209 2121 524 2170 subdiacono,
550 2123 775 2185 LegatuS,
802 2121 929 2170 facta
949 2119 1167 2168 oratione
1192 2123 1304 2168 ante
1327 2118 1497 2178 altare,
1522 2118 1638 2168 fecit
1658 2118 1927 2168 confessio-

140 2221 253 2255 nem
275 2220 386 2254 cum
413 2204 631 2267 predicto
660 2204 983 2263 celebratum,
1016 2219 1045 2252 a
1071 2203 1276 2251 sinistris
1305 2201 1395 2250 sibi
1423 2207 1610 2251 astante
1633 2203 1856 2262 diacouO,
1880 2209 1929 2252 et

139 2290 437 2339 subdiacono
456 2295 586 2340 retro
602 2291 948 2340 celebrantem.
971 2288 1261 2347 Genussexit,
1280 2287 1418 2337 finita
1432 2286 1755 2345 confessione,
1771 2302 1925 2351 usque

137 2374 196 2422 ad
233 2374 502 2423 orationem
532 2391 542 2423 ε
572 2375 740 2440 Aufer
779 2392 807 2421 a
840 2374 989 2432 nobiS,
1027 2382 1134 2430 eta,
1174 2371 1423 2421 inclusive.
1462 2373 1671 2434 Legatus
1703 2370 1832 2419 venit
1867 2370 1928 2419 ad

136 2457 302 2506 sedem
319 2473 474 2517 suam,
492 2458 716 2507 videlicet
733 2458 948 2522 episcopi
966 2456 1215 2516 ordinarii,
1235 2472 1333 2506 non
1348 2456 1494 2520 longe
1509 2471 1538 2503 a
1553 2469 1703 2503 cornu
1723 2453 1924 2517 epistole

136 2541 360 2605 positam,
405 2540 569 2605 inepte
610 2542 741 2601 satis,
786 2546 833 2590 et
872 2541 922 2588 in
962 2556 1022 2589 ea
1060 2539 1255 2599 sedens,
1295 2539 1491 2603 respicit
1530 2553 1696 2586 versus
1735 2541 1925 2600 portam

137 2624 454 2688 principalem
476 2625 702 2685 ecclesie,
718 2625 904 2673 habens
919 2624 1058 2689 juxta
1072 2639 1122 2672 se
1144 2639 1173 2671 a
1193 2622 1373 2671 dextris
1391 2621 1658 2670 scabellum
1673 2635 1760 2685 pro
1775 2636 1926 2684 genu-

141 2707 368 2765 flexione,
405 2707 454 2755 in
484 2724 580 2771 quo
621 2708 904 2772 genuflexus
935 2707 1131 2772 respicit
1166 2706 1333 2766 altare,
1364 2705 1495 2769 quod
1526 2704 1749 2752 convenit
1777 2703 1921 2752 male.

140 2790 315 2839 Prelati
344 2791 568 2840 videlicet
598 2792 951 2856 Fulginatensis
985 2795 1032 2839 et
1073 2790 1357 2839 Assisiensis
1388 2789 1632 2854 episcopi,
1656 2794 1704 2837 et
1735 2788 1925 2838 medius

136 2875 264 2924 inter
290 2891 374 2925 eos
396 2877 572 2925 Paulus
601 2875 784 2925 electus
807 2874 1334 2939 Forosemproniensis,
1357 2873 1715 2938 protonotarius
1734 2873 1794 2922 de
1802 2909 1898 2921 .....
1911 2911 1921 2932 ,

138 2960 350 3009 Achilles
372 2960 431 3009 de
454 2960 660 3019 Grassis,
685 2959 875 3008 auditor
895 2964 1018 3019 rote,
1042 2957 1277 3006 Antonius
1300 2956 1359 3005 de
1383 2956 1642 3016 Leonibus,
1664 2957 1924 3006 advocatus

139 3043 502 3103 consistorialis,
527 3044 815 3092 Franciscus
848 3042 907 3091 de
936 3045 1126 3101 Parma,
1154 3041 1456 3089 abbreviator
1477 3040 1538 3088 de
1559 3055 1706 3104 parco
1727 3039 1919 3103 maj0ri‚

140 3129 187 3173 et
208 3130 317 3188 post
336 3141 420 3175 eos
443 3127 520 3176 alii
547 3127 781 3191 capellani
815 3127 961 3191 legati
992 3126 1184 3174 stabant
1212 3125 1259 3173 in
1287 3125 1440 3175 choro.
1458 3124 1693 3173 laicorum
1714 3122 1922 3172 ordinati

139 3208 200 3257 ad
225 3208 466 3257 sinistram
480 3211 644 3275 legati,
666 3211 971 3260 caudatarius
994 3226 1105 3259 cum
1130 3210 1224 3258 alio
1246 3208 1496 3272 capellano
1518 3206 1567 3253 in
1588 3206 1780 3254 sedibus
1798 3205 1923 3253 infe-

140 3291 348 3340 rioribus
370 3296 480 3340 ante
509 3293 663 3342 dictos
696 3295 817 3343 duos
848 3294 1122 3358 episcopos,
1155 3297 1203 3342 et
1236 3293 1285 3340 in
1316 3295 1458 3339 terra.
1483 3289 1629 3337 Pater
1654 3288 1861 3336 Sanctus
1881 3296 1927 3335 et

140 3375 183 3423 A
191 3391 319 3440 ynus
343 3376 439 3423 Dei
459 3376 694 3426 dexerunt
719 3393 830 3426 cum
850 3378 1012 3441 legato
1033 3377 1148 3425 dicti
1170 3380 1268 3423 tres
1291 3372 1432 3437 primi
1454 3372 1625 3436 prelati
1650 3377 1697 3420 et
1719 3372 1920 3435 protho-

144 3459 361 3506 notarius
383 3463 430 3507 et
451 3459 641 3508 auditor
658 3465 788 3519 rote3
813 3465 974 3508 tamen
996 3460 1056 3508 de
1078 3459 1177 3506 suis
1193 3457 1313 3506 locis
1335 3470 1433 3503 non
1450 3460 1721 3502 moverunt.
