2216 3886
148 304 362 345 [Decembre
384 304 479 343 1499]
591 302 760 339 RERUM
792 300 1094 339 URBANARUM
1125 300 1475 340 COMMENTARH.
1854 304 1923 340 587

149 405 312 469 gentia
341 404 486 468 hujus
517 403 647 452 modi
676 409 786 467 post
812 404 904 453 iter
927 408 1173 468 arreptum
1201 403 1274 452 vel
1302 408 1412 468 post
1441 404 1832 469 preparationem
1866 407 1926 455 ad

147 488 439 537 veniendum
461 488 521 535 ad
547 488 726 535 dictam
749 488 928 536 Urbem
955 502 1082 536 anno
1104 487 1274 552 jubilei
1299 503 1386 551 per
1415 503 1499 536 eos
1528 487 1721 548 factam,
1750 488 1927 539 fuerint

147 571 360 635 legitime
385 571 600 635 impediti
635 571 895 634 quominus
929 572 989 620 ad
1022 571 1200 620 dictam
1230 572 1407 620 Urbem
1438 571 1625 621 valeant
1656 572 1924 636 pervenire,

149 660 228 703 aut
257 654 505 719 prepediti
525 654 574 701 in
599 654 708 702 loco
739 654 819 703 ubi
846 658 960 702 tunc
991 654 1166 703 fuerint
1187 659 1235 702 et
1254 655 1501 704 venientes
1530 656 1581 703 in
1606 657 1698 717 via,
1728 657 1803 706 vel
1829 661 1927 706 tam

150 738 238 802 ipsi
275 738 313 786 si
352 738 412 786 ad
447 738 712 802 predictam
750 739 929 787 Urbem
964 755 1106 802 quam
1143 739 1345 788 Romani
1380 744 1427 787 et
1462 739 1541 787 alii
1580 740 1850 789 residentes
1881 746 1928 790 et

149 826 502 870 commorantes
533 837 589 868 ac
620 821 840 870 forenses
873 822 1075 885 predicti
1111 822 1299 870 dierum
1329 826 1578 886 pretaxato
1603 838 1806 872 numero
1830 841 1927 873 non

149 905 390 969 completo
420 905 470 951 in
502 905 630 952 dicta
663 905 789 954 Urbe
823 905 1140 965 decesserint,
1171 920 1281 954 vere
1312 905 1586 968 penitentes
1616 911 1665 955 et
1695 908 1924 968 confessi,

148 988 369 1037 eamdem
390 988 722 1052 plenissimam
742 988 1090 1052 indulgentiam
1112 988 1309 1036 omnino
1331 995 1708 1053 consequantur.

213 1074 268 1119 Et
295 1076 347 1120 ut
377 1087 548 1120 omnes
575 1072 751 1119 Christi
779 1071 947 1120 fideles
976 1072 1197 1136 ejusdem
1223 1072 1506 1135 plenissime
1536 1072 1834 1137 indulgentie
1855 1074 1926 1122 fa-

148 1156 286 1204 cilius
322 1170 544 1220 capaceS,
582 1158 682 1204 Deo
717 1156 943 1220 propitio,
975 1157 1248 1205 efficiantur
1278 1156 1688 1221 habeantquead
1717 1173 1840 1221 quos
1880 1157 1927 1206 in

148 1239 339 1288 casibus
366 1239 506 1287 nobis
534 1243 581 1287 et
608 1239 711 1287 sedi
738 1241 1001 1304 apostolice
1033 1239 1308 1299 reservatiS,
1336 1240 1375 1287 si
1410 1240 1500 1287 illis
1531 1240 1704 1289 irretiti
1739 1240 1922 1302 forent,

149 1339 401 1372 recurrere
429 1323 633 1387 possint,
658 1323 989 1387 deputavimus
1013 1324 1062 1371 in
1088 1324 1216 1372 dicta
1244 1323 1442 1371 basilica
1473 1340 1513 1371 s.
1544 1324 1673 1373 Petri
1700 1324 1925 1388 peniten-

151 1407 314 1456 tiarios
336 1406 510 1470 quibus
533 1421 619 1454 eos
638 1406 686 1453 in
709 1406 846 1455 dictis
874 1407 1064 1455 casibus
1086 1406 1342 1464 reservatis
1366 1406 1644 1455 absolvendi
1666 1407 1859 1471 plenam
1881 1411 1928 1456 et

147 1491 349 1539 liberam
370 1506 456 1554 pro
479 1490 665 1554 majore
691 1490 863 1539 Christi
887 1490 1102 1539 fidelium
1124 1490 1203 1554 qui
1225 1491 1285 1539 ad
1308 1505 1396 1538 nos
1414 1505 1512 1538 non
1530 1491 1596 1539 ita
1617 1491 1676 1539 de
1700 1491 1828 1539 facili
1850 1506 1928 1539 re-

147 1590 341 1623 currere
363 1579 559 1639 possent
577 1574 921 1623 commoditate
940 1579 988 1622 et
1006 1573 1278 1622 animarum
1300 1589 1497 1623 suarum
1515 1574 1686 1635 salute,
1707 1591 1797 1639 per
1810 1575 1927 1623 alias

147 1662 337 1706 nostras
370 1659 557 1709 litteras
590 1663 732 1725 prout
760 1658 904 1707 latius
935 1658 1228 1717 continetur,
1259 1657 1592 1706 concessimus
1626 1657 1921 1707 facultatem.

147 1743 202 1789 Et
229 1747 281 1790 ut
311 1742 582 1792 animarum
619 1744 747 1792 salus
778 1757 836 1791 eo
870 1747 1089 1806 tempore
1123 1741 1284 1806 potius
1314 1746 1618 1806 procuretur,
1650 1757 1747 1805 quo
1774 1742 1928 1806 magis

146 1824 349 1873 aliorum
389 1831 535 1890 egent
561 1826 801 1890 suffragiis
829 1831 876 1876 et
906 1842 1000 1890 quo
1029 1825 1189 1873 minus
1221 1826 1310 1874 sibi
1336 1826 1453 1890 ipsis
1482 1826 1722 1889 proficere
1752 1826 1925 1885 valent,

145 1909 435 1958 authoritate
459 1910 741 1974 apostolica,
762 1910 821 1959 de
840 1911 1069 1959 thesauro
1090 1911 1139 1958 S.
1158 1913 1213 1957 R.
1241 1909 1446 1958 ecclesie
1468 1910 1721 1958 animabus
1741 1909 1790 1957 in
1811 1926 1924 1974 pur-

148 1993 333 2056 gatorio
356 1993 673 2042 existentibus
699 2010 792 2057 que
822 2010 910 2058 per
935 1994 1219 2042 charitatem
1241 1993 1301 2041 ab
1327 1993 1420 2042 hac
1449 1993 1557 2041 luce
1582 1994 1771 2042 Christo
1795 1993 1926 2042 unite

148 2077 465 2126 decesserunt
493 2082 541 2125 et
573 2093 684 2141 que,
712 2078 824 2125 dum
855 2077 1085 2135 viverent,
1117 2081 1168 2124 ut
1201 2076 1289 2124 sibi
1309 2076 1456 2141 hujus
1477 2077 1608 2125 modi
1630 2077 1929 2143 indulgentie

148 2160 524 2224 suffragarentur
547 2165 799 2218 venerunt,
826 2164 1029 2225 paterno
1057 2160 1249 2219 affectu,
1275 2164 1506 2223 quantum
1539 2177 1648 2210 cum
1677 2165 1779 2211 Deo
1811 2179 1926 2227 pos-

147 2261 330 2305 sumus,
356 2261 641 2294 succurrere
670 2246 941 2309 cupientes,
967 2246 1026 2294 de
1055 2246 1213 2294 divina
1235 2245 1568 2294 misericordia
1595 2262 1650 2294 ac
1672 2248 1922 2311 potestatis

147 2329 410 2392 apostolice
431 2330 749 2393 plenitudine,
773 2330 994 2378 volumus
1019 2334 1067 2379 et
1096 2330 1427 2390 concedimus,
1455 2335 1506 2378 ut
1528 2331 1567 2378 si
1589 2331 1670 2394 qui
1700 2336 1928 2395 parentes

148 2416 195 2459 et
221 2413 382 2471 amici,
408 2418 487 2461 aut
519 2414 671 2462 ceteri
700 2415 875 2462 Christi
902 2414 1072 2463 fideles
1103 2415 1282 2479 pietate
1308 2414 1539 2462 commoti
1567 2429 1654 2478 pro
1684 2414 1799 2478 ipsis
1829 2415 1933 2462 ani-

150 2495 322 2543 mabus
349 2497 626 2560 purgatorio
658 2497 759 2560 igni
786 2514 874 2561 pro
904 2498 1179 2562 expiatione
1200 2513 1436 2561 penarum
1459 2497 1642 2546 eisdem
1666 2498 1932 2546 secundum

147 2576 356 2624 divinam
372 2577 608 2640 justitiam
642 2578 911 2627 debitarum
939 2579 1188 2643 expositis,
1213 2580 1341 2628 dicto
1358 2580 1527 2643 jubilei
1549 2595 1676 2628 anno
1704 2581 1926 2642 durante,

146 2675 233 2724 pro
248 2661 551 2724 reparatione
570 2661 768 2710 basilice
781 2662 1040 2726 predictis.
1059 2662 1185 2710 Petri
1202 2663 1410 2726 aliquam
1431 2663 1779 2712 eleemosinam
1790 2660 1928 2728 juxta

144 2743 383 2792 dictorum
404 2744 852 2807 penitentiariorum
872 2746 952 2793 vel
979 2746 1180 2810 alicujus
1202 2761 1372 2795 eorum
1396 2747 1749 2796 ordinationem
1771 2747 1924 2797 dictas

144 2827 366 2875 basilicas
388 2832 436 2875 et
457 2828 707 2888 ecclesias,
732 2830 877 2877 modo
898 2830 1136 2894 predicto,
1161 2830 1328 2880 devote
1351 2832 1607 2893 visitando,
1628 2817 1681 2878 in
1713 2849 1859 2898 capsa
1879 2835 1927 2882 in

145 2911 315 2959 eadem
343 2911 540 2959 basilica
569 2928 607 2959 s.
633 2912 761 2961 Petri
792 2913 1020 2977 deputata
1039 2914 1306 2978 posuerint,
1336 2916 1441 2979 ipsa
1466 2916 1749 2980 plenissima
1769 2917 1927 2966 indul-

146 2995 307 3057 gentia
326 3011 412 3059 per
438 2996 637 3044 modum
665 2996 879 3060 suffragii
906 2997 1022 3060 ipsis
1050 2998 1302 3047 animabus
1329 2999 1376 3046 in
1402 3001 1681 3064 purgatorio
1711 3001 1925 3049 existen-

146 3078 288 3136 tibus,
311 3094 396 3141 pro
419 3079 591 3141 quibus
612 3079 789 3128 dictam
805 3081 1165 3146 eleemosynam
1181 3081 1259 3145 pie
1275 3083 1579 3146 erogaverint
1599 3099 1686 3146 pro
1702 3084 1919 3147 plenaria

145 3177 381 3225 penarum
414 3161 708 3210 relaxatione
743 3163 1049 3226 suffragetur.
1090 3167 1352 3228 Preparent
1388 3181 1503 3228 ergo
1538 3180 1707 3214 omnes
1744 3165 1919 3214 Christi

144 3245 311 3292 fideles
333 3245 479 3293 corda
500 3261 586 3294 sua
600 3246 824 3304 Domino,
844 3250 891 3294 et
908 3261 1067 3295 mores
1083 3247 1131 3294 in
1152 3248 1327 3295 melius
1342 3251 1641 3295 commutare
1664 3253 1917 3309 conentur,

144 3344 171 3377 a
197 3329 322 3376 male
350 3329 489 3377 factis
526 3329 815 3390 abstineant,
848 3329 1142 3378 satissaciant
1177 3330 1383 3378 Domino
1413 3345 1500 3393 per
1531 3331 1796 3394 penitentie
1835 3331 1921 3380 do-

143 3411 315 3469 lorem,
346 3427 432 3474 per
463 3411 746 3460 humilitatis
779 3412 1019 3475 spiritum,
1054 3428 1141 3475 per
1173 3412 1392 3460 contristi
1426 3412 1586 3461 cordis
1623 3414 1918 3463 sacrificium
