2216 3886
266 341 336 373 mto
887 334 1116 369 ,ΗΠΙᾸΝΧΙΞ
1156 333 1446 375 ΙᾎΙΤΗΠΠΑΗΙΠ,
1759 337 1924 375 [ftumin-0
1950 341 2043 381 1409]

335 439 516 489 Deinde
537 423 768 485 officiales
793 437 942 499 regni,
970 441 1020 482 ut
1044 451 1204 498 supra,
1226 435 1507 481 thesaurarii
1536 436 1806 497 generales,
1830 440 2038 502 magistri

272 526 461 581 domus,
487 520 751 577 secretarii,
777 517 1049 566 cancellarii
1073 522 1120 564 et
1141 517 1290 564 ceteri
1312 517 1606 579 hujusmodi.

333 611 506 655 Postea
539 603 724 666 equites
766 618 850 648 seu
885 600 1127 648 caballarii
1164 615 1366 647 numero
1400 617 1442 660 L,
1484 602 1710 663 quoniam
1746 603 1917 667 reliqui
1957 621 2044 668 per

266 694 426 755 portas
449 691 587 736 erant
614 684 823 748 deputati
857 699 884 730 a
909 683 1181 730 Mediolano
1214 699 1365 746 usque
1398 683 1458 732 ad
1484 684 1645 732 locum
1674 685 1752 733 ubi
1781 687 1947 749 regina
1969 704 2046 736 re-

265 773 404 831 sidet,
438 786 525 834 per
563 784 683 832 quos
723 767 862 814 facile
904 766 1207 830 paucissimis
1249 767 1381 814 horis
1428 768 1645 830 ejusdem
1687 771 1813 834 regis
1849 777 1894 821 et
1933 773 2043 821 belli

266 860 487 904 eventum
519 852 641 900 scire
671 855 857 915 potest;
890 854 998 914 post
1026 850 1120 897 hoc
1150 854 1196 898 et
1227 854 1335 913 post
1363 850 1470 910 hos,
1502 851 1686 900 heraldi
1721 870 1961 903 armorum
1996 857 2042 904 in

267 942 436 987 ornatu
459 951 544 984 suo
571 939 618 983 et
641 934 908 997 insignibus
931 934 1158 993 Francie;
1183 933 1298 982 item
1321 950 1459 995 reges
1480 951 1741 996 armorum,
1768 954 1877 985 cum
1902 939 2042 987 simili

268 1025 456 1079 ornatu,
499 1034 700 1080 magnas
746 1021 999 1080 argenteas
1045 1032 1228 1064 massas
1284 1033 1367 1065 seu
1420 1018 1574 1081 virgas
1623 1021 1813 1069 coronis
1853 1027 2044 1071 ornatas

266 1105 560 1159 deferentes;
604 1105 712 1165 post
757 1100 951 1147 modum
991 1116 1079 1147 cxx
1122 1100 1366 1160 buccinam,
1410 1102 1664 1150 nonnullas
1703 1104 1852 1168 ipsius
1893 1107 2040 1169 regis,

264 1171 896 1250 quasdam'capitaneorum
932 1188 979 1232 et
1010 1185 1204 1243 ducum,
1251 1184 1469 1234 videlieet
1509 1186 1762 1246 Sabaudie,
1802 1189 2040 1248 Valentia

267 1270 465 1328 Ferrati,
492 1269 783 1317 Salutiarum
803 1273 849 1317 et
870 1269 1185 1332 quorumdam
1208 1268 1427 1317 aliorum.

331 1355 429 1401 Hos
458 1354 782 1416 sequebantur
815 1352 1095 1400 marescalci
1136 1356 1180 1400 et
1219 1352 1297 1400 alii
1328 1359 1577 1416 magnates
1606 1356 1822 1415 Francie,
1853 1356 2037 1409 Alhret,

267 1437 321 1483 (le
341 1437 385 1484 la
411 1436 454 1483 T
449 1437 670 1495 remilla,
701 1436 859 1493 Guisse,
887 1434 1108 1499 Joyeuse,
1133 1436 1463 1499 Montpensier
1483 1442 1529 1485 et
1551 1453 1694 1500 quam
1716 1439 1877 1502 plures
1901 1440 1996 1487 alii.

331 1519 513 1568 Deinde
545 1535 626 1568 sex
659 1519 820 1582 magni
850 1519 960 1582 equi
989 1519 1223 1583 phalerati
1252 1524 1296 1567 et
1332 1519 1485 1568 ornati
1511 1521 1688 1568 auratis
1718 1523 1977 1585 tegmentis
2009 1540 2035 1571 a

265 1604 420 1667 eapite
441 1619 592 1666 usque
615 1603 674 1650 ad.
689 1603 855 1666 pedes,
877 1603 1073 1666 parvulo
1094 1619 1243 1666 puero
1264 1603 1460 1651 cuilibet
1478 1603 1728 1652 insedente
1747 1606 1847 1668 pari
1865 1611 2036 1655 ornatu

264 1686 550 1750 vestituque.

337 1774 448 1819 Post
469 1771 558 1817 hos
588 1785 763 1832 equum
797 1770 1008 1833 regalem
1032 1770 1208 1817 velluto
1236 1770 1400 1817 celesti
1437 1770 1532 1817 sive
1561 1785 1727 1818 azurro
1756 1776 2037 1835 coopertum

267 1853 376 1901 liliis
407 1853 566 1901 aureis
594 1852 806 1915 undique
838 1852 1016 1915 sparsis
1047 1852 1140 1898 dno
1171 1853 1372 1915 juvenes
1402 1853 1580 1901 auratis
1617 1852 1826 1901 vestibus
1858 1854 2028 1914 induti,

268 1936 459 1984 nemine
480 1935 750 1994 insedente,
777 1935 1036 1983 (lucebant.

333 2020 632 2083 Sequebatur
652 2020 806 2083 major
827 2018 1026 2066 scutifer
1037 2019 1255 2077 Francie,
1274 2020 1620 2084 pretiosissime
1643 2026 1839 2070 ornatus
1861 2038 2035 2071 secun-

267 2102 380 2148 ‹lum
417 2101 563 2149 officii
597 2103 666 2149 sui
702 2102 1001 2165 dignitatem,
1034 2118 1158 2165 equo
1190 2119 1365 2165 magno
1388 2108 1616 2167 cooperto
1643 2105 1875 2165 insidens,
1906 2121 2039 2169 mag-

264 2200 380 2231 num
402 2185 612 2247 gladium
635 2186 681 2232 in
700 2186 872 2248 vagina
895 2201 1042 2233 aurea
1069 2201 1236 2234 azurro
1262 2190 1309 2234 et
1335 2186 1446 2233 liliis
1473 2187 1629 2235 aureis
1652 2193 1819 2235 ornata
1840 2190 1885 2234 et
1908 2187 2034 2250 picta

267 2272 487 2331 gestans;
514 2269 594 2331 qui
617 2269 812 2331 quidem
834 2269 1021 2331 gladius
1042 2270 1223 2316 serrum
1247 2269 1485 2333 significat
1501 2270 1705 2333 justitie.

327 2354 366 2398 A
385 2351 535 2399 latere
558 2367 667 2399 vero
693 2353 817 2416 regis
839 2368 958 2416 puer
978 2353 1218 2415 parvulus,
1239 2368 1361 2415 equo
1383 2368 1560 2415 magno
1582 2352 1815 2413 insidens,
1844 2354 2037 2402 vestitus

261 2434 439 2482 velluto
479 2450 644 2483 azurro
685 2452 852 2499 sparso
892 2435 1000 2483 liliis
1039 2436 1216 2494 aureiS,
1241 2436 1429 2498 galeam
1469 2452 1694 2498 magnam
1735 2436 1951 2499 gestabat
1987 2437 2032 2485 in

263 2518 418 2581 capite
442 2522 720 2566 coronatam
750 2534 894 2580 parva
915 2533 1093 2565 corona
1113 2518 1223 2564 liliis
1245 2518 1400 2566 aureis
1419 2522 1465 2566 et
1487 2518 1692 2580 gemmis
1715 2523 1899 2578 ornata,
1925 2506 2037 2568 esti-

260 2602 482 2649 mationis
504 2609 568 2649 Lm
598 2617 871 2650 aureorum.

329 2687 504 2733 Postea
536 2685 728 2748 triginta
755 2685 977 2733 doctores
1010 2690 1056 2733 et
1084 2685 1281 2748 triginta
1307 2685 1501 2745 milites,
1528 2690 1577 2733 ut
1609 2702 1753 2750 supra
1785 2690 2032 2733 narratum

263 2773 353 2825 est,
381 2769 534 2815 ornati
558 2769 754 2827 amictu,
780 2768 982 2831 pedibus
1005 2783 1114 2815 cum
1135 2783 1248 2831 rege
1271 2768 1374 2831 ipso
1396 2768 1806 2830 ingrediebantur,
1832 2783 2036 2832 quorum

264 2850 407 2912 aliqui
431 2850 627 2913 pallium
651 2866 795 2913 supra
820 2850 1117 2908 deferebant,
1143 2850 1222 2897 alii
1251 2850 1379 2897 circa
1406 2851 1630 2898 eumdem
1654 2867 1819 2914 regem
1841 2850 2037 2898 incede-

262 2931 392 2977 bant.
436 2930 621 2993 Reliqui
659 2930 873 2977 fimbrias
913 2930 1043 2991 regie
1079 2929 1368 2993 chlamydis3
1403 2931 1621 2977 nonnulli
1665 2931 1808 2979 etiam
1851 2932 2036 2996 regium

259 3029 435 3076 equum
466 3029 575 3061 cum
618 3014 773 3077 parvis
807 3014 966 3061 cordis
1010 3013 1178 3061 sericis
1215 3013 1402 3061 frenum
1436 3013 1694 3074 ducebant,
1734 3014 1811 3061 alii
1849 3018 2034 3063 tantum

256 3097 559 3144 assistebant.
594 3098 696 3152 Qua
729 3096 786 3144 de
814 3111 864 3144 re
895 3095 1175 3159 interrogati
1206 3112 1317 3143 cum
1346 3096 1545 3144 fuissent
1573 3097 1765 3160 plurimi
1794 3098 1905 3161 quid
1941 3098 2029 3146 sibi

258 3179 394 3228 vellet
422 3180 550 3242 quod
579 3181 695 3227 tales
713 3184 774 3229 xet
801 3184 898 3227 tam
935 3179 1227 3228 excellentes
1258 3179 1342 3228 viri
1381 3184 1428 3227 et
1467 3181 1816 3243 pretiosissimo
1851 3181 2028 3229 amictu

256 3263 427 3320 ornati,
467 3277 525 3310 eo
561 3263 704 3310 modo
739 3267 785 3310 et.
829 3263 1015 3322 ordine,
1055 3264 1257 3327 pedibus
1298 3263 1581 3310 incederent
1618 3281 1627 3312 :
1675 3265 2030 3329 responderunt

256 3344 517 3408 principem
552 3346 728 3394 debere
759 3346 818 3394 ad
843 3347 968 3395 latus
1001 3348 1104 3410 ejus
1140 3349 1380 3411 sapientes
1417 3354 1462 3397 et
1493 3349 1716 3396 doctores
1749 3347 1950 3406 habere,
1981 3350 2028 3394 ut

257 3427 514 3490 reipublice
551 3429 850 3489 consulatum
888 3430 1063 3478 milites
1094 3446 1224 3489 vero,
1264 3432 1343 3494 qui
1378 3431 1605 3495 principis
1649 3430 1874 3478 mandata
1909 3445 2023 3477 exe-
