2216 3886
325 291 393 325 5741
929 287 1160 324 JOHANle
1197 287 1489 329 BURCHARIM,
1760 287 1973 328 [Novemhre
1999 290 2090 327 mee}

328 390 603 439 relictorum
654 390 753 437 tieri
796 389 1112 446 mandavisse,
1149 387 1244 434 dixi
1281 388 1372 434 hoc
1411 387 1658 434 Sanctitati
1699 402 1782 434 sue
1819 389 2090 451 supplicans

326 473 604 536 dignaretur
624 471 780 518 eidem
802 471 1111 534 gubernatori
1133 474 1183 517 ut
1204 485 1373 516 manus
1400 469 1663 532 deponeret
1683 474 1729 517 et
1751 474 2089 519 testamentum

323 555 369 602 in
391 555 519 603 nullo
541 553 813 616 impediret,
838 553 1083 600 mandare.
1111 552 1374 615 Respondit
1402 553 1518 599 mihi
1547 553 1781 600 Sanctitas
1810 569 1895 601 sua
1915 555 2091 616 guber-

320 642 537 685 natorem
560 637 682 684 hene
710 636 899 695 fecisse,
925 652 1068 698 quem
1091 636 1150 683 ad
1169 652 1219 684 se
1241 636 1424 683 vocavit
1445 641 1489 684 et
1510 636 1552 683 ei
1578 639 1817 684 secretum
1840 637 1899 684 ad
1924 653 2088 685 aurem

321 720 562 767 commisit
590 723 639 766 ut
665 719 723 767 de
747 719 963 782 pecuniis
986 723 1032 766 et
1062 719 1226 767 nescio
1254 719 1426 782 quibus
1456 719 1559 766 aliis
1587 719 1903 782 perquireret,
1930 724 1977 768 et
2002 720 2089 783 ipsi

323 806 444 865 Pape
491 802 706 850 inventas
751 803 1075 866 consignaret.
1116 803 1439 861 Gubernator,
1476 802 1534 850 de
1574 802 1750 865 palatio
1796 803 1855 850 ad
1895 803 2091 850 domum
2163 811 2168 817 '

317 901 453 933 suam
486 885 695 944 rediens,
726 885 968 933 mandavit
1001 886 1260 934 factoribus
1292 885 1468 933 banchi
1500 886 1644 934 Ulrici
1676 886 1883 949 Fuggeri
1914 890 1960 935 et
1994 886 2090 936 fra-

319 974 441 1016 trum
470 973 794 1017 mercatorum
814 972 1088 1032 ¹Romanam
1118 968 1300 1016 curiam
1333 967 1654 1030 sequentium,
1685 968 1772 1015 sub
1800 983 1894 1030 qua
1924 968 2088 1015 nescio

312 1052 441 1115 gravi
466 1068 609 1115 pena,
632 1068 691 1100 ne
715 1052 943 1116 pecunias
966 1067 1292 1115 quascumque
1313 1052 1439 1098 bone
1462 1052 1695 1099 memorie
1728 1051 1940 1115 episcopi
1964 1051 2087 1099 Sles-

313 1134 515 1183 vicensis
552 1134 870 1198 pertinentes,
908 1134 1153 1197 cuiquam,
1192 1134 1293 1181 siue
1329 1149 1556 1197 expressa
1590 1134 1781 1182 licentia
1815 1136 1899 1182 SS.
1935 1137 1990 1182 D.
2026 1136 2081 1182 N.

313 1233 454 1281 pape,
487 1217 559 1265 vel
593 1217 678 1265 sihi
718 1217 961 1266 traderent
995 1217 1068 1265 vel
1102 1216 1419 1279 assignarent.
1449 1216 1582 1263 Idem
1615 1216 1729 1263 fecit
1765 1215 1891 1278 apud
1923 1215 2084 1278 plures

312 1301 429 1349 alios
451 1305 772 1360 1nercatores3
798 1317 853 1348 ac
875 1304 931 1348 D.
957 1301 1283 1357 Franciscum,
1311 1300 1579 1348 auditorem
1603 1316 1742 1348 suum
1764 1315 1875 1347 cum
1897 1299 2083 1348 notario

311 1389 359 1433 et
388 1385 589 1433 testibus
620 1385 680 1432 ad
713 1385 911 1433 domum
939 1384 1150 1448 episcopi
1183 1383 1398 1432 defuncti
1429 1384 1639 1442 mittens,
1674 1383 1990 1431 inventarium
2025 1382 2083 1431 de

310 1468 532 1517 omnibus
551 1469 689 1515 bonis
718 1467 822 1516 fieri
850 1467 977 1515 fecit.
1003 1467 1131 1515 Nihil
1160 1467 1270 1514 inde
1301 1467 1582 1531 exportavit,
1606 1467 1691 1514 sed
1712 1466 1874 1514 onmia
1896 1465 2014 1513 mihi
2037 1472 2082 1514 et

311 1553 518 1601 dominis
550 1553 756 1600 Henrico
793 1553 922 1600 Bode
952 1556 999 1599 et
1029 1544 1328 1599 Theoderico
1358 1551 1416 1598 de
1451 1553 1651 1614 Eynem,
1683 1550 2083 1599 coexecutoribus

312 1634 449 1694 meis,
477 1651 555 1684 me
584 1636 652 1682 sic
673 1639 871 1699 rogante
893 1636 941 1683 in
963 1635 1238 1697 depositum
1268 1632 1583 1697 consignavit.
1611 1633 1763 1681 Habui
1792 1638 1960 1696 postea
1983 1650 2085 1680 lna-

312 1734 456 1781 gnam
473 1718 862 1778 sollicitudinem,
877 1722 1136 1780 antequam
1152 1717 1428 1764 mandatum
1446 1716 1779 1779 gubernatoris
1796 1715 2082 1779 predictum,

310 1817 398 1864 per
429 1801 827 1849 intercessionem
858 1801 1195 1849 Ulixbonensis
1227 1805 1272 1848 et
1300 1799 1526 1848 Senensis
1555 1799 1866 1847 cardinalium
1896 1800 2085 1863 predIc-

313 1887 490 1943 torum,
523 1885 649 1947 apud
681 1887 763 1932 SS.
803 1886 858 1932 D.
894 1886 948 1931 N.
975 1884 1187 1932 revocari
1218 1889 1265 1932 et
1291 1883 1563 1947 depositum
1592 1883 1786 1931 liberari
1822 1887 1869 1931 et
1901 1883 2083 1931 restitui

311 1985 337 2015 a
365 1968 623 2016 Sanctitate
655 1984 741 2015 sua
764 1967 1051 2016 obtinerem.
1095 1967 1231 2024 Quod
1272 1966 1467 2014 tandem
1503 1971 1611 2029 post
1645 1965 1816 2013 multas
1845 1965 1946 2013 dies
1975 1982 2083 2013 cum

311 2052 549 2100 Sanctitas
575 2068 661 2100 sua
687 2052 813 2099 clare
842 2051 1154 2099 intellexisset
1192 2050 1346 2098 nullas
1374 2049 1603 2113 pecunias
1638 2049 1847 2112 episcopi
1884 2049 1933 2096 in
1966 2049 2085 2096 ban-

309 2135 412 2183 chis
442 2151 548 2184 esse
585 2151 671 2198 per
702 2135 825 2183 viam
848 2135 1051 2199 depositi
1083 2135 1168 2183 sed
1200 2150 1375 2198 paucas
1408 2150 1494 2197 per
1522 2133 1706 2181 litteras
1742 2132 1934 2190 cambii,
1969 2149 2083 2194 quas

309 2219 601 2282 guberuator
629 2220 809 2266 habere
831 2235 928 2265 non
949 2221 1136 2281 poterat
1158 2217 1259 2265 sine
1280 2216 1523 2273 violentia,
1550 2215 1752 2262 obtinui.

376 2302 514 2358 Quod
536 2302 748 2365 episcopi
771 2301 984 2350 defuncti
1014 2301 1231 2349 voluntas
1256 2305 1357 2348 rata
1383 2300 1536 2358 fieret,
1560 2315 1731 2362 parum
1762 2302 1869 2362 post
1898 2297 2081 2346 obitum

306 2385 394 2438 fuit
425 2386 635 2444 levatus3
662 2391 708 2433 et
738 2386 841 2448 quia
875 2401 961 2448 per
997 2388 1337 2432 testamentum
1372 2383 1439 2430 sic
1470 2382 1789 2440 ordinaverat,
1814 2386 2007 2445 apertus
2035 2387 2081 2429 et

308 2485 391 2516 cor
412 2470 516 2533 ejus
539 2470 596 2517 de
626 2470 854 2517 cadavere
884 2469 1096 2517 excisum
1125 2474 1172 2515 et
1199 2471 1483 2526 extractum,
1510 2466 1805 2514 aromatibus
1836 2466 2080 2514 conditum

307 2557 353 2600 et
394 2553 441 2599 in
481 2553 639 2616 pixide
674 2553 902 2616 plumbea
941 2569 1085 2615 quam
1122 2552 1182 2599 ad
1219 2552 1312 2599 hoc
1354 2550 1459 2610 fieri
1496 2550 1699 2598 fecimus
1735 2547 1998 2613 repositum
2035 2554 2081 2598 et

309 2636 503 2697 plumbo
523 2636 757 2684 clausum.
787 2636 994 2685 Vestitus
1017 2640 1086 2684 est
1111 2634 1284 2683 deinde
1313 2633 1534 2681 omnihus
1554 2634 1766 2682 vestibus
1794 2630 2080 2695 quotidianis

305 2723 351 2766 et
371 2717 753 2782 pontificalibus3
779 2720 958 2767 dictum
981 2719 1109 2766 circa
1136 2718 1352 2766 officium
1384 2721 1682 2765 mortuorum
1705 2732 1791 2780 per
1808 2713 2080 2779 capellanos

308 2799 557 2864 hospitalis
585 2801 755 2861 nostri,
782 2806 827 2849 et
856 2801 931 2850 die
956 2808 1206 2864 sequente,
1233 2799 1415 2848 scilicet
1436 2799 1579 2864 jovis,
1608 2801 1632 2844 7
1653 2798 1944 2855 novembris,
1967 2812 2079 2860 por-

311 2887 456 2930 tatum
479 2884 620 2931 sunus
643 2885 700 2931 dc
721 2885 864 2932 domo
887 2883 1118 2947 predicta,
1145 2888 1276 2931 recta
1296 2883 1384 2940 via,
1411 2882 1512 2930 sine
1541 2875 1703 2944 aliqua*
1719 2882 1997 2930 circuitione
2019 2880 2077 2928 ad

304 2966 559 3015 ecclesiam
596 2967 708 3015 dicti
737 2967 988 3030 hospitalis
1015 2967 1183 3014 nostri.
1210 2968 1551 3014 precesserunt
1583 2965 1796 3028 religiosi
1826 2982 1863 3012 s.
1889 2968 2079 3028 Augus—

306 3049 388 3096 tini
411 3066 531 3113 quos
563 3056 722 3100 tamen
742 3051 1031 3109 vocavimus,
1058 3053 1103 3097 ct
1131 3049 1357 3112 parochie
1382 3052 1539 3096 rector
1560 3065 1669 3096 cum
1697 3048 1859 3096 multis
1885 3047 2080 3112 presby—

306 3132 417 3179 teris
441 3133 583 3181 sociis
607 3134 721 3193 suis,
740 3138 847 3197 post
870 3149 989 3196 quos
1008 3149 1065 3180 XL
1082 3132 1314 3179 intortitia
1331 3132 1666 3195 portabantur3
1687 3137 1732 3180 et
1754 3131 2078 3195 sequebantur

302 3216 445 3262 funus
481 3221 588 3265 octo
627 3218 800 3265 funesti
836 3233 1040 3280 quorum
1085 3217 1277 3264 ultimus
1311 3221 1413 3264 erat
1445 3217 1660 3279 Egerdus
1695 3215 1895 3273 Sterior,
1926 3229 2076 3277 nepos

305 3298 536 3347 defuncti.
562 3301 646 3349 Ivit
673 3301 800 3349 inter
821 3301 938 3355 duos
967 3300 1248 3363 episcopos,
1283 3300 1360 3347 alii
1387 3299 1554 3363 prelati
1588 3299 1916 3362 sequebantur
1941 3309 2094 3345 more·

313 3381 468 3429 solito.
497 3387 677 3447 Regale
711 3386 898 3432 fuerunt
933 3388 978 3432 et
1010 3387 1174 3432 vocate
1210 3383 1387 3431 familie
1420 3386 1706 3431 RRmorum.
1735 3384 1832 3429 Dl).
1859 3379 2076 3428 cardina-
