2228 3938
324 378 371 412 28
934 372 952 408 J
959 371 1168 409 OHANNIS
1203 371 1499 420 BURCHARDI,
1783 377 1994 418 [Decembre
2016 379 2112 419 1492]

322 481 480 545 ipsum
501 484 634 528 extra
652 478 918 543 periculum
940 493 1066 537 esse,
1092 493 1147 526 ac
1168 478 1401 528 rusticum
1423 477 1692 541 predictum
1712 478 1895 528 visione
1919 480 2103 529 diaboli

325 564 420 630 (qui
442 568 553 612 ante
572 579 634 611 xx
654 577 806 610 annos
831 563 917 609 sub
940 562 1100 626 specie
1128 562 1286 626 angeli
1317 562 1360 610 ei
1385 562 1623 625 apparuit,
1655 566 1704 610 et
1724 564 1919 612 nomine
1943 564 2102 612 omni-

323 647 533 712 potentis
566 646 652 695 Dei
681 646 769 694 sibi
798 645 1038 693 commisit
1072 660 1237 708 regem
1268 645 1445 693 debere
1474 644 1713 702 occidere,
1741 647 1970 709 quoniam
2000 647 2104 711 ipse

326 747 411 779 rex
429 735 556 780 esset
579 731 781 788 futurus,
808 730 995 792 sibique
1026 729 1294 778 inhibuisse
1318 746 1379 777 ne
1406 729 1683 793 hujusmodi
1707 731 1879 794 cuique
1901 732 2108 780 confite-

327 820 477 873 retur,
514 829 569 862 ac
605 818 775 877 postea
813 812 976 861 multis
1019 817 1161 876 atque
1201 812 1385 861 iteratis
1420 812 1604 862 vicibus
1639 813 1727 861 sibi
1763 814 1939 862 iterum
1965 819 2108 879 atque

327 898 505 946 iterum
540 897 823 961 apparuisse
865 901 912 946 et
949 897 1009 944 ad
1047 896 1284 960 premissa
1315 896 1472 960 ipsum
1508 897 1819 963 animaverat)
1853 897 1903 945 id
1934 913 2109 963 perpe-

324 985 495 1041 trasse,
536 984 678 1044 atque
716 982 944 1029 eumdem
976 980 1228 1039 rusticum,
1274 980 1517 1028 honorum
1546 981 2108 1047 persuasionibus,·post

329 1066 576 1125 delictum,
603 1070 650 1113 et
670 1066 997 1129 predictorum
1019 1064 1364 1112 revelationem
1393 1065 1452 1112 ad
1480 1065 1837 1114 confessionem
1862 1065 2111 1114 inductum

330 1150 497 1198 fuisse.
539 1151 643 1206 Qua
683 1149 826 1208 facta,
863 1149 1015 1196 visum
1048 1148 1196 1196 fuisse
1228 1163 1452 1211 squamas
1474 1149 1579 1198 sine
1601 1153 1703 1198 rete
1738 1149 1798 1197 ab
1830 1149 1982 1198 oculis
2014 1150 2112 1198 suis

326 1232 558 1282 cecidisse
593 1248 649 1280 ac
680 1233 841 1281 statim
875 1248 934 1281 ex
967 1232 1111 1281 corde
1145 1232 1411 1295 penituisse
1448 1247 1598 1295 seque
1633 1232 1916 1297 gravissima
1951 1237 2109 1282 morte

327 1317 524 1380 dignum
543 1320 814 1380 reputasse,
841 1317 1004 1380 sicque
1027 1317 1183 1380 ipsum
1206 1320 1424 1365 extremo
1457 1316 1691 1381 supplicio
1713 1315 2108 1375 condemnatum,

327 1400 457 1463 quod
485 1400 648 1448 omnia
677 1400 912 1460 membra,
949 1401 1046 1449 sive
1080 1401 1411 1449 membrorum
1448 1400 1748 1464 singulorum
1782 1399 2111 1449 extremitates

328 1484 598 1533 successive
633 1488 681 1533 et
714 1484 1004 1548 interpolato
1042 1489 1280 1548 tempore,
1318 1484 1488 1532 eadem
1528 1488 1691 1532 tamen
1726 1483 1823 1543 die,
1865 1482 2113 1532 abscinde-

331 1571 514 1616 rentur.
553 1571 696 1616 Jussu
734 1573 897 1616 autem
937 1568 1121 1631 regine,
1161 1583 1222 1616 ne
1263 1584 1409 1616 causa
1451 1567 1541 1616 sibi
1575 1567 1772 1616 daretur
1804 1566 2108 1631 desperandi,

330 1651 469 1700 datus
491 1654 561 1699 est
585 1651 672 1700 sibi
698 1652 747 1699 in
773 1651 941 1715 primis
970 1652 1124 1716 gravis
1154 1651 1275 1700 ictus
1311 1651 1361 1698 in
1395 1651 1550 1715 capite
1578 1654 1628 1698 ut
1658 1651 1798 1698 citius
1819 1654 2108 1710 moreretur,

331 1741 378 1785 et
414 1735 724 1784 sensualitate
758 1735 826 1783 sic
855 1735 974 1796 lesa,
1008 1736 1168 1783 minus
1191 1739 1438 1799 pateretur
1462 1735 1511 1782 in
1541 1734 1836 1782 abscissione
1864 1734 2112 1784 membro-

332 1837 455 1869 rum.
484 1820 684 1879 Quibus,
709 1835 796 1884 per
814 1819 977 1869 literas
999 1820 1155 1882 regias
1179 1835 1319 1867 xxvn
1339 1819 1485 1883 hujus
1522 1818 1722 1878 mensis,
1754 1819 1837 1867 SS.
1863 1821 1919 1867 D.
1945 1821 2000 1867 N.
2026 1834 2114 1882 per

334 1905 588 1968 episcopos
615 1903 930 1952 Pacentinum
953 1907 1001 1951 et
1019 1902 1379 1951 Astoricensem
1401 1906 1617 1950 oratores
1638 1907 1941 1966 presentatas
1963 1903 2112 1951 Sanc-

331 1987 455 2035 titati
497 2002 601 2046 sue,
643 1986 950 2049 significatis,
997 1986 1161 2034 statuit
1201 1986 1440 2035 Sanctitas
1474 2002 1562 2034 sua
1594 1985 1795 2034 missam
1831 1987 1881 2034 in
1918 1986 2111 2036 laudem

329 2071 538 2135 gloriose
567 2070 765 2133 virginis
793 2069 942 2118 Marie
969 2085 1056 2134 pro
1080 2070 1193 2118 dicti
1223 2070 1353 2133 regis
1381 2070 1767 2118 convalescentia
1792 2069 2037 2118 decantari
2063 2069 2111 2116 in

331 2155 517 2218 capella
537 2154 759 2218 ejusdem
784 2154 924 2202 beate
951 2153 1099 2202 Marie
1127 2153 1186 2201 de
1209 2153 1441 2202 Febribus
1459 2154 1598 2217 juxta
1621 2153 1870 2201 basilicam
1892 2169 1931 2200 s.
1961 2153 2109 2209 Petri,

330 2238 407 2287 die
427 2238 613 2286 sabbati
636 2242 695 2286 29
724 2238 836 2286 dicti
865 2237 1047 2285 mensis
1074 2236 1366 2295 decembris,
1391 2241 1439 2285 et
1466 2252 1524 2285 ea
1549 2236 1684 2284 finita
1712 2236 1895 2284 vultum
1920 2236 2112 2284 Domini

332 2327 380 2370 et
400 2321 621 2369 lanceam
648 2321 824 2384 populo
853 2320 1060 2379 ostendi,
1091 2335 1146 2368 ac
1174 2320 1332 2383 ipsum
1359 2319 1487 2367 diem
1509 2319 1568 2368 ab
1596 2320 1818 2368 omnibus
1847 2319 2110 2367 artificibus

332 2420 387 2453 ac
411 2404 516 2452 aliis
544 2407 790 2467 tamquam
822 2404 1038 2452 solemne
1066 2403 1242 2451 festum
1271 2402 1523 2461 celebrari,
1557 2403 1687 2466 quod
1715 2407 1763 2466 et
1793 2402 1983 2467 publice
2003 2418 2111 2466 pro-

332 2487 529 2536 clamari
551 2492 599 2536 et
619 2504 708 2552 per
728 2488 947 2537 scedulas
981 2487 1030 2535 in
1052 2487 1251 2536 diversis
1274 2487 1468 2537 aciebus
1501 2486 1642 2537 Urbis
1674 2486 1846 2536 'affixas
1866 2485 2108 2550 propalari

330 2572 464 2620 fecit.

396 2656 484 2704 Die
520 2656 664 2719 igitur
690 2655 893 2715 sabbati,
926 2660 1094 2720 parata
1120 2655 1304 2720 capella
1335 2655 1551 2720 predicta
1572 2655 1631 2704 de
1653 2654 1901 2714 Febribus,
1937 2651 2109 2717 pannis

333 2738 491 2786 aureis
514 2738 695 2786 circum
717 2739 846 2787 circa
866 2755 921 2788 ac
943 2739 1107 2798 altare,
1134 2743 1181 2787 et
1198 2739 1324 2788 intra
1340 2739 1566 2788 ferratam
1588 2738 1685 2786 sive
1708 2736 1994 2796 cancellum,
2019 2751 2110 2784 nec

335 2836 430 2868 non
451 2822 607 2885 prima
628 2823 813 2886 capella
830 2823 889 2871 ad
911 2823 1155 2871 sinistram
1177 2822 1398 2870 intrantis
1420 2822 1598 2870 dictam
1618 2822 1855 2886 maj0rem
1876 2819 2109 2884 capellam

333 2919 418 2968 pro
441 2905 716 2953 cantoribus
737 2906 1025 2970 perpulchre
1049 2907 1283 2955 similibus
1310 2906 1480 2970 pannis
1507 2911 1745 2970 paratam,
1769 2919 1824 2952 ac
1846 2903 1961 2951 sede
1985 2906 2110 2966 Pape

335 2988 383 3034 in
406 2987 626 3051 opposito
648 2988 809 3036 altaris
836 2989 1004 3051 prefati
1031 2990 1171 3039 beate
1198 2989 1347 3038 Marie
1375 3005 1431 3038 ac
1455 2989 1649 3038 sedibus
1676 3003 1762 3051 pro
1790 2985 2110 3034 cardinalibus

334 3150 404 3175 nus
423 3139 556 3186 intulit,
577 3151 645 3176 nec
664 3140 757 3176 bene
777 3140 897 3177 fidunt
916 3141 1047 3177 medici
1068 3153 1294 3178 evasurusne
1315 3141 1363 3179 sit
1382 3142 1477 3187 Rex,
1497 3153 1565 3176 nec
1584 3152 1643 3177 ne.
1666 3140 1868 3176 Percussor
1880 3139 1997 3176 tribus
2012 3138 2107 3176 illico

336 3198 545 3235 vulneribus
565 3199 773 3246 confossus,
794 3198 943 3247 imperio
963 3200 1092 3248 Regis,
1114 3204 1236 3248 utquo
1248 3200 1397 3237 consilio
1416 3200 1453 3236 id
1468 3199 1596 3248 egerit,
1617 3199 1769 3247 intelligi
1780 3198 1911 3247 possit,
1927 3203 2104 3236 servatur.

334 3258 415 3295 Fuit
434 3258 493 3294 hic
513 3258 694 3295 infaustus
713 3258 790 3295 dies
810 3259 1026 3304 decembris,
1050 3259 1188 3295 circiter
1206 3250 1403 3305 meridiem,
1424 3259 1493 3296 sub
1514 3259 1588 3295 sole
1608 3258 1793 3296 nubilo....

1018 3351 1037 3371 «
1059 3337 1311 3383 Barchinonae,
1333 3337 1382 3375 VI
1402 3337 1489 3373 Idus
1510 3337 1719 3374 novembris
1743 3339 1848 3376 1492.
1873 3353 1891 3372 »

319 3442 321 3446 ’
382 3431 511 3481 (Epist.
535 3432 680 3480 CXXV,
702 3431 765 3470 lib.
788 3432 833 3478 V,
855 3445 890 3481 p.
913 3433 974 3479 69,
996 3433 1081 3470 edit.
1105 3433 1168 3471 elz.
1192 3434 1313 3479 1670).

379 3491 472 3540 Voy.
496 3491 548 3529 les
563 3493 658 3530 deux
673 3493 797 3531 lettres
811 3493 1010 3540 suivantes,
1027 3493 1359 3533 CXXVI-CXXVII
1378 3506 1442 3532 sur
1454 3494 1486 3531 le
1506 3497 1621 3532 meme
1636 3495 1732 3543 sujet
1744 3498 1781 3532 et
1793 3493 1828 3532 la
1840 3493 1943 3532 lettre
1958 3492 2103 3530 CXXX.
