2222 3926
327 329 397 366 264
931 326 950 362 J
955 324 1082 363 OHAN
1086 325 1115 361 N
1120 325 1162 361 IS
1197 323 1490 370 BURCHARDI,
1835 324 1991 365 [Fevrier
1999 328 2020 359 Δ1
2029 327 2103 367 496]

397 430 552 479 Finita
578 429 742 488 missa,
777 431 861 478 SS.
893 432 950 478 D.
976 432 1141 477 noster
1167 427 1227 476 ad
1256 426 1654 490 supplicationem
1674 441 1832 475 meam
1864 429 2102 479 concessit

329 515 467 564 nobis
500 515 686 563 clericis
726 512 1131 569 ceremoniarum,
1161 509 1438 558 cantoribus
1469 515 1517 558 et
1539 510 1643 558 aliis
1664 510 1723 559 de
1749 510 1932 574 capella
1959 514 2104 561 Sanc-

332 599 479 648 titatis
522 596 959 646 suevexistentibus
994 593 1123 656 quod
1162 593 1333 657 singuli
1364 593 1607 656 possimus
1641 593 1818 657 eligere
1855 582 2103 642 confessoss

330 697 449 740 rem,
488 681 567 744 qui
601 695 689 727 nos
723 680 782 726 ab
820 677 1044 726 omnibus
1084 676 1292 736 casibUS,
1328 676 1472 725 etiam
1512 677 1784 742 specialiter
1821 677 1921 726 sedi
1961 692 2102 741 apos-

329 764 492 813 tolice
538 762 792 810 reservatis
835 764 897 809 et
956 759 1221 825 plenariam
1275 759 1622 824 indulgentiam
1671 765 1718 809 et
1767 760 2102 810 remissionem

328 847 544 895 omnium
579 849 889 909 peccatorum
927 847 1205 892 nostrorum
1237 842 1450 903 indulsit,
1481 848 1527 891 et
1561 843 1691 907 quod
1728 843 1964 892 visitando
2004 843 2102 891 sin-

326 930 449 997 gulis
471 929 642 978 diebus
664 928 813 977 altare
844 928 1000 991 majus
1031 926 1226 975 basilice
1253 943 1292 975 S.
1317 928 1445 976 Petri
1476 943 1831 992 consequamur
1847 912 2104 992 indulgen-

325 1014 414 1063 tias
436 1013 733 1077 singularum
756 1011 1017 1061 stationum
1043 1010 1259 1059 omnium
1289 1011 1602 1060 ecclesiarum
1630 1011 1788 1062 Urbis.
1812 1012 1916 1060 Alia
1941 1010 2105 1060 obser-

323 1084 430 1146 rata
450 1101 560 1145 sunt
577 1111 712 1144 more
737 1095 895 1144 solito,
1948 1079 1953 1085 ’

387 1180 524 1229 Feria
545 1186 696 1239 sexta,
725 1183 780 1229 19
804 1179 985 1227 mensis
1009 1178 1252 1238 februarii,
1277 1180 1361 1228 SS
1387 1182 1442 1228 D
1459 1179 1650 1227 noster
1639 1196 1687 1227 1n
1704 1184 1891 1229 secreto
1913 1181 2101 1229 consis-

321 1251 444 1313 torio
473 1264 539 1326 (1)
569 1264 745 1312 creavit
773 1268 819 1312 et
850 1262 1108 1328 publicavit
1136 1268 1343 1327 quatuor
1368 1279 1515 1311 novos
1553 1263 1840 1323 cardinales,
1879 1263 2103 1313 videlicet

322 1349 420 1396 RR.
440 1350 531 1396 ΡΡ.
553 1350 654 1396 DD.
675 1347 1070 1396 Bartholomeum
1088 1347 1369 1411 episcopum
1398 1347 1799 1411 Segobricensem
1818 1347 2103 1418 magistrum

321 1430 493 1479 domus
515 1431 675 1496 palatii
700 1430 967 1495 apostolici,
995 1431 1264 1479 Johannem
1281 1430 1560 1495 episcopum
1578 1431 1965 1495 Agrigentinum,
2000 1447 2103 1480 cas-

322 1514 553 1563 tellanum
576 1532 614 1564 s.
638 1514 812 1579 Angeli
833 1514 892 1563 de
915 1514 1345 1574 Urbe,Johannem
1367 1515 1647 1578 episcopum
1671 1514 1955 1564 Perusinum
1971 1515 2103 1564 data-

323 1597 465 1657 rium,
488 1602 534 1647 et
553 1601 576 1647 J
582 1599 827 1647 ohannem
844 1598 902 1646 de
925 1598 1117 1662 Borgia,
1135 1584 1555 1662 prothonotarium
1571 1598 1903 1662 apostolicum,
1923 1598 2100 1648 sororis

327 1682 602 1743 Sanctitatis
637 1699 722 1731 sue
751 1673 1073 1746 nepotem'ab
1092 1682 1219 1731 Urbe
1251 1681 1519 1742 absentem,
1545 1686 1592 1730 et
1614 1697 1722 1730 cum
1742 1697 1855 1746 rege
1876 1682 2101 1747 Neapoli-

327 1770 440 1814 tano
463 1781 522 1814 ex
554 1765 949 1814 commissionem
977 1769 1024 1814 et
1044 1765 1284 1829 legatione
1312 1765 1532 1829 ejusdem
1559 1767 1616 1814 D.
1642 1768 1697 1815 N.
1723 1781 1844 1830 pape
1866 1765 2105 1833 constitu—-

323 1854 440 1898 tum.
460 1848 604 1897 Primi
627 1865 738 1898 vero
759 1855 858 1898 tres
879 1853 1130 1914 presentes
1148 1849 1195 1896 in
1217 1849 1393 1913 palatio
1416 1849 1679 1914 apostolico
1695 1850 1821 1914 apud
1841 1866 1880 1898 s.
1906 1852 2106 1918 Petrum·

321 1932 402 1980 ubi
419 1932 762 1981 consistorium
778 1932 942 1993 fiebat,
961 1918 1152 1980 interim
1168 1932 1297 1996 quod
1312 1931 1446 1981 fieret
1466 1938 1600 1982 erant
1614 1933 1662 1981 in
1682 1949 1874 2002 camera
1885 1936 1944 1982 D.
1956 1931 2111 2001 Card.

320 2016 563 2067 Valentini
586 2021 897 2082 expectantes
921 2017 1113 2065 beatam
1135 2032 1270 2080 spem
1297 2032 1308 2064 z
1333 2016 1469 2065 finito
1495 2017 1796 2078 consistorio,
1821 2017 1976 2066 vocati
1996 2018 2099 2087 fue-

319 2105 431 2149 runt
452 2101 510 2149 de
525 2100 752 2149 mandato
776 2102 859 2148 SS.
886 2103 943 2149 D.
970 2102 1027 2149 N.
1052 2115 1174 2165 pape
1192 2099 1252 2148 ad
1275 2100 1550 2148 Sanctitatis
1574 2116 1657 2149 sue
1686 2104 1733 2149 et
1754 2101 1970 2150 omnium
1991 2117 2100 2150 car-

323 2182 556 2231 dinalium
590 2183 889 2247 presentiam
918 2188 965 2232 et
997 2183 1180 2247 recepti
1209 2182 1270 2231 ad
1290 2183 1508 2231 osculum
1529 2184 1725 2247 pedum,
1750 2200 1919 2232 manus
1935 2189 1980 2234 et
2002 2184 2107 2252 oris-

321 2267 597 2315 Sanctitatis
621 2283 726 2326 sue,
748 2267 808 2315 ad
830 2267 925 2315 oris
949 2266 1168 2315 osculum
1187 2265 1246 2314 ab
1269 2265 1492 2314 omnibus
1507 2267 1846 2326 cardinalibus,
1865 2284 2017 2338 usque
2037 2268 2098 2318 ad

321 2366 567 2399 cameram
598 2351 771 2414 prefati
801 2349 1057 2399 cardinalis
1081 2348 1322 2399 Valentini
1364 2349 1620 2399 ordinatim
1655 2351 1897 2400 associati.
1936 2352 2095 2401 Primo

325 2433 451 2482 inter
473 2433 690 2482 seniores
711 2434 939 2482 diaconos
960 2433 1010 2481 in
1024 2432 1193 2480 ultimo
1206 2432 1331 2485 loco,
1351 2433 1564 2482 secundo
1578 2434 1703 2482 inter
1720 2435 1839 2483 alios
1860 2435 1982 2484 duos
2001 2436 2099 2484 dia-

325 2533 493 2589 conOS,
543 2518 864 2567 cardinalibus
904 2517 1257 2577 incedentibuS,
1303 2519 1429 2581 Papa
1471 2516 1538 2564 sic
1562 2517 1764 2580 jubente
1792 2522 1840 2567 et
1862 2519 1988 2568 male
2013 2535 2023 2568 :
2048 2519 2094 2567 in

321 2617 514 2651 camera
529 2602 748 2666 predicta
772 2606 974 2666 egerunt
988 2601 1098 2650 novi
1117 2601 1292 2666 gratias
1308 2600 1515 2665 antiquis
1533 2600 1855 2650 cardinalibus
1869 2602 2097 2651 deducto-

321 2685 452 2742 ribus
473 2685 553 2748 qui
575 2689 879 2733 recesserunt
904 2699 1092 2743 omnes,
1116 2683 1207 2748 ipsi
1227 2699 1338 2732 vero
1354 2683 1462 2732 novi
1485 2700 1595 2732 cum
1616 2685 1939 2735 cardinalibus
1959 2669 2098 2735 Mon-

322 2767 379 2816 tis
403 2768 593 2831 Regalis
616 2771 663 2816 et
679 2767 935 2818 Valentino
956 2767 1175 2816 fecerunt
1195 2767 1243 2814 in
1265 2782 1457 2816 camera
1473 2769 1687 2833 predicta
1706 2771 1979 2834 prandium.

387 2850 712 2898 Interfuerunt
733 2854 895 2898 autem
918 2849 1205 2898 consistorio
1236 2853 1284 2897 et
1311 2849 1534 2898 electioni
1554 2850 1769 2913 predicte
1786 2850 1951 2914 viginti
1979 2866 2096 2914 qua-

323 2917 432 2981 tuor
444 2932 507 2997 (2)
527 2932 706 2996 antiqui
722 2933 989 2982 cardinales
1004 2933 1053 2980 in
1068 2933 1186 2982 urbe
1203 2936 1471 2997 presentes,
1488 2932 1706 2981 videlicet
1724 2949 1734 2981 :
1754 2933 2094 2997 Neapolitanus

323 3033 361 3065 S.
401 3016 591 3080 Angeli‚
628 3015 966 3066 Ulixbonensis
1000 3020 1047 3064 et
1077 3015 1419 3065 Recanatensis
1457 3015 1698 3080 episcopi;
1737 3031 1776 3063 S.
1811 3016 2091 3075 Clementis,

368 3164 400 3201 1.
430 3164 531 3202 Cette
552 3163 711 3200 creation
731 3163 774 3200 de
797 3166 922 3211 quatre
938 3168 1134 3200 ‘nouveaux
1155 3163 1353 3200 cardinaux
1365 3162 1575 3211 espagnols,
1593 3162 1654 3211 qui
1670 3163 1804 3212 portait
1817 3166 1838 3200 a
1857 3164 1879 3199 9
1898 3162 1931 3201 Ie
1947 3163 2095 3202 nombre

319 3223 365 3259 de
386 3234 446 3259 ces
468 3223 630 3261 derniers
652 3224 743 3260 dans
765 3223 796 3260 le
817 3222 1102 3271 Sacre-College,
1117 3223 1170 3260 fut
1188 3222 1258 3259 mal
1277 3234 1346 3260 vue
1362 3225 1383 3259 a
1396 3223 1510 3260 Rome
1530 3228 1566 3260 et
1580 3223 1700 3260 excita
1718 3235 1766 3260 un
1780 3222 1836 3260 vif
1851 3226 2096 3261 mecontente·

318 3288 416 3320 ment
436 3295 481 3320 au
502 3283 666 3328 Vatican,
690 3283 804 3332 parmi
823 3283 876 3319 les
896 3282 1030 3332 prelats
1051 3282 1207 3320 italiens.
1231 3282 1323 3331 Voy.
1346 3283 1397 3320 M.
1419 3282 1779 3329 Sanuto‚1)iarii‚t
1801 3283 1830 3329 I,
1852 3281 1920 3321 col.
1934 3285 1998 3320 52-
1999 3283 2042 3330 3;
2061 3282 2096 3321 la

319 3343 415 3381 bulle
435 3344 579 3393 publiee
599 3357 664 3393 par
684 3344 717 3381 le
735 3345 833 3394 Pape
855 3347 876 3381 a
895 3348 988 3382 cette
1008 3344 1174 3381 occasion
1196 3348 1254 3381 est
1273 3344 1365 3381 dans
1386 3343 1545 3390 Riualdi,
1568 3348 1594 3380 t.
1617 3343 1734 3389 XXX,
1752 3354 1839 3412 pag.
1861 3343 1945 3388 262,
1966 3348 2008 3379 n⁰
2027 3343 2093 3379 38-

320 3404 386 3448 39;
408 3415 501 3452 pour
521 3403 552 3440 la
569 3404 803 3452 biographie,
826 3416 908 3453 voy.
932 3403 1109 3449 Gardella‚
1130 3407 1157 3442 t.
1182 3404 1229 3440 111
1235 3416 1296 3453 ,p.
1314 3405 1380 3440 271
1404 3408 1440 3441 et
1459 3403 1552 3441 suiv.

368 3434 402 3501 2
424 3463 521 3499 Tous
542 3463 595 3499 les
617 3475 705 3501 mss.
729 3475 774 3499 ne
795 3464 958 3501 donnent
978 3475 1047 3512 que
1066 3465 1112 3500 23
1131 3464 1340 3509 cardinaux,
1363 3463 1444 3512 plus
1461 3463 1493 3499 le
1511 3465 1636 3499 maitre
1655 3462 1700 3499 de
1721 3460 1956 3500 ceremonies.
