2222 3926
325 341 397 393 ‘234
935 353 1168 391 JoHANNIS
1202 352 1494 398 BURCHARDJ,
1834 355 1986 397 manvia·
2004 359 2099 399 1495]

394 456 662 515 Dominica,
694 459 752 504 25
781 456 1006 520 januarii,
1046 456 1221 503 festum
1256 453 1579 502 conversionis
1615 469 1653 501 S.
1698 454 1830 502 Pauli
1874 459 2090 519 apostoli,

328 546 435 605 post
467 538 737 603 prandium,
775 538 903 586 circa
940 539 1109 585 horam
1145 551 1471 599 vesperorum,
1498 538 1643 599 Papa,
1669 542 1861 600 paratus
1895 539 2090 602 amictu,

328 623 452 681 alba,
475 622 597 670 stola
613 621 823 684 pretiosa
840 625 888 668 et
911 620 1064 668 bireto
1084 619 1212 679 albo,
1230 619 1446 667 ascendit
1465 634 1641 682 equum
1664 625 1711 668 et
1731 621 1916 685 accepit
1938 624 2097 686 capel-

327 707 426 753 lum
448 720 587 752 suum
605 702 663 751 de
683 702 973 761 cremesinO,
995 706 1041 750 et
1059 718 1168 750 cum
1191 717 1249 751 eo
1271 702 1592 750 ascenderunt
1615 703 1881 754 cardinales
1901 722 1912 765 ;
1937 706 2095 754 exive-

329 791 438 835 runt
457 786 681 850 palatium
698 785 758 832 ad
778 785 985 848 plateam
1008 802 1046 833 s,
1073 786 1218 844 Petri,
1244 784 1323 833 uhi
1344 785 1391 832 in
1419 785 1553 848 equis
1575 802 1741 849 regem
1763 789 1961 836 Francie
1983 805 2094 838 cum

329 869 554 934 pontifice
606 868 809 928 iturum,
852 884 936 915 seu
988 867 1145 931 potius
1189 867 1424 930 pontifex,
1473 872 1520 915 et
1565 869 1830 918 cardinales
1879 886 1987 918 cum
2039 888 2096 920 eo

329 955 656 1016 expectarunt,
682 967 825 1015 quem
844 954 985 1000 antea
1006 956 1052 999 et
1077 954 1189 998 tunc
1211 954 1263 998 ut
1291 951 1429 999 citius
1457 953 1639 1000 veniret
1668 952 1897 1001 continuo
1920 953 2097 1002 sollici-

322 1036 446 1094 ‘tavi3
467 1035 594 1083 venit
623 1035 813 1083 tandem
840 1051 925 1083 rex
953 1034 1050 1096 qui,
1076 1050 1186 1083 cum
1219 1038 1405 1098 portam
1442 1035 1603 1098 palatii
1633 1035 1854 1083 exivisset
1889 1041 1935 1084 et
1975 1037 2099 1100 apud

329 1121 504 1181 Papam
524 1117 734 1165 existens
759 1117 802 1164 ei
823 1117 1030 1165 biretum
1062 1117 1381 1180 deposuisset,
1407 1118 1598 1176 amovit,
1622 1123 1669 1167 et
1701 1121 1827 1183 Papa
1858 1119 2094 1184 capellum

328 1206 374 1250 et
395 1201 627 1260 biretum3
650 1215 740 1249 nec
771 1200 917 1248 voluit
951 1202 1080 1264 Papa
1105 1200 1221 1248 illud
1249 1201 1379 1264 prius
1401 1216 1636 1264 reponere
1669 1217 1812 1264 quam
1841 1218 1926 1250 rex
1954 1209 2097 1267 caput

328 1301 469 1333 suum
496 1284 854 1348 cooperuisset3
879 1283 1031 1332 tenuit
1062 1283 1206 1332 etiam
1235 1286 1363 1347 Papa
1390 1299 1554 1348 regem
1585 1285 1815 1334 continuo
1843 1286 1971 1349 apud
1998 1302 2049 1334 se
2070 1303 2098 1335 a

328 1368 551 1427 sinistris,
565 1367 886 1415 cardinalibus
897 1369 1074 1430 Papam
1085 1371 1395 1431 postcrucem
1410 1368 1781 1431 precedentibus
1798 1388 1807 1428 ;
1827 1372 1883 1418 D.
1904 1370 1962 1419 de
1980 1371 2094 1419 Foix

329 1467 412 1501 seu
433 1454 620 1510 Bressa,
647 1466 760 1514 sepe
784 1450 918 1514 quasi
937 1450 1164 1499 continuo
1185 1451 1408 1514 equitavit
1435 1452 1493 1499 ad
1515 1451 1756 1500 sinistram
1784 1452 1911 1515 regis
1933 1452 2094 1516 sicque

328 1534 485 1599 posuit
499 1549 665 1598 regem
687 1534 899 1582 medium
914 1533 1038 1581 inter
1053 1549 1103 1581 se
1119 1540 1166 1582 et
1184 1536 1361 1597 Papam
1379 1552 1388 1592 ;
1408 1548 1577 1583 omnes
1598 1535 1675 1583 alii
1691 1535 1930 1599 principes
1952 1540 1999 1584 et
2014 1552 2097 1584 no·

329 1617 466 1677 biles,
483 1617 558 1665 vel
579 1617 730 1680 quasi,
753 1617 879 1680 regis
902 1617 1177 1679 equitarunt
1196 1617 1473 1666 immediate
1495 1624 1604 1682 post
1622 1633 1806 1682 regem,
1825 1623 1872 1668 et
1889 1624 1997 1684 post
2013 1634 2097 1669 eos

331 1704 496 1765 gentes
528 1700 600 1748 sui
631 1714 874 1748 armorum
908 1703 1106 1763 propter
1134 1700 1262 1763 quod
1295 1701 1465 1764 prelati
1499 1702 1649 1750 nostri
1670 1705 1851 1750 'omnes
1882 1718 2099 1751 recesse-

330 1787 455 1842 runt,
476 1783 607 1832 nullo
623 1784 815 1847 penitus
830 1787 938 1846 post
957 1785 1134 1846 Papam
1154 1788 1435 1832 remanente
1453 1801 1462 1843 ;
1487 1785 1648 1848 plures
1668 1785 1812 1834 etiam
1835 1801 1893 1834 ex
1915 1786 2097 1835 eisdem

329 1866 568 1915 nobilibus
606 1866 879 1928 equitarunt
914 1868 1022 1927 post
1061 1864 1347 1923 cardinales,
1391 1870 1501 1914 ante
1543 1882 1709 1931 regem
1746 1873 1793 1917 et
1833 1870 2012 1931 Papam
2049 1867 2098 1916 in

331 1965 505 2013 magna
525 1948 808 1998 confusione
834 1963 843 1995 ε
870 1946 1089 2011 dispotus
1118 1948 1176 1996 de
1196 1951 1313 1997 Arta
1333 1950 1518 2013 accepit
1540 1965 1598 1999 ex
1625 1966 1676 2000 se
1700 1951 1862 2000 locum
1889 1956 1938 2001 et
1964 1953 2099 2016 equi-

331 2034 444 2083 tavit
465 2049 574 2082 cum
594 2034 633 2081 A
641 2072 737 2082 .....
765 2051 775 2094 ;
801 2034 928 2082 dicto
951 2037 1111 2082 autem
1133 2047 1222 2096 per
1241 2048 1318 2081 me
1340 2032 1502 2081 locum
1523 2033 1658 2082 illum
1686 2034 1775 2082 sibi
1795 2050 1892 2083 non
1921 2049 2096 2084 conve-

329 2119 448 2177 nire,
473 2117 672 2166 recessit
693 2118 822 2177 inde,
848 2122 894 2165 et
916 2117 1169 2165 nobiscum
1192 2116 1396 2180 amplius
1419 2132 1512 2164 non
1537 2118 1780 2180 equitavit.
2025 2124 2027 2127 ”

395 2201 445 2247 ln
468 2201 663 2249 introitu
686 2201 891 2248 ecclesie
914 2217 952 2248 s.
984 2199 1133 2259 Pauli,
1159 2199 1331 2248 fratres
1358 2205 1590 2248 venerunt
1619 2201 1805 2249 obviam
1834 2204 1961 2265 Pape
1986 2217 2096 2250 cum

330 2283 659 2348 processione,
690 2283 771 2331 ubi
803 2285 930 2346 Papa
955 2284 1015 2331 de
1042 2283 1263 2330 manibus
1292 2283 1545 2331 cardinalis
1576 2299 1614 2331 s.
1659 2285 1869 2348 Georgii,
1904 2301 2098 2335 crucem

331 2367 573 2416 osculatus
604 2371 694 2426 est,
726 2371 773 2415 et
800 2370 908 2430 post
929 2381 1040 2414 eum
1067 2382 1149 2414 rex
1171 2366 1229 2414 de
1257 2367 1478 2414 manibus
1509 2367 1745 2431 ejusdem.
1776 2371 2098 2418 Accesserant

320 2451 391 2500 ‘ad
421 2451 569 2499 altare
600 2450 771 2514 majus,
801 2449 1027 2498 fratribus
1061 2449 1252 2498 interim
1285 2450 1350 2497 Te
1373 2449 1532 2498 Deum
1559 2451 1808 2498 laudamus
1838 2452 2098 2500 decantan-

331 2534 474 2594 tibus,
506 2533 587 2582 ubi
607 2538 775 2597 parata
795 2538 930 2582 erant
957 2533 1052 2581 duo
1074 2532 1352 2592 faldistoria,
1385 2550 1534 2581 unum
1561 2549 1648 2597 pro
1679 2537 1823 2599 Papa,
1857 2536 1984 2584 aliud
2011 2552 2098 2600 pro

332 2633 445 2682 rege
468 2618 815 2666 convenienter
841 2634 850 2665 :
886 2617 967 2666 sed
996 2620 1123 2681 Papa
1149 2617 1197 2664 in
1229 2632 1313 2665 suo
1344 2617 1610 2666 faldistorio
1642 2619 1923 2682 genuflexus
1954 2620 2097 2669 traxit

331 2701 392 2749 ad
411 2715 462 2749 se
484 2716 668 2765 regem,
694 2705 741 2750 et
763 2701 831 2748 sic
851 2701 899 2748 in
923 2700 1094 2749 eodem
1118 2701 1260 2748 simul
1282 2700 1665 2764 genuflexerunt.

396 2786 540 2831 Facta
566 2785 780 2833 oratione
807 2800 895 2848 per
924 2786 1119 2848 Papam,
1151 2783 1365 2832 ascendit
1393 2783 1452 2830 ad
1479 2784 1693 2832 medium
1719 2784 1898 2843 altaris,
1929 2786 2010 2835 ubi
2037 2787 2098 2835 ad

332 2866 479 2914 altare
508 2882 674 2914 versus
697 2870 845 2926 stanS,
879 2871 926 2915 et
953 2867 1081 2915 cruci
1111 2883 1195 2915 sue
1227 2866 1411 2915 vultum
1440 2870 1629 2915 vertens
1651 2872 1818 2915 contra
1839 2868 2098 2918 ordinatio-

332 2964 444 2998 nem
469 2964 644 3010 meam,
669 2950 909 2998 cardinale
937 2966 975 2998 s,
1005 2949 1197 3013 Georgii
1222 2949 1282 2997 ad
1305 2949 1449 2997 altare
1473 2966 1510 2997 s.
1538 2950 1805 2998 Sebastiani
1827 2956 1875 2999 et
1899 2951 2100 3001 sacrista

332 3037 497 3081 nostro
542 3033 592 3081 id
622 3032 948 3092 suadentibus,
992 3033 1075 3081 sed
1112 3033 1235 3081 male
1265 3037 1311 3081 et
1349 3047 1590 3095 perverse,
1625 3032 1754 3081 dedit
1799 3033 2099 3084 henedictio-

332 3131 462 3174 nem,
501 3115 664 3163 dicens
697 3132 705 3163 :
741 3115 819 3162 Sit
853 3130 1021 3162 nomen
1059 3114 1255 3162 Domini
1292 3115 1600 3176 benedictum,
1631 3125 1737 3177 ete„
1771 3122 1818 3165 et
1846 3117 2099 3182 indulgen-

332 3197 421 3245 tias
462 3203 657 3247 centum
706 3213 941 3246 annorum
982 3214 1098 3261 quas
1139 3198 1383 3262 predictus
1423 3199 1675 3247 cardinalis
1712 3217 1749 3247 s.
1781 3201 1974 3264 Georgii
2008 3217 2099 3266 pu-

333 3280 521 3328 blicavit
552 3282 716 3337 latine,
742 3285 793 3329 ut
821 3281 1056 3329 videretur
1080 3281 1182 3344 regi
1205 3281 1380 3344 aliquid
1400 3281 1577 3340 facere,
1602 3298 1711 3330 cum
1739 3287 1900 3331 tamen
1920 3283 2001 3331 illa
2019 3283 2095 3331 die

333 3366 418 3414 fuit
451 3367 497 3414 in
523 3367 722 3416 basilica
755 3368 957 3431 maj0re‚
982 3371 1029 3415 et
1051 3367 1171 3416 forte
1193 3367 1405 3430 plenarie
1427 3366 1720 3429 indulgentie
1749 3382 1777 3414 a
1797 3366 1894 3414 suis
1918 3366 2093 3429 prede-

332 3450 605 3499 cessoribus
643 3465 874 3499 concesse
913 3469 921 3499 :
959 3450 1165 3498 surrexit
1199 3449 1372 3498 deinde
1411 3464 1496 3498 rex
1535 3453 1581 3498 et
1620 3465 1730 3497 cum
1768 3448 1996 3512 pontifice
2032 3450 2091 3497 ad
