2202 3900
257 368 327 404 378
860 363 1043 403 JOHANN
1048 365 1090 403 IS
1123 363 1416 408 BURCHARDI,
1839 366 1885 406 [M
1889 367 1921 399 ai
1943 368 2035 408 1497]

322 474 343 518 J
350 471 567 519 ohannes
588 469 858 519 ManteIIUS.

386 557 730 603 Procuratores
757 570 765 599 :

321 637 558 686 Antonius
580 638 804 697 Ferugut,

322 718 593 767 Alexander
614 718 672 765 de
695 715 950 773 Romasiis,

324 801 564 850 Fabricius
585 800 816 858 Justinus,

322 885 636 935 Gundisalvus
659 883 717 930 de
741 885 930 941 Lerma,

319 969 608 1020 Benedictus
629 967 858 1026 Marinus,

321 1055 589 1103 Alexander
609 1053 994 1104 Tambeccarius,

320 1135 695 1199 Christophorus
717 1134 955 1184 BarotiuS.

316 1221 487 1269 Paulus
510 1219 568 1268 de
592 1219 860 1278 Salmaron,

315 1303 630 1353 Gundisalvus
652 1302 711 1351 de
733 1303 961 1359 Grazeda,

314 1386 636 1435 Gundisalvus
662 1386 885 1445 Polonus,

313 1469 518 1518 Jacobus
541 1468 600 1517 de
622 1468 881 1527 Fidelibus,

313 1552 520 1600 Jacobus
542 1553 700 1610 Serra,

318 1638 486 1684 Petrus
509 1634 568 1683 de
591 1634 829 1698 Burghos,

312 1717 557 1766 Johannes
577 1719 792 1775 Mesena,
817 1718 1007 1765 notarii.

316 1799 495 1848 Eadem
526 1800 622 1859 die,
656 1800 931 1863 capellanus
961 1801 1199 1849 dictorum
1230 1801 1614 1851 abbreviatorum
1649 1799 1781 1848 dedit
1810 1799 2027 1848 cedulam

182 1925 184 1927 .
246 1885 493 1932 nominum
516 1890 563 1933 et
590 1885 932 1948 cognominum
954 1885 1188 1933 dictorum
1213 1885 1597 1934 abbreviator-um
1637 1883 1916 1945 hujusmodi
1953 1887 2026 1931 te-

246 1967 375 2015 noris
396 1968 613 2032 predicto
636 1971 773 2016 Rmo.
801 1971 857 2016 D.
884 1969 1152 2017 camerario
1179 1988 1187 2016 :

312 2050 567 2099 Accursius
589 2051 648 2098 de
671 2053 830 2111 Petra,
856 2051 1117 2099 canonicus
1138 2051 1333 2100 basilice
1356 2068 1393 2098 S.
1422 2049 1565 2108 Petri,

314 2136 526 2199 Angelus
549 2136 607 2183 de
628 2135 831 2194 Maffeis,
856 2136 1049 2194 absens,

314 2218 539 2266 Alfonsus
561 2218 781 2278 Ricenas‚
808 2218 1062 2267 advocatus
1084 2218 1445 2275 consistorialis,

315 2302 598 2349 Franciscus
621 2302 679 2349 de
702 2302 891 2361 Candis,

315 2387 598 2434 Franciscus
621 2387 827 2445 Gerena,

308 2469 544 2517 Antonius
565 2469 624 2517 de
646 2469 820 2527 Brinis,
845 2469 1036 2526 absens,

314 2552 534 2617 Aloysius
557 2552 838 2610 Bechettus,

310 2635 528 2683 Andreas
549 2634 709 2695 Vives,
735 2635 973 2695 infirmus,

314 2717 589 2780 Alphonsus
612 2717 671 2765 de
693 2720 834 2777 Aere,

313 2800 633 2848 Bernardinus
654 2800 910 2858 Gambara,
935 2800 1257 2847 subdiaconus
1278 2799 1587 2863 apestolicuS.
1613 2801 1806 2859 absens,

315 2883 587 2931 Bernardus
610 2883 667 2930 de
687 2883 916 2941 Accoltis,
942 2882 1144 2946 scriptor
1164 2882 1474 2946 apostolicus,
1499 2882 1692 2939 absens,

318 2964 687 3014 Bartholomeus
708 2965 767 3012 de
792 2965 952 3028 Cupis,

317 3048 587 3097 Catalamus
610 3047 848 3106 Casalvus,
872 3047 1228 3111 protonotarius
1250 3048 1307 3096 de
1329 3047 1739 3111 participantibus,

317 3131 595 3181 Dominicus
603 3168 720 3190 ......

318 3216 532 3279 Baptista
550 3215 824 3270 Anselmus,
849 3198 1041 3273 absens,

314 3298 532 3362 Dydacus
555 3296 939 3356 Condulmarius,

321 3381 602 3430 Dominicus
621 3381 678 3428 de
702 3379 970 3439 Cecchinis,

322 3463 589 3512 Ludovicus
610 3463 669 3510 de
692 3462 921 3523 Penafiel,
947 3463 1151 3527 scriptor
1172 3464 1479 3528 apostolicus),
