2202 3926
180 396 338 439 [Fsvrier
357 391 449 438 1493}
626 391 796 429 RERUM
832 390 1140 429 URBANARUM
1174 389 1524 429 COMMENTARH.
1927 402 1973 438 37

179 502 229 548 et
251 513 336 548 eos
354 496 435 561 qui
452 496 747 560 sepulturam
767 495 1008 554 foderent,
1028 494 1151 544 etad
1167 494 1419 544 basilicam
1443 497 1597 546 sancti
1617 498 1746 546 Petri
1761 501 1977 551 mitteret

177 599 264 648 pro
300 582 496 647 planeta
527 580 718 630 violatia
751 579 1065 644 aurifrigiata,
1106 595 1250 628 cruce
1290 583 1523 644 argentea
1563 582 1788 645 ponenda
1832 599 1976 647 supra

176 671 347 732 pectus
380 665 612 726 defuncti,
634 665 779 729 pallio
806 679 865 713 ex
892 663 1126 713 bruchato
1156 663 1350 712 violatio
1379 664 1605 728 ponendo
1629 681 1775 730 supra
1793 667 1973 715 lectum

175 751 225 799 in
243 751 351 800 aula
372 749 630 799 cathalecti
659 753 706 798 et
727 749 910 798 faceret
934 747 1040 797 fieri
1059 747 1241 797 lectum
1268 748 1317 795 in
1349 748 1509 797 medio
1544 750 1651 798 aule
1683 766 1793 799 cum
1816 752 1974 800 caval-

175 835 303 884 lettis
334 851 422 900 pro
456 850 525 882 ΧΠ
559 833 814 884 intorticiis
850 837 898 881 et
927 832 1242 882 circumcirca
1270 848 1469 881 scamna
1499 849 1586 898 pro
1615 834 1812 898 prelatis
1843 851 1899 883 ac
1924 836 1973 884 in

177 919 334 983 prima
356 934 550 968 camera
564 919 703 982 juxta
729 916 889 965 aulam
914 932 1007 980 que
1037 916 1182 964 nimis
1212 920 1417 979 augusta
1442 920 1532 977 est,
1558 917 1651 966 alia
1678 934 1878 968 scamna
1898 920 1971 968 vel

179 1003 390 1052 scabella
409 1017 496 1066 pro
523 1000 866 1059 cardinalibus,
898 999 1163 1048 turibulum
1198 1015 1308 1048 cum
1342 1000 1563 1049 navicula
1596 1005 1643 1051 et
1671 1002 1890 1064 incenso,
1916 1020 1971 1052 ac

175 1102 256 1134 vas
275 1102 398 1150 aque
417 1084 674 1134 benedicte
695 1100 805 1133 cum
818 1075 1122 1148 aspersorio,
1148 1084 1571 1149 superpelliceum,
1597 1085 1771 1135 stolam
1795 1103 1852 1136 ac
1872 1088 1974 1152 plu-

175 1170 297 1218 viale
334 1170 546 1233 nigrum,
581 1169 676 1217 duo
711 1167 1003 1217 candelabra
1033 1184 1144 1217 cum
1183 1168 1414 1230 candeliS,
1444 1185 1641 1235 parvam
1672 1170 1970 1219 credentiam

176 1254 235 1302 ad
262 1253 412 1318 pedes
441 1252 572 1314 lecti,
598 1252 908 1302 materatium
933 1268 1044 1301 cum
1064 1252 1302 1316 pulvinari
1325 1257 1372 1302 et
1397 1253 1489 1302 alia
1506 1259 1650 1317 prout
1673 1254 1723 1302 in
1749 1270 1970 1303 ceremo-

175 1336 319 1386 niale.
345 1336 532 1387 Deinde
554 1337 736 1386 recessi
757 1337 816 1385 de
838 1337 983 1385 domo
1004 1337 1223 1401 predicta
1242 1341 1352 1401 post
1374 1338 1528 1387 dictos
1547 1338 1832 1400 cardinaleS,
1853 1354 1971 1390 cura

175 1421 527 1485 premissorum
549 1421 679 1470 dicto
702 1424 759 1470 D.
786 1421 997 1470 Fabiano
1020 1421 1204 1471 relicta.

237 1508 397 1554 Tenor
415 1520 529 1554 vero
552 1505 784 1554 schedule
807 1504 865 1553 de
885 1521 981 1568 qua
1005 1521 1150 1570 supra
1167 1505 1275 1553 talis
1297 1509 1369 1555 est
1395 1525 1404 1554 :

244 1609 265 1634 «
306 1587 375 1638 Ex
399 1594 534 1653 parte
566 1592 861 1638 RRmorum.
893 1592 995 1638 DD.
1024 1589 1359 1649 cardinalium,
1391 1589 1709 1654 Neapolitani,
1737 1592 1967 1640 Senensis

173 1678 221 1722 et
241 1673 623 1723 vicecancellarii
646 1679 961 1723 executorum
987 1674 1267 1723 testamenti
1294 1675 1421 1723 bone
1450 1675 1686 1723 memorie
1709 1675 1965 1724 cardinalis

171 1758 451 1817 AleriensiS,
476 1758 724 1808 intimetur
749 1758 950 1822 singulis
978 1758 1151 1806 RRmis
1180 1761 1282 1807 DD.
1309 1759 1653 1819 cardinalibus,
1678 1760 1808 1823 quod
1834 1776 1969 1808 cras-

173 1842 272 1890 tina
285 1842 381 1902 die,
402 1858 495 1905 que
519 1843 610 1891 erit
631 1842 800 1906 quinta
814 1842 962 1906 hujus
983 1842 1166 1890 mensis
1188 1843 1437 1903 februarii,
1461 1843 1589 1892 inter
1608 1860 1717 1892 X1111
1739 1848 1786 1893 et
1804 1861 1862 1892 xv
1875 1844 1966 1892 ho-

173 1940 267 1986 ras,
292 1926 562 1988 portabitur
589 1925 792 1974 cadaver
823 1925 1027 1989 predicti
1057 1926 1301 1988 quondam
1332 1926 1589 1975 cardinalis
1619 1926 1883 1976 Aleriensis
1905 1929 1964 1976 ad

174 2010 422 2057 basilicam
444 2009 596 2057 sancti
619 2009 748 2057 Petri
769 2008 1122 2073 sepeliendum,
1148 2014 1444 2078 quapropter
1464 2015 1557 2059 etc.

242 2114 264 2138 «
299 2096 420 2142 Item
452 2093 702 2141 intimetur
736 2093 882 2141 etiam
914 2093 1184 2142 oratoribus
1216 2098 1264 2144 et
1293 2094 1491 2158 prelatis
1519 2095 1568 2144 in
1596 2110 1800 2145 romana
1830 2097 1965 2144 curia

172 2178 488 2227 existentibus
511 2193 647 2226 more
670 2178 829 2226 solito.

238 2283 260 2307 «
297 2265 418 2310 Item
445 2262 695 2310 intimetur
715 2261 1032 2310 conventibus
1052 2261 1371 2326 infrascriptis
1390 2263 1519 2326 quod
1543 2263 1715 2312 eadem
1734 2263 1811 2312 die
1833 2263 1963 2312 circa

169 2365 266 2397 xuu
288 2349 460 2397 horam
489 2347 637 2396 velint
669 2363 777 2396 esse
813 2347 863 2394 in
898 2346 1043 2395 domo
1079 2346 1336 2394 cardinalis
1367 2347 1541 2410 prefati
1574 2347 1839 2395 AlerIensis
1876 2347 1962 2395 de-

168 2433 338 2492 functi,
363 2434 424 2481 ad
456 2433 714 2482 dicendum
744 2432 948 2497 vigiliaS,
981 2435 1029 2481 et
1058 2432 1399 2481 associandum
1433 2431 1578 2480 funus
1611 2432 1672 2480 ad
1710 2431 1961 2480 basilicam

168 2516 435 2580 predictam
488 2532 624 2565 more
666 2519 900 2565 consueto
942 2514 1167 2563 videlicet
1202 2531 1212 2563 :
1247 2514 1482 2574 Minerve,
1531 2515 1766 2574 Arasceli,
1808 2515 1959 2563 sancti

168 2601 443 2664 Augustini,
469 2617 508 2649 s.
535 2601 684 2649 Marie
705 2599 1059 2664 Transpontine
1091 2603 1138 2648 et
1161 2599 1378 2664 Capitulo
1400 2600 1598 2649 basilice
1620 2616 1659 2648 s.
1686 2600 1832 2649 Petri.
1862 2619 1884 2644 »

236 2684 504 2733 Cardinalis
531 2684 796 2732 Aleriensis
823 2684 1037 2747 prefatus
1070 2684 1189 2732 obiit
1223 2683 1271 2731 in
1304 2683 1474 2732 ultimo
1506 2684 1784 2748 paroxismo
1811 2683 1959 2731 febris

168 2771 421 2830 quartane,
466 2767 515 2813 in
553 2782 696 2829 quam
744 2769 770 2814 3
817 2766 894 2814 die
929 2767 1111 2815 mensis
1151 2767 1440 2830 septembris
1482 2767 1701 2831 proxime
1740 2768 1958 2831 preteriti

168 2849 353 2909 incidit,
387 2854 435 2898 et
465 2865 558 2913 que
588 2849 646 2898 ab
675 2848 849 2897 eodem
883 2849 960 2898 die
992 2850 1131 2909 citra,
1172 2850 1333 2914 ipsum
1363 2866 1611 2914 nunquam
1638 2851 1851 2914 reliquit,
1874 2850 1960 2899 sed

167 2949 278 2982 cum
300 2926 646 2998 multiplicibus
667 2933 998 2982 accidentibus
1020 2934 1179 2998 ipsum
1198 2935 1428 2982 continuo
1447 2935 1715 2983 molestavit
1738 2934 1821 2996 (1).

234 3018 374 3066 Feria
394 3018 556 3077 tertia,
583 3021 610 3065 5
633 3017 747 3065 dicti
778 3018 960 3066 mensis
985 3017 1234 3077 februarii,
1267 3017 1500 3066 ordinatis
1535 3018 1759 3066 omnibus
1785 3034 1872 3082 per
1894 3009 1952 3066 D?

167 3101 437 3150 Johannem
468 3101 655 3150 socium
691 3117 875 3160 meum,
909 3116 1044 3149 more
1079 3101 1240 3160 solito,
1271 3117 1327 3150 ac
1359 3106 1564 3164 quatuor
1592 3105 1778 3150 tantum
1808 3101 1954 3149 intor-

218 3292 252 3328 1.
283 3305 301 3324 «
389 3291 419 3326 Il
450 3292 643 3330 Cardinale
664 3293 701 3330 di
719 3293 840 3330 Aleria
871 3297 890 3329 e
917 3297 1013 3331 stato
1046 3294 1142 3330 eirca
1170 3294 1201 3330 V
1232 3293 1324 3330 mesi
1355 3293 1511 3330 amalato
1537 3293 1573 3329 di
1600 3297 1790 3342 quartana,
1812 3297 1847 3329 et
1880 3292 1954 3328 essi

168 3355 269 3389 tanto
295 3355 545 3387 consummato
571 3353 636 3388 che
664 3357 794 3400 questa
821 3364 903 3389 sera
929 3353 980 3388 s’e
1007 3357 1136 3390 morto.
1166 3353 1382 3390 Veramente
1410 3357 1504 3390 tutta
1529 3356 1660 3401 questa
1691 3352 1797 3389 Corte
1830 3363 1874 3387 ne
1907 3352 1952 3386 lia

168 3422 273 3459 preso
294 3409 495 3457 slispiacere
525 3421 589 3456 per
614 3422 737 3447 essere
767 3416 863 3449 stato
888 3423 1048 3460 persona
1074 3413 1110 3449 di
1140 3413 1263 3449 buona
1288 3418 1324 3449 et
1351 3417 1457 3449 santa
1476 3413 1562 3450 vita.
1587 3427 1605 3446 »
1629 3413 1753 3459 (Areh.
1776 3413 1950 3454 Morene„

164 3472 272 3509 class.
296 3471 341 3516 X,
365 3470 448 3507 (list.
471 3471 508 3515 6,
529 3477 571 3506 n⁰
591 3471 628 3515 9,
648 3483 681 3508 a.
704 3485 735 3509 e.
758 3473 858 3520 249.)
886 3473 1055 3520 Depecbe
1077 3475 1122 3511 de
1147 3473 1266 3511 Valeri
1288 3485 1359 3512 aux
1380 3473 1402 3507 8
1422 3472 1467 3508 (le
1488 3472 1644 3516 Pratica,
1668 3472 1688 3507 4
1708 3471 1777 3508 sev.
1803 3469 1947 3513 1-492s3,

166 3532 257 3568 citee
277 3543 320 3567 en
342 3530 455 3578 partie
477 3531 498 3565 a
518 3528 624 3577 l'app.
648 3540 691 3566 no
708 3532 765 3569 13,
