2202 3926
129 355 353 396 [Mars1494]
584 347 754 392 RERUM
787 354 1092 412 URBANARUM
1126 353 1476 391 COMMENTARII.
1877 358 1924 395 97

202 479 224 503 «
263 458 404 509 Valet
430 462 658 507 statutum
686 458 898 523 episcopi
922 457 1184 522 disponens
1212 456 1261 505 id
1287 456 1418 522 quod
1446 457 1613 520 regula
1634 458 1922 507 cancellarie

131 542 190 590 de
207 542 454 591 verisimili
476 543 646 592 notitia
662 548 734 592 est
750 542 977 602 validum,
996 542 1156 606 quoad
1173 541 1411 591 beneficia
1428 540 1487 589 ab
1507 557 1565 590 eo
1584 541 1888 606 impetranda
1909 560 1918 590 :

129 630 341 675 statuere
362 630 522 691 potest
543 627 799 692 episcopus
820 627 948 676 circa
968 630 1212 675 reservata
1233 629 1378 691 Pape.
1398 683 1403 686 ,

198 731 221 755 «
261 711 478 762 Verbum
507 712 753 771 moriatur,
777 711 1020 775 prolatum
1042 727 1070 759 a
1095 726 1301 770 canone,
1327 726 1424 758 non
1446 711 1591 760 debet
1609 711 1814 776 intelligi
1836 727 1922 776 pro

128 801 286 844 morte
314 795 577 859 infligenda
604 811 691 859 per
707 795 923 859 judicem
951 795 1222 844 secularem
1250 795 1448 856 cleric0,
1480 796 1627 845 etiam
1655 795 1694 844 si
1715 797 1922 845 commi-

128 879 244 927 serit
271 880 457 928 crimen
486 879 832 943 qualificatum,
864 879 955 927 nisi
982 880 1031 927 in
1056 879 1247 928 casibus
1277 896 1305 927 a
1325 880 1437 943 jure
1465 880 1724 943 expressis.
1764 901 1786 925 »

198 963 338 1012 Feria
364 967 515 1022 sexta,
545 967 600 1010 14
623 963 801 1022 martii,
827 963 950 1011 hora
972 979 1037 1011 xx
1049 963 1124 1011 vel
1145 963 1293 1022 circa,
1316 978 1404 1026 per
1420 969 1610 1027 portam
1632 967 1924 1014 Lateranen-

130 1063 252 1106 sem,
287 1047 555 1094 Asinariam
583 1051 928 1110 nuncupatam,
960 1046 1031 1093 Ill.
1063 1048 1118 1093 D.
1145 1048 1251 1093 Don
1275 1046 1546 1095 Ludovicus
1574 1047 1632 1096 de
1660 1049 1919 1112 Aragonia,

129 1130 344 1179 marchio
373 1129 547 1188 Giraci,
580 1132 635 1177 R.
668 1132 725 1177 D.
750 1129 1025 1177 Alexander
1047 1130 1251 1189 Caraffa,
1279 1130 1675 1194 archiepiscopus
1697 1132 1922 1196 Neapoli-

130 1219 287 1273 tanus,
312 1214 461 1262 frater
481 1229 742 1277 germanus
764 1213 890 1261 Rmi.
922 1215 978 1261 D.
1002 1213 1260 1262 cardinalis
1284 1214 1608 1278 Neapolitani,
1633 1214 1921 1279 magnificus

131 1301 189 1346 D.
211 1298 460 1347 Johannes
480 1298 719 1347 Antonius
735 1297 794 1345 de
811 1299 1047 1357 Guevara,
1073 1313 1240 1345 comes
1264 1298 1502 1357 Potentie,
1526 1302 1573 1346 et
1594 1300 1921 1362 prestantissi-

128 1398 236 1431 mus
258 1382 505 1446 utriusque
530 1382 653 1446 juris
684 1382 857 1430 doctor
876 1384 933 1429 D.
968 1381 1207 1429 Antonius
1234 1382 1294 1430 de
1323 1382 1598 1430 Alexandro
1622 1383 1920 1431 serenissimi

126 1466 360 1530 Alphonsi
383 1466 544 1514 Sicilie
566 1470 613 1515 et
629 1466 929 1514 Hierusalem
952 1465 1078 1530 regis
1092 1465 1397 1530 Neapolitani
1420 1471 1639 1515 oratores
1660 1483 1749 1531 pro
1770 1468 1921 1531 parti-

127 1550 369 1599 cularibus
390 1550 607 1615 negociis
627 1551 800 1614 prefati
823 1551 950 1615 regis
965 1554 1033 1615 (1)
1051 1554 1099 1598 et
1117 1550 1265 1598 etiam
1284 1550 1343 1598 ad
1361 1551 1673 1614 prestandam
1692 1550 1921 1600 obedien-

127 1634 261 1691 tiam,
295 1640 536 1698 quatenus
560 1635 643 1683 SS.
671 1637 727 1682 D.
762 1636 818 1683 N.
850 1634 1055 1698 placeat,
1088 1634 1218 1682 etad
1243 1649 1356 1682 eum
1385 1634 1537 1694 missi,
1569 1635 1649 1698 qui
1672 1651 1700 1683 a
1726 1635 1919 1683 familiis

126 1718 444 1767 cardinalium
463 1723 510 1767 et
531 1720 615 1767 SS.
638 1721 696 1766 D.
721 1720 779 1767 N.
802 1734 924 1782 pape
946 1718 1129 1782 recepti
1152 1723 1278 1777 sunt,
1305 1723 1352 1766 et
1374 1733 1511 1767 more
1534 1718 1676 1767 solito
1695 1719 1917 1768 associati

125 1803 186 1851 ad
206 1803 440 1865 palatium
460 1802 640 1851 montis
659 1801 858 1850 Jordani
888 1802 1190 1862 Ursinorum,
1215 1802 1265 1849 in
1291 1817 1388 1865 quo
1416 1802 1652 1863 marchio,
1680 1818 1846 1851 comes
1870 1806 1917 1851 et

125 1884 295 1932 doctor
318 1885 549 1949 hospitati
585 1891 718 1939 sunt;
754 1885 1150 1949 archiepiscopus
1180 1901 1291 1934 vero
1322 1891 1431 1949 post
1466 1886 1683 1934 omnium
1710 1886 1917 1934 familia—

130 1967 251 2014 rium
282 1983 529 2016 recessum
560 1969 787 2031 equitavit
818 1968 879 2016 ad
905 1969 1104 2016 domum
1123 1969 1378 2017 cardinalis
1400 1970 1724 2034 Neapolitani,
1757 1970 1918 2018 fratris

130 2051 220 2110 sui,
242 2052 291 2099 in
313 2068 408 2115 quo
430 2052 531 2116 ipse
553 2052 764 2116 hospitio
792 2058 1015 2116 receptus
1038 2058 1128 2101 est.

192 2135 521 2199 Equitavimus
553 2152 643 2200 per
675 2136 932 2195 Coliseum,
968 2136 1268 2195 Marforium,
1307 2141 1529 2186 sanctum
1556 2139 1792 2197 Marcum,
1829 2137 1917 2185 do-

125 2234 257 2266 mum
290 2218 528 2267 Dominici
567 2219 627 2267 de
665 2219 911 2279 MaximiS,
949 2235 1176 2282 campum
1211 2219 1351 2268 Flore
1390 2220 1462 2268 via
1495 2224 1629 2268 recta
1663 2236 1815 2283 usque
1856 2221 1916 2268 ad
1963 2221 1966 2223 ’

124 2307 324 2351 stratam
345 2319 441 2366 qua
464 2319 552 2367 per
571 2302 822 2367 parionem
843 2302 1114 2361 revertitur,
1142 2302 1254 2350 inde
1278 2302 1339 2351 ad
1360 2302 1593 2367 palatium
1620 2302 1910 2367 predictum.

123 2386 339 2434 Marchio
370 2387 597 2450 equitavit
638 2386 827 2435 medius
865 2386 993 2435 inter
1023 2389 1080 2434 D.
1113 2386 1299 2434 Pisauri
1339 2402 1368 2434 a
1412 2386 1612 2446 dextris,
1654 2391 1701 2435 et
1739 2387 1916 2452 guber-

124 2474 345 2518 natorem
388 2470 529 2519 Urbis
569 2487 597 2519 a
641 2471 866 2530 sinistris,
919 2470 1316 2534 archiepiscopus
1355 2470 1484 2519 inter
1521 2469 1915 2535 archiepiscopos

124 2552 456 2603 Nicosiensem
478 2559 526 2603 et
545 2555 863 2618 Ragusinum,
901 2569 1067 2603 comes
1100 2555 1227 2602 inter
1251 2554 1662 2603 Concordiensem
1691 2560 1736 2603 et
1765 2557 1917 2619 Sego-

123 2636 397 2686 bricensem
431 2638 687 2702 episcopos
725 2637 936 2701 prelatos
962 2637 1141 2701 palatii,
1174 2641 1231 2686 D.
1263 2638 1500 2687 Antonius
1526 2638 1653 2687 inter
1674 2639 1914 2702 prelatum

123 2719 283 2782 palatii
305 2736 334 2768 a
357 2721 537 2769 dextris
559 2726 607 2768 et
629 2721 912 2784 episcopum
931 2723 1217 2780 Pacensem,
1243 2726 1490 2769 oratorem
1514 2721 1643 2784 regis
1669 2726 1717 2770 et
1746 2721 1912 2785 regine

124 2803 482 2867 Hispaniarum,
514 2821 542 2852 a
565 2804 798 2863 sinistris;
826 2804 998 2853 deinde
1026 2805 1210 2868 antiqui
1232 2809 1451 2853 oratores
1474 2820 1586 2852 cum
1608 2804 1805 2872 prelatis
1827 2820 1913 2868 pa-

121 2886 240 2945 latii,
275 2890 375 2934 tum
409 2887 490 2934 alii
518 2887 688 2951 prelati
721 2903 856 2936 more
889 2888 1046 2936 solito.
1086 2887 1349 2937 Cardinalis
1385 2888 1538 2936 sancti
1568 2887 1784 2953 Dionysii
1815 2902 1911 2935 non

123 2969 254 3018 misit
292 2970 522 3019 familiam
562 2987 718 3032 suam,
760 2987 852 3021 nec
893 2977 1110 3021 oratores
1150 2972 1279 3036 regis
1319 2972 1521 3044 lff'rancie
1563 2975 1798 3021 venerunt
1837 2970 1912 3018 his

124 3052 487 3103 advenientibus
509 3055 712 3104 obviam.
738 3055 844 3104 Alia
865 3060 976 3105 sunt
997 3056 1251 3105 observata
1271 3072 1407 3105 more
1429 3061 1683 3106 consueto.

173 3188 206 3226 1.
229 3189 414 3228 Infessura
434 3191 574 3228 s'etend
594 3203 681 3230 avec
701 3191 811 3229 detail
832 3204 895 3228 sur
915 3204 975 3229 ces
997 3193 1149 3240 affaires
1163 3193 1437 3240 particulieres.
1460 3193 1554 3240 Voy.
1577 3192 1614 3229 d.
1637 3190 1789 3236 Eccard,
1811 3194 1838 3228 t.
1863 3188 1909 3233 ΙΙ,

123 3246 191 3285 col.
214 3248 321 3286 2016.
343 3249 395 3285 La
413 3249 496 3297 plus
520 3250 738 3299 importante
765 3263 836 3287 aux
855 3263 951 3300 yeux
972 3252 1022 3289 du
1048 3252 1162 3300 Pape,
1184 3251 1417 3289 c'est-a-dire
1443 3251 1476 3287 le
1502 3251 1664 3300 mariage
1685 3252 1730 3287 de
1758 3262 1825 3287 son
1852 3249 1910 3285 fils

122 3307 232 3344 Joffre
253 3319 340 3344 avec
360 3307 394 3344 la
411 3307 484 3344 fille
509 3310 684 3347 naturelle
709 3311 759 3346 du
778 3311 849 3346 duc
868 3311 913 3347 de
937 3311 1103 3359 Calabre,
1126 3316 1184 3348 est
1209 3310 1441 3348 mentionnee
1461 3322 1549 3347 avec
1570 3314 1691 3347 tontes
1712 3310 1766 3347 les
1795 3309 1910 3356 stipu-

122 3367 255 3406 lations
275 3367 325 3403 du
341 3371 485 3405 contrat.
503 3368 595 3405 dans
613 3368 646 3406 la
659 3369 762 3407 lettre
780 3371 825 3407 de
842 3370 992 3408 Stefano
1005 3371 1051 3408 de
1065 3371 1279 3408 Castrocaro
1294 3382 1340 3407 au
1355 3369 1605 3407 commissaire
1619 3370 1665 3407 de
1679 3369 1908 3410 Castrocar0‚

124 3429 231 3465 Petro
257 3428 302 3464 de
337 3427 534 3472 Vectoriis,
569 3431 605 3464 et
634 3428 776 3466 donnee
804 3432 825 3466 a
850 3429 1076 3477 l'appendice
1103 3437 1144 3466 11⁰
1172 3431 1231 3467 23.
1258 3430 1350 3477 Voy.
1382 3428 1641 3475 Guicciardini,
1668 3429 1762 3465 Dell’
1780 3428 1909 3463 [storia

127 3489 287 3529 d'ltalia,
310 3499 388 3531 nn„
415 3485 562 3531 4494‚1.
581 3486 608 3523 Ι.

316 3583 348 3607 T.
378 3583 414 3606 Η.
