2222 3926
137 342 360 386 [Septembre
383 342 473 381 14961
585 339 759 377 RERUM-
786 337 1089 383 URBANARUM
1121 337 1470 375 COMMENTARH.
1848 339 1923 376 331'

139 444 470 508 Viglevanum.
496 441 844 491 Serenissimus
866 457 950 490 rex
970 435 1298 489 Romanorum
1309 439 1442 504 prius
1461 442 1682 498 venerat3
1709 444 1756 487 et
1779 455 1916 488 man-

141 532 305 576 serunt
326 527 506 575 ibidem
528 525 671 574 simul
692 525 852 573 multis
873 525 1060 573 diebus.
1085 527 1337 574 Venerunt
1358 523 1470 570 illuc
1489 527 1705 571 oratores
1724 538 1919 572 succes-

141 611 262 668 sive,
291 610 727 658 illustrissimorum
761 611 860 657 DD.
900 608 1121 672 Philippi,
1158 607 1294 655 ducis
1326 606 1582 666 Sabaudie,
1625 606 1918 654 marchionis

141 694 274 741 ducis
291 694 465 741 Montis
486 694 668 742 Ferrati
692 698 739 742 et
755 692 1012 740 Januensis
1031 707 1139 740 cum
1160 707 1337 754 magna
1357 690 1581 738 comitiva
1602 689 1663 738 ad
1682 690 1917 753 prefatum

141 777 504 826 serenissimum
529 780 852 824 Romanorum
873 791 1037 839 regem
1060 774 1458 833 Maximilianum,
1484 789 1590 822 sese
1613 779 1660 821 et
1687 773 1814 821 bona
1835 789 1921 821 sua

140 860 377 925 Majestati
408 875 491 908 sue
520 859 798 915 offerentes,
832 859 1047 907 comitati
1078 863 1189 907 suut
1219 858 1449 906 continuo
1474 857 1547 905 vel
1575 857 1728 905 secuti
1755 872 1921 920 regem

138 944 415 1008 predictum
455 942 601 991 totius
641 943 735 1006 lige
790 950 1024 1001 oratores,
1059 942 1418 1006 Neapolitanus,
1453 941 1582 1004 regis
1614 940 1841 1004 Hispanie
1876 945 1922 989 et

140 1027 478 1079 Venetiarum,
529 1042 584 1073 ac
635 1025 822 1089 precise
874 1015 1092 1073 oratores
1138 1026 1551 1084 Florentinorum3
1594 1028 1640 1071 et
1679 1029 1921 1071 oratorem

141 1110 277 1158 ducis
301 1110 518 1158 Ferrarie
544 1109 765 1173 superius
791 1124 885 1156 non
909 1109 1154 1157 numeravi
1173 1108 1285 1171 quia
1305 1108 1390 1155 fuit
1414 1108 1576 1156 multis
1604 1107 1773 1156 diebus
1794 1106 1924 1155 infir-

140 1210 264 1252 mus,
291 1209 349 1241 ex
370 1209 465 1257 quo
486 1193 649 1256 legato
673 1198 719 1241 et
743 1195 1069 1240 Romanorum
1094 1192 1195 1255 regi
1218 1191 1404 1239 obviam
1432 1191 1594 1239 venire
1622 1207 1719 1238 non
1746 1191 1918 1254 potuit.

206 1277 344 1325 Feria
368 1277 551 1340 quinta,
585 1280 645 1324 22
670 1276 850 1324 mensis
873 1275 1178 1338 septembris,
1204 1274 1541 1322 serenissimus
1568 1274 1923 1322 Maximilianus

141 1363 466 1408 Romanorum
501 1373 586 1406 rex
621 1358 819 1406 recessit
861 1373 970 1404 cum
1006 1357 1103 1403 suis
1139 1360 1341 1405 tantum.
1366 1372 1425 1403 ex
1454 1356 1734 1417 Viglievano
1770 1358 1923 1405 iturus

137 1447 359 1491 Januam.
1917 1442 1919 1444 ’

204 1524 385 1573 Eadem
420 1525 516 1586 die,
551 1525 768 1588 pervenit
802 1528 1062 1573 Tortonam
1094 1525 1173 1573 ubi
1205 1525 1382 1573 mansit
1416 1523 1493 1571 illa
1528 1529 1576 1572 et
1610 1525 1923 1587 sequentibus

139 1609 329 1658 diebus.

209 1693 437 1752 Sabbato,
459 1696 518 1740 24
539 1693 758 1756 ejusdem
775 1694 973 1752 mensis,
992 1693 1189 1742 recessit
1208 1693 1319 1741 inde
1337 1709 1447 1741 cum
1464 1694 1704 1756 equitibus
1724 1695 1822 1742 suis
1838 1695 1926 1743 cir-

143 1779 262 1827 citer
287 1778 418 1826 mille
441 1782 488 1826 et
509 1778 602 1825 duo
621 1778 831 1826 millibus
862 1778 1096 1841 peditum,
1135 1782 1180 1825 et
1211 1777 1340 1825 venit
1365 1777 1608 1827 dominica
1635 1782 1694 1827 25
1714 1784 1927 1842 septem-

141 1862 262 1920 bris,
289 1877 439 1926 prope
459 1865 682 1921 Januam,
708 1861 769 1909 ad
789 1862 879 1909 tria
896 1861 1118 1910 milliaria
1139 1861 1197 1909 ad
1222 1861 1396 1911 Villam
1419 1862 1772 1910 Carmaniolam
1795 1861 1925 1909 vallis

142 1944 394 1993 Palcelioli
431 1945 623 2005 Rubini,
664 1946 746 2008 qui
783 1945 831 1992 in
867 1945 1044 2009 palatio
1080 1944 1279 1993 Aufroni
1318 1944 1513 2007 Spinule
1550 1945 1820 2008 hospitatus
1855 1950 1927 1993 est

140 2028 357 2091 pluribus
380 2028 566 2076 diebus.

206 2114 358 2160 Marte
392 2112 629 2174 sequenti,
654 2115 712 2160 27
741 2113 1046 2176 septembris,
1068 2113 1115 2159 in
1136 2128 1263 2171 sero,
1281 2113 1407 2161 venit
1426 2115 1646 2171 Januam,
1673 2113 1752 2161 ubi
1770 2113 1927 2160 hono—

137 2195 271 2242 rifice
305 2199 526 2258 receptus
558 2200 647 2253 est,
673 2211 756 2244 ccc
783 2196 855 2244 vel
878 2196 1007 2244 circa
1039 2196 1252 2259 peditum
1284 2196 1442 2260 ipsum
1474 2196 1848 2259 precedentibus
1878 2201 1926 2244 et

138 2293 192 2325 cc
215 2278 353 2341 equis
382 2278 539 2342 ipsum
571 2279 902 2342 sequentibus.
930 2281 970 2327 A
1000 2283 1140 2342 porta
1160 2279 1288 2327 venit
1316 2279 1404 2326 sub
1434 2279 1722 2327 baldachino
1753 2279 1813 2327 de
1842 2280 1925 2327 da-

139 2361 393 2409 maschino
424 2378 567 2421 novo,
598 2362 727 2411 facto
749 2378 833 2426 pro
861 2378 936 2422 eo,
968 2362 1062 2410 albi
1090 2362 1284 2421 coloris,
1315 2361 1445 2424 quod
1471 2361 1584 2408 dicti
1615 2361 1742 2409 cives
1764 2367 1925 2426 porta—

138 2444 251 2490 bant
275 2444 437 2507 sepius
470 2461 520 2493 se
551 2451 794 2493 mutantes
822 2462 973 2509 usque
1003 2446 1062 2494 ad
1090 2445 1346 2494 ecclesiam
1369 2461 1406 2492 s.
1435 2445 1677 2492 Laurentii
1701 2445 1794 2494 loci
1823 2462 1925 2494 me-

140 2527 434 2590 tropolitani,
471 2530 785 2592 processione
818 2529 1023 2576 solemni
1056 2529 1200 2577 etiam
1234 2529 1391 2591 ipsum
1425 2528 1734 2592 preveniente
1761 2547 1769 2575 :
1797 2529 1923 2576 facta

138 2611 407 2658 reverentia
430 2617 477 2659 et
499 2612 720 2660 oratione
755 2618 863 2660 ante
894 2612 1059 2671 altare,
1098 2612 1237 2659 rediit
1269 2616 1404 2659 extra
1422 2614 1626 2659 Januam
1650 2611 1711 2658 ad
1738 2611 1922 2658 dictum

137 2693 365 2757 palatium
395 2693 597 2742 Aufroni
627 2695 841 2759 Spinule,
867 2695 947 2742 ubi
968 2695 1113 2743 etiam
1137 2710 1193 2742 ea
1215 2699 1357 2742 nocte
1388 2694 1662 2757 hospitatus
1695 2699 1784 2741 est.
1814 2694 1922 2741 Bal-

135 2776 396 2825 dachinum
424 2778 601 2826 mansit
634 2779 878 2842 integrum
904 2798 912 2827 :
943 2795 1104 2837 nemo,
1137 2795 1294 2842 neque
1327 2778 1582 2826 servitores
1611 2777 1740 2841 regis
1766 2793 1921 2840 neque

129 2861 331 2923 juvenes
349 2864 616 2910 Januenses
634 2863 708 2911 vel
730 2863 807 2911 alii
831 2869 1096 2926 posuerunt
1123 2863 1164 2910 ei
1185 2878 1357 2910 manus
1380 2867 1427 2909 ut
1450 2861 1565 2908 illud
1588 2861 1677 2909 sibi
1702 2861 1913 2909 vindica—

136 2948 264 3003 rent;
296 2944 382 2993 sed
403 2950 574 3009 postea
594 2946 681 2994 fuit
709 2947 918 3010 capitulo
938 2947 1167 2995 ,tanuensi
1191 2946 1545 3010 consignatum,
1571 2961 1658 3010 pro
1681 2943 1824 2992 simili
1846 2944 1918 2992 vel

136 3026 230 3074 alio
251 3026 395 3090 digno
423 3045 511 3076 usu
535 3031 936 3078 conservandum.

200 3110 442 3168 Mercurii,
472 3115 531 3159 28
561 3114 865 3176 septembris,
897 3114 1024 3162 circa
1049 3114 1219 3161 horam
1256 3113 1519 3161 secundam
1550 3113 1725 3170 noctiS,
1760 3127 1860 3168 rex,
1895 3126 1922 3158 a

136 3192 233 3239 suis
259 3197 444 3240 tautum
473 3196 756 3253 associatus,
790 3196 915 3243 venit
935 3199 1139 3243 Januam
1170 3199 1216 3243 et
1236 3194 1506 3258 hospitatus
1530 3199 1601 3242 est
1629 3195 1676 3241 in
1706 3192 1918 3256 hospitio

136 3275 260 3323 Rmi.
296 3278 353 3323 D.
384 3276 637 3325 cardinalis
663 3295 701 3326 s.
744 3278 870 3326 Petri
904 3278 964 3326 ad
990 3278 1212 3337 Vincula,
1245 3277 1305 3325 ad
1336 3293 1374 3324 s.
1407 3278 1642 3324 Thomam
1676 3291 1919 3338 nuncupa-

135 3366 254 3420 tum,
292 3360 339 3408 in
374 3360 599 3407 suburbio
631 3362 860 3409 Januensi
895 3362 1006 3420 sito,
1046 3362 1125 3408 ubi
1160 3366 1260 3408 toto
1288 3364 1507 3422 tempore
1538 3359 1813 3422 hospitatus
1846 3363 1917 3405 est

135 3459 231 3507 quo
249 3446 401 3491 Janue
423 3443 704 3507 permansit.
