2216 3886
269 317 338 350 598
881 313 897 347 J
905 311 1110 347 oHANNIS
1147 309 1439 355 BURCHARD1‚
1717 313 1923 352 [Decembre
1943 317 2037 357 1499]

268 418 474 466 vandum
509 433 619 465 cum
654 415 887 468 dicendis,
912 429 1056 476 quem
1087 413 1287 460 inferius
1317 426 1406 475 pro
1436 412 1645 474 vesperis
1674 412 1805 475 ipsis,
1831 417 1932 464 Deo
1954 432 2034 464 vo-

268 501 418 560 lente,
436 501 675 548 annotabo
695 503 743 545 et
760 497 991 544 recitabo.

332 583 471 631 Feria
494 582 647 638 tertia,
674 584 733 627 24
755 579 934 627 mensis
956 578 1246 637 decembris,
1265 578 1423 642 vigilia
1443 578 1704 627 Nativitatis
1727 581 1783 627 D.
1810 581 1864 628 N.
1889 583 1933 628 J.
1959 583 2032 641 C.,

266 671 521 727 antequam
555 665 638 711 SS.
666 665 720 710 D.
747 665 801 710 N.
828 662 1113 710 ascenderet
1134 662 1194 709 ad
1215 661 1460 709 basilicam
1485 678 1523 709 s.
1551 662 1678 710 Petri
1706 678 1791 726 pro
1823 664 2036 727 vesperis

267 747 501 806 dicendiS,
526 746 681 810 posita
702 746 787 792 fuit
809 745 867 792 ab
890 748 1024 793 extra
1044 750 1185 808 porta
1201 758 1473 792 marmorea
1493 749 1678 804 ornata,
1707 745 1755 792 in
1776 746 1937 794 locum
1958 746 2039 795 ubi

267 831 440 878 dicitur
470 834 609 894 porta
640 844 803 886 aurea,
828 843 921 890 que
959 833 1119 876 tamen
1153 827 1537 890 designationem
1571 843 1656 876 seu
1684 828 1890 877 formam
1916 829 2040 877 inte-

267 914 442 961 riorem
477 913 524 959 in
559 911 858 975 longitudine
895 911 955 958 ad
996 911 1114 958 duos
1150 910 1336 973 palmos
1374 910 1661 970 excedebat,
1697 911 1745 958 in
1786 912 2038 960 latitudine

267 1000 425 1045 autem
445 995 785 1043 concordabat.

332 1082 494 1127 Murus
533 1079 618 1126 fuit
651 1079 709 1126 ab
746 1079 872 1126 intra
910 1082 1184 1127 attenuatus
1213 1083 1260 1125 et
1292 1077 1529 1126 subtiliter
1562 1078 1735 1137 factus,
1770 1078 1854 1127 sed
1895 1078 2039 1126 etiam

268 1163 380 1212 satis
403 1167 449 1211 et
470 1163 592 1210 bene
615 1177 643 1209 a
661 1162 910 1221 lateribus,
934 1162 1025 1209 nisi
1048 1167 1280 1225 quantum
1302 1166 1439 1226 porta
1460 1177 1733 1210 marmorea
1754 1161 1911 1225 posita
1928 1176 2042 1210 con-

267 1246 535 1305 nitebatur;
558 1245 646 1293 fuit
682 1245 826 1293 etiam
868 1246 997 1293 circa
1025 1246 1238 1293 medium
1269 1246 1329 1293 ad
1362 1261 1446 1293 sex
1474 1245 1662 1309 palmos
1692 1261 1836 1308 supra
1861 1249 2039 1293 terram

266 1328 538 1394 perforatus
572 1328 633 1375 ad
660 1328 963 1376 latitudinem
998 1329 1137 1376 unius
1170 1329 1334 1392 palmi,
1366 1333 1414 1377 et
1443 1345 1471 1376 a
1503 1328 1732 1377 lateribus
1766 1328 1868 1376 sine
1907 1327 2037 1376 calce

267 1411 533 1471 obturatuS,
558 1417 608 1458 ut
629 1411 677 1458 in
700 1427 809 1458 cum
830 1411 991 1459 locum
1015 1415 1070 1459 D.
1094 1414 1150 1459 N.
1175 1412 1297 1459 ictus
1327 1411 1508 1459 faceret
1533 1427 1620 1474 pro
1648 1411 1775 1458 illius
1796 1416 2032 1474 apertura.

266 1497 319 1541 In
347 1510 541 1543 camera
569 1495 803 1558 papagalli
829 1495 1024 1543 fuerunt
1051 1495 1303 1543 distribute
1332 1494 1530 1542 candele
1559 1494 1881 1542 cardinalibus
1909 1493 2034 1551 albe,

264 1578 494 1625 librarum
518 1577 658 1625 trium
680 1578 754 1625 vel
776 1578 919 1638 circa,
943 1583 990 1626 et
1010 1578 1204 1641 prelatis
1235 1593 1346 1625 cere
1374 1577 1644 1625 communis
1668 1578 1900 1626 librarum
1923 1579 2037 1627 dua—

265 1677 371 1708 rum
394 1660 469 1708 vel
499 1660 626 1708 circa
652 1675 739 1722 per
763 1659 946 1707 socium
968 1675 1149 1707 meum.
1184 1659 1366 1707 Deinde
1394 1659 1515 1706 hora
1543 1658 1775 1721 vigesima
1794 1660 1867 1707 vel
1887 1660 2034 1718 circa,

266 1746 391 1806 Papa
432 1743 559 1792 venit
597 1743 658 1790 ad
703 1758 945 1790 cameram
991 1742 1284 1805 predictam,
1326 1742 1405 1789 ubi
1449 1741 1635 1805 accepit
1673 1747 1955 1804 paramenta
1992 1747 2039 1791 et

267 1841 468 1889 regnum
488 1826 583 1874 sive
606 1826 828 1884 thiaram,
854 1831 900 1873 et
920 1825 967 1872 in
990 1825 1104 1873 sede
1127 1841 1213 1873 sua
1230 1825 1370 1872 solita
1386 1828 1603 1888 portatus
1626 1825 1751 1873 venit
1771 1825 2039 1888 processio-

266 1907 439 1955 naliter
468 1908 556 1955 sub
590 1908 893 1967 baldachino,
925 1924 1069 1956 manu
1104 1908 1297 1956 sinistra
1326 1908 1578 1956 candelam
1609 1908 1894 1968 inauratam,
1925 1908 2037 1972 per‘-

264 1991 464 2053 pulchre
493 1997 730 2050 ornatam,
761 1991 1012 2039 ardentem
1039 1994 1252 2054 portans,
1278 2006 1425 2038 manu
1456 1990 1655 2038 dextera
1679 1991 1877 2055 populo,
1902 2006 2037 2039 more

266 2074 405 2121 solito
432 2074 743 2135 benedicens,
769 2074 963 2138 prelatis
985 2079 1032 2121 et
1054 2073 1375 2121 cardinalibus
1394 2073 1615 2121 omnibus
1636 2074 1814 2138 paratis
1838 2074 2037 2138 singulis

266 2157 476 2220 singulas
498 2159 721 2207 candelas
743 2158 968 2207 ardentes
994 2158 1042 2205 in
1063 2158 1285 2206 manibus
1312 2158 1632 2220 portantibus,
1658 2162 1704 2206 et
1731 2159 1899 2206 ordine
1921 2174 2038 2205 con-

266 2245 400 2288 sueto
421 2242 811 2304 precedentibus.
832 2244 1065 2289 Pervento
1085 2244 1193 2289 ante
1221 2246 1409 2304 portam
1437 2241 1764 2304 aperiendam,
1791 2242 1878 2288 sub
1901 2247 2038 2306 porta

265 2322 459 2371 basilice
494 2341 531 2372 s.
571 2325 722 2384 Petri,
756 2330 978 2373 cantores
1018 2324 1169 2372 nostri
1202 2323 1487 2388 inceperunt
1524 2328 1571 2371 et
1609 2327 1921 2372 cantaverunt
1960 2338 2037 2371 se-

266 2414 469 2468 quentes
492 2409 778 2472 antiphonas
800 2425 885 2456 seu
905 2425 1070 2458 versus
1089 2409 1149 2457 ad
1166 2409 1261 2457 hoc
1284 2408 1529 2456 ordinatos
1561 2424 1570 2455 ε

333 2492 383 2550 Ῡ.
422 2490 629 2539 ,Ιτιόἱίαΐθ
649 2492 770 2552 Deo,
796 2494 945 2540 omnis
967 2501 1108 2551 terra,

333 2576 383 2635 a).
422 2575 491 2622 Et
508 2576 672 2622 servite
691 2576 896 2623 Domino
917 2577 965 2623 in
987 2578 1149 2624 letitia.

333 2660 382 2718 5'.
417 2660 618 2706 Introire
639 2660 686 2705 in
712 2668 960 2722 conspeetu
982 2660 1103 2721 ejus,

334 2744 384 2802 ἡ.
423 2743 486 2789 In
507 2743 809 2792 eoeultatimze.

334 2827 382 2871 ἱ.
407 2826 579 2871 Scitote
601 2810 821 2888 quoniam
843 2828 1080 2876 Dominus
1099 2831 1195 2892 ipse
1216 2839 1282 2877 est
1303 2830 1453 2889 Deus,

331 2909 381 2967 13).
422 2907 529 2969 Ipse
548 2908 664 2971 fecit
685 2924 784 2967 nos,
811 2918 854 2955 et
871 2926 965 2957 mm
982 2912 1070 2973 ipsi
1097 2928 1197 2959 nos.

373 3029 382 3038 .
421 2991 634 3053 Populus
655 2991 762 3053 ejus
779 3000 823 3038 et
843 3008 944 3039 oves
953 3009 1130 3055 pascue
1151 2995 1274 3057 ejus,

375 3112 384 3121 .
423 3074 621 3121 Introite
633 3082 822 3136 portam
841 3075 963 3137 ejus,

333 3160 361 3217 δέ)
334 3075 367 3133 ,5)
333 2993 362 3050 *⁴3³

373 3196 381 3205 .
421 3159 483 3205 In
505 3174 586 3205 1:072
590 3158 811 3222 jhu-ione,
841 3160 960 3206 atrio
982 3160 1103 3222 ejus,

373 3280 382 3289 .
424 3243 486 3288 In
507 3241 696 3302 hymnis·
718 3242 1007 3305 confitemini
1029 3243 1112 3289 illi.

372 3362 380 3371 .
419 3325 634 3372 Lamlate
653 3341 820 3372 nomen
844 3325 965 3387 ejus,

332 3327 360 3384 ⁵⁴.)
331 3243 364 3301 «τῷ

330 3409 379 3466 ἡ.
424 3408 656 3463 Quoniam
679 3409 833 3454 suat-is
852 3417 917 3455 est
936 3409 1186 3456 Dominus.
