2202 3926
307 312 354 346 96
911 311 1144 348 ιΙΟΗΑΝΝΙΞ
1178 310 1490 357 BURCHARDL·
1867 311 1974 351 [Mars
1997 311 2089 350 1494]

311 412 392 475 qui
412 412 474 459 ibi
500 429 705 462 eramus.
730 417 850 461 Tum
872 416 1000 477 Papa
1028 429 1247 463 reversus
1269 420 1342 462 est
1371 430 1458 478 per
1482 414 1606 461 viam
1637 428 1799 460 versus
1827 413 2086 471 Coliseum,

314 500 527 544 sanctam
561 497 761 545 Mariam
796 513 987 556 novam,
1022 497 1323 557 Marforium,
1358 501 1577 545 sanctum
1616 498 1849 555 Marcum,
1889 496 2090 544 Pelicia-

314 579 451 638 riam,
478 580 674 629 domum
706 581 764 628 de
796 581 1033 640 Maximis,
1058 579 1326 643 parionem,
1358 578 1418 625 ad
1448 581 1667 625 sanctum
1698 581 1910 635 Petrum,
1935 577 2092 625 cardi-

315 662 500 711 nalibus
520 663 677 726 ipsum
702 679 853 726 usque
874 663 934 710 ad
965 668 1174 710 castrum
1200 661 1351 709 sancti
1374 660 1547 723 Angeli
1571 661 1938 709 associantibus.
1966 663 2095 724 Papa

321 747 547 810 equitavit
582 747 770 794 medius
798 746 923 793 inter
947 745 1133 809 pedites
1167 748 1396 804 armatos,
1425 744 1490 791 ita
1515 744 1644 807 quod
1673 748 1783 793 ante
1814 760 1866 792 se
1892 743 2095 792 haberet

317 829 507 878 circiter
529 834 725 877 centum
746 828 1016 876 balistarios
1036 833 1083 877 et
1104 828 1306 877 totidem
1328 832 1437 892 post
1457 843 1526 876 se.

385 911 568 960 Eadem
596 912 691 971 die,
721 915 774 959 R.
811 915 862 959 P.
895 915 951 959 D.
985 912 1222 960 Antonius
1250 912 1435 972 Flores,
1470 911 1758 961 secretarius
1786 911 2092 976 apostolicus,

318 995 693 1060 protonotarius,
709 995 891 1044 electus
906 995 954 1043 in
974 996 1244 1045 auditorem
1259 1001 1360 1046 rote
1376 996 1600 1044 inlocum
1617 995 1742 1044 Rmi.
1762 999 1819 1044 D.
1840 994 2096 1044 cardinalis

315 1078 623 1127 Alexandrini
636 1078 959 1143 recipiendus,
985 1082 1153 1139 Rome,
1176 1080 1223 1127 in
1246 1080 1454 1129 ecclesia
1478 1097 1515 1129 s.
1537 1080 1799 1138 Eustachii,
1820 1079 1879 1127 ab
1900 1079 2022 1127 hora
2037 1094 2099 1126 xx

319 1163 392 1211 vel
415 1161 559 1220 circa,
584 1162 633 1209 in
650 1178 735 1209 xnl
755 1166 1043 1211 RRmorum.
1070 1166 1170 1211 DD.
1197 1164 1529 1224 cardinalium,
1554 1164 1777 1213 videlicet
1796 1161 2097 1226 Neapolitani

318 1251 365 1294 et
395 1246 731 1295 Ulixbonensis
760 1246 1115 1311 episcoporum,
1142 1248 1295 1296 sancti
1323 1248 1603 1306 Clementis,
1632 1247 1905 1304 Januensis,
1941 1249 2097 1294 Bene-

317 1330 526 1390 ventani,
552 1331 706 1378 sancti
741 1330 974 1395 Dionysii,
999 1331 1327 1391 Alexandrini,
1353 1332 1762 1396 Carthaginiensis
1788 1332 2098 1397 presbytero-

317 1430 441 1473 rum,
471 1414 717 1474 SenensiS,
746 1413 804 1462 de
828 1414 1047 1473 Sabellis,
1071 1415 1323 1474 Columna,
1347 1416 1747 1476 vicecancellarii,
1772 1415 1925 1465 sancti
1953 1417 2099 1464 Seve—

317 1498 427 1557 rini,
450 1498 709 1558 Valentini,
736 1498 965 1559 Cesarini,
993 1498 1222 1559 Grimani,
1249 1500 1464 1547 Farnesii
1487 1504 1533 1548 et
1556 1503 1739 1549 Lunate
1762 1500 2095 1557 diaconorum,

320 1597 375 1628 ac
401 1581 664 1630 multorum
695 1582 989 1645 prelatorum
1018 1598 1074 1630 ac
1096 1582 1369 1631 auditorum
1393 1589 1498 1632 rote
1525 1585 1790 1647 presentia,
1814 1600 1869 1632 ac
1898 1584 2100 1632 aliorum

319 1664 589 1724 curialium,
624 1665 878 1729 disputavit
909 1671 954 1714 et
990 1667 1184 1731 repetiit
1218 1668 1484 1716 secundum
1521 1669 1783 1733 capitulum
1814 1669 1872 1717 de
1901 1669 2101 1732 majori-

325 1755 415 1795 tate
436 1756 479 1796 et
500 1748 758 1797 obedientia
781 1754 828 1798 et
850 1750 1189 1799 conclusiones
1212 1751 1563 1816 infrascriptas,
1590 1756 1759 1801 contra
1776 1767 1895 1816 quas
1926 1767 2096 1815 argue—

321 1835 431 1879 runt
469 1835 526 1879 D.
566 1833 829 1880 Guilelmus
870 1833 928 1882 de
971 1834 1218 1894 Perreriis,
1257 1836 1542 1884 Franciscus
1588 1835 1797 1894 Brevius,
1837 1838 2008 1883 Petrus
2041 1835 2100 1882 de

321 1915 580 1980 Accolytis,
602 1916 814 1965 Achilles
837 1917 895 1964 de
915 1917 1102 1965 Grassis
1124 1922 1171 1966 et
1193 1918 1473 1966 Dominicus
1490 1919 1548 1968 de
1563 1922 1586 1967 J
1593 1919 1843 1986 acobatiis,
1858 1918 2102 1967 auditores

321 2003 425 2046 rote
448 2003 495 2046 et
517 2002 572 2047 D.
598 2000 770 2048 Paulus
792 2000 851 2049 de
873 2001 1064 2061 Planca,
1086 2002 1341 2050 advocatus
1369 2003 1738 2062 consistorialis3
1763 2001 2099 2051 conclusiones

321 2099 433 2131 vero
454 2083 645 2131 suerunt
666 2100 753 2147 per
781 2084 1060 2149 hujusmodi
1083 2085 1425 2134 schedularum
1447 2087 1726 2135 affixionem
1745 2086 1793 2134 in
1812 2086 1931 2135 locis
1953 2084 2102 2134 solitis

321 2182 409 2230 per
432 2166 610 2214 Urbem
633 2168 774 2216 affixe
794 2184 806 2216 z

391 2270 413 2294 «
453 2250 690 2298 Antonius
721 2251 904 2310 Flores,
936 2252 1185 2315 utriusque
1202 2252 1324 2316 juris
1346 2252 1532 2313 doctor,
1560 2253 1642 2300 SS.
1670 2255 1727 2300 D.
1753 2254 1808 2299 N.
1834 2267 1959 2315 pape
1981 2251 2106 2299 refe-

326 2335 574 2384 rendarius
612 2334 926 2392 domesticuS,
973 2339 1029 2383 12
1069 2336 1306 2400 presentis
1346 2336 1527 2385 mensis
1557 2335 1733 2394 martii,
1763 2335 1841 2399 qui
1883 2335 1973 2383 erit
2004 2334 2107 2383 dies

326 2418 454 2467 beati
489 2418 723 2483 Gregorii,
758 2419 807 2466 in
838 2419 1044 2467 ecclesia
1072 2419 1224 2467 sancti
1248 2419 1509 2480 Eustachii,
1539 2423 1723 2483 repetet
1745 2419 2008 2483 capitulum
2031 2434 2107 2467 se-

327 2502 540 2550 cundum
564 2502 622 2550 de
645 2502 913 2566 majoritate
935 2511 980 2551 et
997 2504 1272 2562 obedientia,
1298 2503 1386 2552 sibi
1408 2503 1457 2551 in
1474 2503 1666 2568 punctis
1687 2503 2002 2567 assignatum,
2027 2503 2108 2551 ubi

326 2601 414 2648 pro
433 2601 568 2634 more
585 2586 839 2634 conabitur
859 2586 1187 2650 infrascriptas
1203 2587 1540 2636 conclusiones
1561 2586 1850 2647 substinere,
1862 2586 2105 2635 videlicet:

399 2690 420 2713 «
461 2672 638 2718 Omnes
660 2669 918 2734 principeS,
943 2674 1041 2719 tam
1062 2670 1229 2719 fideles
1245 2686 1389 2734 quam
1401 2671 1639 2732 infideles,
1665 2675 1891 2719 tenentur
1910 2685 2111 2718 romano

330 2753 548 2817 pontifici
570 2753 894 2802 obedientiam
915 2758 1158 2818 prestare;
1191 2755 1464 2803 obedientia
1494 2755 1654 2804 debita
1674 2770 1874 2803 romano
1896 2752 2112 2818 pontifici

331 2852 416 2900 per
436 2837 712 2885 universum
734 2837 902 2887 orbem
924 2842 1082 2901 potest
1101 2838 1195 2887 dici
1216 2839 1275 2888 de
1294 2839 1402 2902 lege
1425 2838 1599 2887 divina.
1782 2899 1784 2901 ι

402 2941 424 2964 «
464 2923 629 2969 Potest
660 2920 915 2984 episcopus
946 2922 1204 2986 disponere
1236 2928 1405 2971 contra
1420 2923 1500 2987 jus
1529 2938 1806 2981 commune,
1849 2907 1978 2968 sicut
2003 2919 2111 2967 laici

338 3007 541 3067 possunt
567 3007 735 3052 contra
750 3004 828 3068 jus
851 3019 1108 3054 commune
1136 3009 1313 3054 statuta
1339 3007 1565 3064 condere,
1590 3004 1852 3053 dummodo
1869 3004 1946 3067 jus
1969 3019 2113 3066 supe-

343 3087 523 3134 riorum
553 3088 628 3135 vel
653 3086 782 3136 tertii
811 3103 908 3135 non
938 3087 1143 3148 ledatur,
1168 3089 1233 3136 ita
1263 3094 1310 3137 et
1340 3089 1610 3153 episcopus.
1645 3088 1943 3147 Differentia,
1970 3102 2113 3150 quam

347 3175 531 3233 ponunt
570 3170 792 3219 doctores
833 3170 958 3219 inter
990 3172 1393 3220 consuetudinem
1428 3176 1475 3221 et
1514 3175 1757 3232 statutum,
1800 3187 1897 3219 non
1935 3169 2118 3218 videtur

338 3253 526 3301 veritati
548 3269 762 3304 consona
781 3260 1003 3318 respectu
1025 3256 1237 3320 episcopi
1261 3256 1526 3305 statuentis,

424 3357 443 3381 ι(
483 3338 622 3386 Valet
655 3342 881 3387 statutum
913 3338 1124 3404 episcopi
1163 3355 1190 3388 a
1223 3356 1316 3403 quo
1352 3339 1585 3389 terminus
1617 3340 1861 3404 perficitur
1896 3336 2118 3386 instantie

342 3420 525 3485 judicii.
