2202 3926
136 338 247 382 [Avrn
271 338 366 377 1494]
589 334 756 371 RERUM
790 320 1094 369 URBANARUM
1122 333 1472 370 COMMENTARII.
1861 340 1930 375 105

134 440 227 489 dici
256 440 485 488 cardinali
513 455 553 487 s.
581 437 794 502 Georgii,
817 436 1059 485 assistenti
1091 437 1217 485 hanc
1245 453 1354 486 esse
1378 438 1675 502 singularem
1710 455 1928 491 ceremo-

141 524 272 573 niam
293 524 353 572 ab
376 540 434 572 eo
456 540 555 571 non
584 521 938 587 precognitam,
961 521 1106 585 quod,
1132 537 1244 569 cum
1270 524 1399 586 Papa
1422 523 1735 572 concordiam
1758 524 1928 574 fecerit

138 624 250 656 cum
276 624 392 672 rege
420 607 754 671 Neapolitano,
775 605 975 654 missam
1006 605 1222 654 celebret
1246 606 1504 670 episcopus
1532 608 1924 657 Concordiensis.

139 695 268 756 Papa
292 707 423 751 vero,
448 692 543 740 hoc
571 707 599 739 a
625 691 754 739 dicto
788 690 1033 738 cardinale
1062 690 1328 749 intellecto,
1351 690 1465 739 fecit
1492 707 1582 755 per
1610 708 1688 740 me
1719 694 1930 741 Ascanio

138 776 431 840 respondere
453 776 503 823 id
526 791 623 824 non
644 776 994 839 precogitasse,
1019 775 1106 823 sed
1126 791 1154 823 a
1171 790 1285 823 casu
1310 774 1492 823 factum
1515 791 1623 824 esse
1650 794 1659 824 z
1684 793 1855 825 verum
1878 794 1931 826 se

75 862 78 863 ⁷
138 861 333 925 ingenio
361 877 418 909 ac
446 859 703 908 devotione
732 860 953 923 ejusdem
982 859 1176 907 Ascanii
1205 859 1460 907 cardinalis
1483 860 1731 909 confidere
1754 868 1802 910 et
1824 878 1935 926 spe-

140 960 265 1003 rare,
295 944 425 1008 quod
453 945 558 1008 ejus
595 943 757 991 medio
786 959 876 1006 pax
906 942 1033 990 inter
1069 941 1384 990 Sanctitatem
1417 958 1553 990 suam
1589 947 1637 992 et
1670 944 1936 992 illustrissi-

144 1044 277 1076 mum
312 1027 604 1076 Ludovicum
647 1027 756 1074 Bari
789 1026 964 1075 ducem
999 1031 1405 1089 componeretur;
1441 1027 1572 1090 quod
1604 1044 1717 1076 cum
1757 1030 1936 1078 factum

146 1113 310 1171 fuerit,
336 1111 570 1160 celebrari
594 1111 738 1159 faciet
768 1111 969 1158 missam
999 1126 1086 1173 per
1119 1109 1403 1174 episcopum
1433 1113 1731 1171 Pacensem;
1758 1112 1818 1161 de
1843 1129 1938 1177 quo

148 1196 277 1245 idem
310 1195 545 1245 Ascanius
575 1195 788 1243 subrisit.
816 1195 973 1242 Finita
993 1194 1160 1252 missa,
1184 1198 1231 1242 et
1257 1194 1599 1244 benedictione
1633 1212 1722 1260 per
1749 1198 1940 1261 pontifi-

147 1298 256 1331 cem
284 1281 412 1340 data,
434 1283 743 1329 accesserunt
774 1278 971 1343 quidam
993 1278 1051 1326 de
1082 1278 1479 1336 confraternitate
1497 1281 1806 1330 Annunciate
1827 1298 1939 1331 cum

148 1366 307 1425 bacili,
333 1370 381 1414 et
402 1367 532 1429 Papa
553 1364 743 1424 obtulit,
769 1368 821 1411 ut
844 1362 1132 1422 existimavi,
1157 1379 1253 1410 xxv
1279 1362 1481 1412 ducatos
1504 1367 1551 1412 et
1573 1368 1681 1428 post
1703 1380 1816 1413 eum
1839 1381 1941 1414 car-

150 1449 335 1498 dinales
364 1449 426 1497 ad
458 1464 628 1498 eorum
660 1448 991 1508 voluntatem;
1029 1452 1132 1496 tum
1164 1453 1475 1496 accesserunt
1507 1464 1603 1496 xvn
1636 1449 1796 1513 puelle
1829 1465 1940 1498 cum

150 1533 403 1592 matronis,
429 1533 604 1597 quibus
633 1532 833 1597 singulis
861 1532 1034 1596 puellis
1066 1535 1196 1596 Papa
1224 1531 1357 1580 dedit
1386 1532 1585 1581 bursam
1611 1549 1724 1581 cum
1752 1538 1942 1599 septua-

150 1617 282 1682 ginta
302 1602 514 1681 quinque
536 1617 735 1666 florenis
755 1632 842 1681 pro
864 1617 994 1676 dote,
1019 1632 1156 1665 more
1178 1617 1336 1665 solit0.

216 1702 301 1750 His
318 1701 548 1766 peractiS,
572 1704 702 1766 Papa
722 1717 811 1765 per
832 1705 1048 1750 sanctam
1066 1701 1269 1750 Mariam
1290 1701 1340 1749 in
1361 1701 1438 1750 via
1458 1704 1592 1763 Lata,
1613 1707 1661 1752 et
1675 1702 1788 1752 inde
1810 1707 1943 1752 recta

154 1786 245 1845 via,
287 1786 418 1834 venit
452 1785 512 1834 ad
545 1786 805 1834 ecclesiam
841 1786 982 1835 beate
1018 1785 1168 1834 Marie
1209 1786 1269 1834 de
1304 1787 1515 1850 Populo,
1556 1792 1659 1835 tum
1690 1803 1776 1852 per
1816 1788 1942 1836 viam

156 1869 479 1918 cardinalibus
511 1869 670 1932 ipsum
698 1885 852 1933 usque
879 1870 1006 1918 ultra
1035 1874 1236 1933 pontem
1264 1870 1417 1918 sancti
1448 1871 1622 1934 Angeli
1656 1871 1942 1920 associanti-

153 1954 260 2003 bus.
282 1952 608 2001 Interfuerunt
628 1969 723 2000 xxn
745 1953 1014 2001 cardinales
1038 1953 1253 2001 videlicet
1268 1954 1629 2017 Neapolitanus,
1653 1955 1944 2004 Ulixbonen-

152 2038 234 2096 sis,
263 2036 665 2095 Rechanatensis,
695 2036 910 2100 episcopi
932 2053 942 2095 ;
969 2053 1007 2084 s.
1035 2037 1315 2096 Clementis,
1339 2039 1615 2096 Januensis,
1640 2041 1936 2097 Parmensis,

158 2124 543 2181 Beneventanus,
576 2120 752 2170 Montis
796 2121 1005 2185 Regalis,
1046 2121 1266 2180 Ursinus,
1303 2138 1342 2169 s.
1378 2122 1620 2187 Dionysii,
1656 2123 1943 2172 Alexandri-

153 2223 268 2264 nus,
302 2206 716 2270 Carthaginiensis
751 2204 1054 2269 presbyteri3
1093 2206 1323 2253 Senensis
1354 2207 1670 2265 camerarius,
1702 2207 1940 2266 Sabellus,

155 2290 410 2349 Columna,
439 2290 694 2347 Ascanius,
728 2305 768 2336 s.
804 2288 1038 2347 Severini,
1073 2289 1349 2349 Cesarinus,
1382 2290 1656 2350 Grimanus,
1688 2291 1944 2340 Farnesius

158 2378 206 2422 et
227 2376 411 2422 Lunate
433 2373 641 2422 diaconi.
668 2373 852 2422 Chorus
884 2372 1090 2421 ecclesie
1108 2373 1323 2422 Minerve
1345 2374 1426 2422 ubi
1448 2374 1597 2423 altare
1621 2376 1778 2439 majus
1800 2375 1943 2423 situm

155 2461 246 2515 est,
277 2460 471 2521 paratus
499 2457 586 2505 fuit
619 2457 680 2505 ad
712 2457 866 2505 instar
896 2457 1081 2521 capelle
1118 2461 1303 2516 nostre,
1341 2458 1407 2506 ita
1437 2459 1567 2522 quod
1597 2459 1642 2506 in
1686 2475 1744 2508 eo
1775 2474 1946 2508 omnes

155 2539 444 2600 cardinales,
477 2541 667 2605 prelati,
705 2545 924 2589 oratores
953 2545 1000 2590 et
1035 2541 1115 2589 alii
1146 2542 1370 2590 collocati
1400 2542 1595 2591 fuerunt
1622 2548 1766 2608 prout
1799 2544 1944 2591 etiam

158 2623 415 2687 aliquando
437 2625 555 2673 alias
575 2625 755 2673 factum
772 2625 876 2673 suit.

221 2707 362 2755 Feria
381 2708 566 2771 quinta,
594 2712 620 2757 3
640 2709 756 2756 dicti
775 2708 957 2757 mensis
979 2710 1163 2773 aprilis,
1192 2711 1342 2775 abbas
1362 2727 1402 2759 s.
1429 2710 1699 2760 Sebastiani
1715 2710 1775 2758 de
1798 2711 1942 2771 Urbe,

159 2791 359 2839 sacrista
380 2792 564 2854 capelle
586 2796 767 2851 nostre,
786 2793 987 2840 missam
1003 2793 1264 2842 celebravit
1285 2795 1332 2842 in
1349 2795 1457 2843 aula
1478 2794 1761 2858 pontificum
1783 2794 1944 2858 palatii

157 2874 411 2938 apostolici
433 2875 561 2939 apud
582 2892 621 2923 s.
648 2878 863 2936 Petrum,
890 2881 938 2925 et
957 2878 1136 2925 Montis
1156 2878 1348 2942 Regalis
1370 2882 1418 2927 et
1443 2862 1768 2927 Alexandrino
1794 2877 1947 2926 cardi-

158 2957 348 3006 nalibus
377 2974 434 3006 ac
467 2959 808 3022 Segobricensi
829 2961 1064 3024 magistro
1086 2962 1279 3018 domus,
1305 2962 1660 3026 Caputaquensi
1682 2967 1729 3010 et
1752 2961 1946 3010 Sutrino

157 3046 205 3089 et
235 3043 478 3107 Nepesino
513 3044 786 3093 secretariis
819 3049 866 3094 et
895 3046 1130 3095 Perusino
1168 3048 1426 3112 episcopis,
1460 3047 1646 3096 datario
1678 3052 1726 3094 et
1751 3045 1947 3110 prelatis

155 3125 437 3176 domesticis
459 3130 787 3192 presentibus.

221 3210 376 3259 Finita
403 3213 571 3272 missa,
601 3216 731 3278 Papa
760 3217 948 3281 accepit
975 3216 1227 3276 amictum,
1257 3217 1434 3275 albam,
1470 3218 1737 3281 cingulum,
1774 3216 1945 3264 stolam

158 3298 206 3342 et
229 3293 421 3342 mitram
450 3296 738 3359 simplicem,
770 3299 966 3348 interim
987 3317 1066 3350 me
1087 3317 1186 3349 non
1213 3301 1514 3359 advertente,
1546 3301 1631 3348 sed
1660 3304 1788 3363 Papa
1813 3300 1945 3346 ince-

158 3378 320 3437 dente,
354 3378 554 3426 sacrista
574 3379 623 3427 id
644 3382 916 3443 ordinante,
942 3384 1308 3448 Segobricensis
1335 3389 1383 3433 et
1404 3383 1787 3447 Caputaquensis
1815 3382 1944 3444 epis-

158 3462 266 3528 copi
303 3467 350 3512 et
385 3477 495 3510 cum
528 3461 598 3510 eis
631 3463 721 3513 iste
759 3466 958 3514 sacrista
989 3472 1284 3531 acceperunt
1314 3466 1522 3531 pluviale
1554 3482 1564 3515 :
1597 3469 1726 3530 Papa
1751 3467 1944 3530 paratus
