2222 3926
357 362 426 397 292
958 362 1190 398 JOHANNIS
1225 361 1518 407 BURCHARDI,
1914 364 2018 404 [Aout
2040 365 2132 404 1496]

359 463 665 511 Germaniam
697 468 744 512 et
765 479 1052 527 quecunque
1075 465 1219 512 etiam
1247 467 1381 510 extra
1409 463 1592 510 Italiam
1622 462 1797 525 ipsam,
1827 463 1886 510 ad
1907 479 2000 526 que
2027 465 2129 529 ipse

357 545 598 594 declinare
630 546 899 609 contigerit,
924 547 1032 594 loca
1061 546 1324 609 apostolice
1357 545 1484 592 sedis
1513 545 1718 608 legatus,
1753 561 1812 593 ex
1842 547 2128 595 consistorio

357 635 544 677 secreto
566 632 716 676 Rome
736 629 863 691 apud
887 633 1105 676 sanctum
1134 631 1329 675 Petrum
1351 628 1398 674 in
1425 628 1599 691 palatio
1621 629 1886 692 apostolico
1913 629 2130 693 predicto

355 711 538 770 habito,
582 711 641 758 ab
681 699 905 757 omnibus
946 710 1136 756 RRmis.
1171 712 1269 758 DD.
1307 711 1630 759 cardinalibus
1671 712 1750 775 qui
1789 711 2129 772 interfuerunt,

355 807 490 839 more
530 791 669 839 solito
709 791 975 839 associatus
1016 797 1087 840 est
1127 808 1278 855 usque
1316 798 1449 842 extra
1482 798 1672 857 portam
1708 794 1849 843 beate
1891 795 2042 844 Marie
2075 794 2134 843 de

356 874 669 942 Populonubi
699 891 787 938 per
820 879 1002 923 tactum
1033 891 1203 924 manus
1232 881 1279 925 et
1313 877 1408 924 oris
1443 877 1660 925 osculum
1699 878 1897 942 singulis
1931 878 2136 941 peractis

353 957 541 1021 gratiis,
579 958 823 1006 redierunt
862 974 1030 1007 omnes
1072 959 1133 1007 ad
1172 960 1349 1008 Urbem
1383 977 1393 1008 ε
1428 961 1572 1009 etiam
1613 961 1741 1025 ipse,
1775 965 1882 1025 post
1918 961 2135 1009 omnium

352 1057 614 1101 recessum,
659 1042 849 1089 intravit
887 1048 1176 1090 conventum
1213 1043 1339 1092 dicte
1370 1044 1510 1092 beate
1553 1045 1732 1104 Marie;
1769 1046 1896 1094 unde
1935 1051 2131 1110 peracto

349 1125 550 1188 prandio
573 1126 700 1173 circa
720 1126 889 1174 horam
910 1142 1046 1185 xvm,
1070 1126 1162 1173 iter
1182 1126 1381 1191 arripuit
1407 1127 1662 1190 legationis
1691 1144 1776 1177 sue
1805 1134 1852 1177 et
1874 1133 2130 1193 pernocta-

351 1208 416 1256 vit
436 1208 483 1255 in
503 1208 713 1273 hospitio
736 1212 793 1257 D.
820 1209 949 1258 Petri
975 1209 1033 1257 de
1057 1209 1289 1258 Columna
1311 1217 1443 1259 extra
1464 1213 1684 1259 Castrum
1707 1209 1893 1260 Novum
1915 1227 2060 1275 quem
2084 1211 2133 1258 in

351 1307 493 1340 mane
516 1293 733 1356 sequenti
757 1309 846 1356 ego
870 1294 1014 1341 etiam
1038 1308 1096 1341 ex
1125 1294 1468 1343 commissione
1498 1297 1554 1342 D.
1579 1297 1635 1343 N.
1661 1309 1785 1358 pape
1810 1310 1916 1342 sum
1938 1310 2132 1342 assecu-

352 1380 427 1424 tus
447 1376 495 1423 in
517 1377 712 1425 nomine
739 1377 948 1436 Domini,
973 1380 1020 1425 et
1039 1378 1145 1425 veni
1169 1377 1229 1425 ad
1257 1394 1385 1438 eum,
1410 1379 1651 1427 dominica
1677 1378 1844 1427 ultima
1863 1378 1988 1443 julii,
2019 1383 2130 1428 ante

352 1459 623 1523 prandium,
646 1459 692 1507 in
716 1476 811 1507 uno
833 1476 891 1508 ex
912 1460 1133 1524 hospitiis
1155 1462 1372 1521 Otriculi,
1395 1462 1474 1510 ubi
1495 1463 1576 1510 illa
1595 1462 1672 1510 die
1694 1461 1889 1526 quievit.

417 1542 555 1590 Feria
584 1542 812 1600 secunda,
844 1541 1020 1589 festum
1051 1558 1089 1589 s.
1122 1543 1248 1590 Petri
1279 1544 1338 1591 ad
1365 1543 1587 1603 Vincula,
1623 1548 1640 1591 1
1677 1543 1885 1607 augusti,
1915 1544 2129 1607 prefatus

353 1624 608 1672 cardinalis
637 1624 821 1688 legatus
853 1623 901 1670 in
932 1639 1092 1682 mane,
1123 1624 1286 1672 audita
1312 1625 1461 1673 missa
1486 1625 1534 1672 in
1566 1626 1770 1689 quadam
1798 1625 1980 1689 capella
2008 1624 2132 1673 ultra

353 1707 615 1756 Otriculum
631 1707 768 1771 juxta
789 1707 880 1755 iter
899 1706 1070 1770 posita,
1096 1706 1408 1771 discooperiri
1437 1708 1527 1756 feci
1550 1725 1745 1757 crucem
1769 1708 2025 1772 legationis
2048 1723 2132 1756 sue

352 1790 561 1854 quodam
585 1780 774 1839 sacculo
797 1805 943 1854 coyro
965 1790 1061 1838 sive
1079 1791 1249 1854 vagina
1266 1791 1507 1854 imposita,
1527 1796 1574 1840 et
1595 1808 1702 1840 eam
1723 1791 1951 1855 deinceps
1969 1806 2133 1838 coram

354 1890 405 1922 se
435 1874 613 1938 portari
647 1874 738 1922 feci
773 1889 908 1922 more
943 1873 1101 1922 solito.
1127 1875 1222 1921 Iter
1254 1874 1455 1922 fecimus
1480 1876 1617 1939 juxta
1642 1875 1840 1923 fluvium
1868 1874 2012 1938 Nigre
2045 1873 2132 1921 sub

352 1957 528 2006 Narnia
559 1956 639 2022 (1),
673 1962 869 2021 propter
897 1961 1084 2021 pestem
1122 1956 1296 2005 Narnie
1324 1957 1587 2022 ingentem.
1620 1961 1859 2023 Receptus
1887 1957 1975 2005 fuit
2001 1959 2130 2005 Inte—

354 2041 507 2089 ramni
540 2041 981 2105 processionaliter,
1018 2041 1195 2090 vicario
1230 2042 1441 2106 episcopi
1482 2043 1569 2091 sibi
1605 2058 1799 2092 crucem
1833 2042 2128 2106 porrigente,

355 2140 496 2187 quam
517 2124 703 2188 legatus
724 2125 1028 2188 pertransivit
1049 2130 1212 2189 ponte,
1239 2140 1297 2174 ex
1317 2125 1446 2173 mula
1467 2125 1786 2185 descendens,
1814 2140 1959 2188 super
1976 2127 2133 2188 tapete

355 2205 534 2254 ibidem
553 2206 709 2269 posito
731 2207 1015 2269 genuflexus
1032 2213 1310 2257 reverenter
1328 2209 1570 2257 osculatus
1590 2212 1678 2268 est,
1700 2213 1746 2257 et
1765 2208 1985 2272 deposito
2006 2222 2139 2255 man-

355 2290 469 2338 tello
493 2290 716 2348 itinerali,
744 2291 1007 2353 recepitde
1030 2293 1338 2341 ciambelotto
1360 2292 1509 2341 rubeo
1530 2290 1831 2350 mantellum,
1857 2293 1904 2338 et
1923 2288 2011 2337 sub
2031 2288 2135 2337 bal-

356 2373 563 2422 dachino
588 2388 732 2436 quem
754 2373 1021 2438 presbyteri
1044 2375 1092 2423 in
1120 2376 1467 2440 superpelliciis
1489 2377 1767 2439 portarunt;
1796 2387 1966 2421 omnes
1989 2371 2132 2420 scuti-

356 2455 443 2504 feri
469 2460 517 2504 et
549 2456 628 2504 alii
656 2456 945 2518 equitanteS,
975 2457 1118 2505 etiam
1147 2458 1410 2507 servientes
1431 2472 1694 2516 armorum,
1719 2456 1994 2520 equitarunt
2023 2458 2132 2503 ante

356 2539 736 2605 processionem.
773 2540 1061 2604 Capitaneus
1106 2557 1302 2590 crucem
1345 2541 1600 2605 legationis
1648 2544 1846 2604 portans
1887 2538 2134 2602 equitabat

358 2622 488 2671 solus
511 2623 649 2687 juxta
675 2622 937 2670 canonicos
965 2626 1353 2673 Interamnenses
1381 2624 1430 2671 in
1456 2620 1804 2687 superpelliciis
1833 2620 2133 2676 incedentes»,

358 2721 477 2768 quos
519 2705 808 2768 sequebatur
836 2706 1023 2769 legatus
1060 2707 1148 2755 sub
1181 2707 1488 2765 baldachinO,
1512 2710 1560 2754 et
1590 2704 1733 2764 male,
1758 2704 1870 2768 quia
1897 2702 2060 2751 clerici
2090 2706 2137 2750 et

358 2790 568 2854 religiosi
588 2806 833 2853 nunquam
854 2794 1047 2854 portant
1067 2791 1160 2838 hoc
1181 2791 1271 2838 nisi
1291 2790 1339 2838 in
1358 2790 1525 2837 diebus
1541 2787 1665 2853 jovis
1693 2792 1742 2836 et
1761 2785 1947 2836 veneris
1972 2788 2136 2833 sancte

283 2914 289 2921 ,
360 2889 503 2937 super
533 2879 854 2932 sacramentO,
888 2873 1004 2921 alias
1033 2889 1278 2936 nunquam
1308 2873 1399 2920 nisi
1429 2875 1557 2935 Papa
1590 2872 1650 2919 sit
1680 2872 1767 2918 sub
1794 2885 1869 2918 eo.
1901 2868 2135 2932 Equitavit

360 2971 511 3020 usque
533 2956 593 3004 ad
614 2956 869 3004 ecclesiam
892 2955 1217 3004 cathedralem
1239 2969 1401 3017 quam,
1427 2969 1483 3002 ex
1506 2953 1634 3000 mula
1655 2950 1972 3010 descendens,
1991 2950 2139 2998 intra-

358 3040 437 3099 vit,
472 3045 520 3088 et
551 3043 748 3102 recepto
788 3054 846 3086 ex
884 3038 1107 3086 manibus
1145 3038 1304 3085 vicarii
1344 3036 1640 3101 aspersorio,
1677 3051 1727 3084 se
1769 3034 1974 3099 aspersit
2013 3049 2136 3097 aqua

361 3126 543 3182 sancta,
576 3121 750 3170 deinde
788 3121 923 3169 alios.
956 3122 1060 3168 Non
1093 3119 1181 3167 suit
1214 3120 1500 3177 insensatus,
1525 3118 1634 3181 quia
1648 3112 1760 3165 'non
1791 3122 1892 3165 erat
1917 3121 2137 3180 paratum

360 3205 677 3264 thuribulum,
701 3204 815 3253 licet
846 3204 1016 3253 suisset
1042 3203 1332 3252 ordinatum.
1357 3202 1585 3251 Ascendit
1615 3205 1777 3250 autem
1805 3201 1951 3249 altare
1978 3199 2135 3264 majus

361 3292 407 3334 et
428 3302 485 3334 eo
507 3287 686 3335 ibidem
714 3288 967 3351 genuflexo
989 3303 1133 3352 super
1153 3290 1319 3350 parato
1345 3285 1434 3334 sibi
1455 3285 1736 3344 faldistorio,
1767 3283 1971 3332 vicarius
1999 3287 2130 3332 stans

361 3374 495 3417 extra
516 3370 718 3417 chorum
743 3387 770 3418 a
790 3386 939 3420 cornu
959 3370 1158 3434 epistole
1178 3371 1237 3417 ad
1256 3370 1466 3433 legatum
1487 3384 1651 3417 versus
1674 3367 1792 3416 dixit
1805 3365 2063 3416 versiculos
2085 3368 2131 3413 et

410 3469 443 3506 1.
465 3468 575 3506 Narni
597 3481 658 3506 sur
678 3470 712 3507 la
731 3471 837 3509 Nera.
