2202 3900
178 274 449 315 [Janvier1497]
624 273 793 312 RERUM
826 273 1129 311 URBANARUM
1162 274 1511 313 COMMENTARII.
1892 280 1958 315 351

244 377 490 426 Johannes
512 377 572 426 de
593 376 767 436 Maclo,
791 377 967 425 artium
988 378 1238 441 magister,
1264 394 1400 426 sacre
1422 379 1667 443 theologie
1695 381 1957 444 professor,

179 461 442 509 canonicus
466 461 746 519 Leodensis,
769 476 856 525 pro
878 460 1073 510 natione
1094 461 1375 510 Alemanica
1393 462 1627 510 inferiori.

246 544 529 593 Franciscus
545 543 808 604 Bertholai,
826 544 1131 595 decretorum
1147 545 1333 604 doctor,
1351 545 1564 594 decanus
1580 548 1893 607 TuronensiS,
1913 554 1959 597 et

245 629 412 676 Frater
429 627 653 676 Claudius
673 627 925 687 Cathelini,
947 644 1082 677 sacre
1102 629 1344 693 theologie
1363 630 1627 694 professor,
1650 630 1831 679 ordinis
1847 647 1960 695 pre-

179 708 462 768 dicatorum,
487 726 574 774 pro
597 711 791 759 natione
815 710 1012 759 Gallica.

243 793 527 841 Franciscus
549 793 608 842 de
628 793 823 853 Nurcia,
854 810 988 843 sacre
1016 794 1260 859 theologie
1281 796 1528 860 professor
1558 802 1604 845 et
1632 797 1803 846 doctor
1833 798 1960 847 sedis

178 874 457 938 apostolice,
486 879 534 924 et

244 960 410 1007 Frater
449 960 695 1008 Johannes
732 960 791 1009 de
826 960 1064 1020 Malcone,
1105 960 1284 1008 ordinis
1333 962 1592 1022 minorum,
1632 979 1718 1027 pro
1763 966 1960 1014 natione

179 1040 453 1105 Hispanica.

245 1125 522 1174 Ricciardus
558 1129 732 1191 Trapp,
773 1128 949 1176 artium
986 1134 1035 1176 et
1070 1129 1377 1177 decretorum
1413 1129 1599 1190 doctor,
1638 1146 1725 1195 pro
1762 1131 1959 1180 natione

178 1209 460 1271 Anglicana.
1116 1263 1119 1264 γ

242 1295 410 1342 Frater
430 1294 602 1342 Paulus
625 1295 684 1343 de
707 1298 867 1354 Curte,
899 1311 1034 1344 sacre
1066 1295 1307 1359 theologie
1335 1296 1597 1359 professor,
1631 1294 1814 1344 ordinis
1846 1313 1960 1361 pre-
1992 1354 1995 1357 y

177 1375 463 1436 dicatorum,
489 1383 535 1426 et

242 1463 412 1509 Frater
445 1461 691 1510 Johannes
724 1462 782 1510 de
819 1465 978 1520 Prato,
1020 1461 1201 1510 ordinis
1238 1463 1500 1523 minorum,
1540 1480 1677 1512 sacre
1714 1464 1959 1529 theologie

176 1545 441 1607 professor,
464 1562 552 1610 pro
574 1546 769 1595 natione
790 1547 969 1595 Italica.
1199 1547 1201 1549 ’

243 1628 467 1677 Nicolaus
503 1629 562 1676 de
597 1620 794 1689 Lotarii,
831 1630 1005 1678 artium
1039 1630 1288 1693 utriusque
1317 1630 1439 1694 juris
1470 1636 1518 1679 et
1551 1647 1685 1679 sacre
1715 1632 1958 1696 theologie

178 1711 365 1772 doctor,
396 1712 606 1760 decanus
629 1713 943 1772 Gnesnensis‚
974 1713 1218 1761 Placensis
1242 1717 1288 1762 et
1320 1730 1359 1774 s.
1391 1714 1600 1762 Floriani
1622 1731 1678 1763 ac
1700 1732 1738 1762 s.
1766 1716 1958 1780 Georgii

177 1795 461 1854 canonicuS,
492 1796 705 1844 decanus
733 1797 923 1860 collegii
951 1796 1328 1860 penitentiorum
1355 1797 1699 1860 predictorum,
1730 1799 1957 1864 collegia-

176 1880 251 1925 tus
275 1878 417 1926 studii
442 1879 786 1940 cracoviensis,
811 1895 898 1943 pro
921 1880 1115 1928 natione
1136 1879 1378 1928 Polonica.

242 1964 410 2010 Frater
429 1962 654 2022 Michael,
679 1963 987 2012 decretorum
1009 1963 1196 2023 doctor,
1227 1963 1410 2012 ordinis
1433 1982 1472 2012 s.
1499 1965 1633 2013 Pauli
1654 1965 1793 2029 primi
1814 1965 1959 2014 here-

175 2044 310 2104 mite,
334 2060 421 2108 pro
442 2045 637 2093 natione
659 2046 899 2109 Ungarica
919 2046 1006 2106 (1).

223 2112 510 2187 'Dominica,
534 2129 711 2178 festum
729 2130 1111 2178 circumcisionis
1131 2133 1188 2178 D.
1212 2134 1268 2180 N.
1289 2134 1401 2180 Jesu
1417 2131 1612 2191 Christi,
1643 2136 1660 2179 1
1682 2132 1862 2180 mensis
1880 2133 1953 2196 Ja-

175 2210 346 2270 nuarii,
380 2214 548 2259 Rmus.
579 2215 637 2260 D.
674 2213 927 2261 cardinalis
960 2215 1232 2262 Parmensis
1263 2214 1520 2263 celebravit
1550 2216 1749 2263 missam
1777 2216 1955 2265 solem-

174 2309 287 2342 nem
314 2294 361 2341 in
390 2295 573 2359 capella
601 2297 804 2361 majore,
840 2300 966 2361 Pape
997 2302 1222 2361 presente
1255 2314 1264 2345 :
1297 2313 1571 2346 sermonem
1603 2299 1815 2347 facturus
1853 2305 1954 2348 erat

174 2381 457 2440 procurator
501 2378 681 2426 ordinis
721 2379 1104 2447 carmelitarum,
1149 2395 1292 2443 quem
1332 2395 1429 2427 non
1469 2379 1584 2428 fecit
1628 2380 1687 2429 de
1727 2381 1953 2429 mandato

177 2462 303 2523 Pape
325 2460 589 2522 celebrare,
615 2467 663 2511 et
683 2462 787 2510 aliis
808 2463 1129 2511 cardinalibus
1150 2463 1215 2511 ita
1235 2463 1339 2511 fieri
1361 2464 1756 2528 supplicantibus.
1782 2467 1866 2513 SS.
1895 2468 1951 2512 D.

176 2546 360 2603 noster,
389 2548 649 2607 antequam
676 2546 827 2594 exiret
854 2561 1096 2595 cameram
1125 2551 1382 2606 secretam,
1415 2547 1594 2596 vocavit
1620 2548 1680 2595 ad
1707 2563 1759 2596 se
1786 2563 1956 2595 omnes

177 2628 383 2674 RRmos.
414 2630 515 2676 DD.
549 2628 837 2690 cardinaleS,
868 2630 927 2679 de
947 2645 1155 2693 quorum
1182 2631 1383 2678 consilio
1412 2630 1624 2678 decrevit
1650 2630 1843 2679 mittere
1871 2646 1957 2678 en—

178 2724 281 2756 sem
301 2709 623 2759 illustrissimo
647 2711 886 2776 Philippo,
912 2710 1158 2760 archiduci
1183 2713 1394 2772 Austrie,
1419 2713 1530 2761 duci
1552 2714 1855 2778 Burgundie.

241 2791 354 2840 Heri
380 2808 507 2853 sero,
538 2794 733 2843 fuerunt
761 2811 959 2860 vespere
986 2796 1202 2861 papaleS,
1236 2799 1365 2860 Papa
1390 2783 1617 2860 presente
1638 2797 1695 2848 ,in
1723 2797 1851 2846 dicta
1877 2814 1956 2847 ca-

175 2875 319 2939 pella,
350 2875 527 2940 quibus*
552 2879 697 2928 etiam
722 2880 938 2929 interfuit
967 2884 1022 2929 R.
1058 2884 1110 2929 P.
1145 2885 1203 2930 D.
1240 2881 1559 2941 Caracciolus,
1591 2881 1952 2946 Neapolitanus,

177 2960 261 3006 SS.
291 2962 349 3008 D.
381 2963 437 3009 N.
461 2978 584 3027 pape
613 2967 660 3011 et
680 2963 811 3033 prius
833 2964 958 3021 Rmi..
985 2967 1042 3012 D.
1077 2965 1332 3014 cardinalis
1352 2965 1543 3014 Ascanii
1566 2965 1854 3014 secretarius
1876 2966 1953 3028 qui

177 3041 233 3088 iis
263 3043 432 3092 diebus
457 3062 608 3095 unum
632 3063 691 3096 ex
718 3048 857 3096 dictis
889 3048 1279 3098 secretariatibus
1308 3048 1527 3113 ejusdem
1554 3050 1638 3096 SS.
1664 3051 1721 3096 D.
1751 3050 1807 3096 N.
1833 3064 1955 3112 pape

177 3139 264 3187 per
293 3123 477 3176 obitum
510 3131 754 3192 quondam
788 3132 1040 3192 Johannis,
1077 3132 1291 3198 episcopi
1324 3131 1671 3190 Cortoniensis,
1706 3136 1957 3179 vacantem

176 3211 248 3255 est
275 3214 542 3271 assecutus,
570 3216 617 3261 et
645 3213 790 3263 hodie
808 3215 1025 3263 habitum
1046 3215 1456 3280 protonotariatus
1475 3214 1557 3277 qui
1577 3214 1723 3262 etiam
1745 3220 1956 3262 secreta—

223 3391 256 3430 1.
284 3392 333 3430 Le
354 3405 442 3432 mss.
467 3394 537 3432 150
557 3395 617 3444 (de
635 3396 836 3446 Florence),
855 3410 1062 3436 commence
1083 3399 1127 3436 ici
1151 3412 1159 3437 :
1181 3403 1262 3438 tout,
1280 3411 1320 3436 ce
1336 3397 1397 3447 qui
1417 3396 1570 3446 precede
1591 3407 1762 3446 manque.
