2222 3926
128 329 380 376 [Juillet149el
575 335 743 372 RERUM
778 334 1084 373 URBANARUM
1115 335 1466 374 COMMENTARII.
1841 337 1908 372 291

129 434 403 494 Firmanus,
449 451 601 501 nepos
640 438 765 485 Rmi.
817 440 874 486 D.
920 438 1178 487 cardinalis
1227 439 1475 498 Senensis,
1527 440 1634 502 qui,
1678 439 1727 486 in
1770 444 1911 487 nocte

130 519 369 582 sequenti,
404 519 482 568 die
519 520 722 580 sabbati,
765 525 824 570 25
850 522 971 585 junii
1009 522 1227 586 proxime
1261 522 1498 587 preteriti,
1536 522 1805 570 infirmatus
1839 527 1911 569 est

129 602 264 652 febre
291 603 501 667 quadam
527 608 668 653 acuta
693 605 922 653 continua
942 605 1144 654 medicis
1164 606 1347 670 ignota.

187 686 326 735 Feria
362 688 591 747 secunda,
629 692 658 735 4
686 687 795 753 julii
833 688 881 736 in
907 703 1069 747 mane,
1103 689 1234 737 circa
1265 683 1659 748 horam'decem,
1691 691 1908 753 portatus

128 774 202 819 est
222 785 310 834 per
331 770 583 819 scutiferos
605 770 730 819 Rmi.
756 773 814 819 D.
839 771 1095 819 cardinalis
1118 772 1347 820 Senensis
1367 772 1429 820 ad
1447 772 1698 820 basilicam
1719 788 1755 821 s.
1780 772 1908 820 Petri

127 858 175 903 et
205 854 441 919 capellam
470 858 748 903 sanctorum
777 855 970 904 Andree
1001 859 1048 903 et
1075 856 1311 919 Gregorii,
1346 860 1394 905 et
1428 855 1608 905 ibidem
1638 855 1902 933 depositus.

128 938 329 986 Indutus
348 943 450 987 erat
471 953 624 1002 cappa
643 954 740 1001 qua
778 938 950 1003 acolyti
977 938 1025 986 in
1056 938 1242 1002 capella
1273 941 1402 1002 Pape
1433 938 1500 986 uti
1522 943 1901 987 consueverunt:

124 1022 296 1079 fratres
340 1023 547 1083 Araceli,
591 1022 812 1071 canonici
834 1039 874 1070 s.
917 1023 1160 1071 Eustachii
1199 1027 1247 1072 et
1285 1028 1447 1072 rector
1485 1024 1582 1071 sive
1628 1022 1906 1086 capellanus

124 1105 330 1154 ecclesie
361 1123 401 1154 s.
436 1105 706 1155 Sebastiani
733 1121 844 1154 cum
870 1106 1036 1168 paucis
1069 1105 1174 1154 aliis
1203 1106 1552 1167 sacerdotibus,
1583 1122 1705 1170 quos
1738 1123 1907 1170 seque-

122 1189 301 1238 bantur
329 1189 587 1238 duodecim
617 1189 826 1237 facchini
866 1189 961 1238 sive
995 1206 1233 1253 pauperes
1253 1193 1530 1253 'portatores
1556 1206 1688 1238 xxnn
1717 1190 1906 1239 intorti—

119 1272 322 1321 tiorum:
350 1273 677 1337 sequebantur
704 1277 868 1321 autem
891 1273 1032 1321 funus
1050 1273 1310 1322 Abulensis
1333 1277 1380 1321 et
1403 1275 1666 1322 Suanensis
1692 1274 1906 1338 episcopi

121 1362 167 1405 et
191 1357 443 1405 {molensis
471 1355 732 1419 Sinolphus
765 1356 1123 1419 protonotarius
1149 1361 1196 1405 et
1215 1371 1303 1404 nos
1325 1356 1403 1404 alii
1429 1357 1664 1420 capellani
1683 1362 1730 1406 et
1758 1358 1907 1406 scuti-

122 1436 209 1486 feri
230 1438 343 1487 dicti
365 1438 639 1498 cardinalis,
667 1439 851 1502 absque
873 1438 1034 1503 aliquo
1056 1439 1266 1488 funesto.

181 1523 447 1572 Cardinalis
467 1523 702 1588 prefatus,
729 1523 777 1571 in
808 1524 884 1572 die
906 1523 1167 1584 dominica,
1193 1539 1305 1572 cum
1335 1524 1491 1572 dictus
1527 1527 1585 1572 D.
1610 1525 1907 1589 Augustinus

122 1607 414 1672 agonizaret,
441 1607 668 1672 equitavit
696 1607 757 1656 ad
784 1611 1006 1657 sanctum
1029 1607 1366 1671 Honuphrium
1389 1607 1470 1655 ubi
1492 1608 1670 1656 mansit
1690 1606 1907 1672 pluribus

123 1690 311 1739 diebus,
1198 1686 1201 1688 ’

192 1775 331 1823 Feria
349 1779 535 1837 quarta,
560 1779 588 1823 6
604 1775 729 1839 julii,
754 1775 803 1822 in
818 1779 1006 1823 secreto
1029 1775 1333 1833 consistori0‚
1354 1777 1437 1824 SS.
1465 1778 1522 1823 D.
1546 1780 1715 1823 noster
1730 1776 1907 1824 creavit

122 1863 170 1906 et
198 1857 466 1922 designavit
485 1858 700 1922 legatum
721 1857 780 1905 de
801 1857 951 1906 latere
974 1874 1060 1905 suo
1081 1861 1257 1906 Rmum
1284 1861 1340 1906 D.
1363 1858 1657 1907 cardinalem
1679 1875 1719 1906 s.
1744 1859 1906 1907 Crucis

124 1942 171 1989 in
200 1941 519 2000 Hierusalem,
543 1941 722 1989 iturum
752 1940 941 1989 obviam
970 1942 1280 1990 serenissimo
1307 1942 1634 1990 Maximiliano
1662 1945 1906 1990 Romano-

123 2041 229 2073 rum
252 2025 353 2090 regi
373 2041 566 2090 semper
584 2032 807 2090 augusto,
829 2042 917 2091 pro
938 2042 1059 2091 pace
1074 2031 1122 2075 et
1139 2026 1302 2090 quiete
1326 2026 1459 2074 ltalie
1476 2042 1531 2075 ac
1552 2041 1735 2075 corona
1750 2027 1905 2090 impe-

121 2109 227 2158 riali
249 2109 555 2174 suscipienda
568 2113 771 2158 Romam
789 2115 985 2158 venturo
1008 2111 1094 2173 (1),
1114 2110 1195 2173 qui
1211 2110 1478 2158 associatus
1498 2109 1588 2157 fuit
1602 2111 1662 2157 ab
1681 2110 1904 2158 omnibus

123 2192 313 2241 RRmis.
332 2178 434 2241 DD.
455 2193 777 2242 cardinalibus
796 2197 911 2242 tunc
927 2193 977 2240 in
992 2193 1280 2242 consistorio
1298 2193 1635 2253 existentibus,
1648 2193 1707 2241 de
1726 2194 1904 2257 palatio

120 2276 384 2340 apostolico
406 2276 534 2341 apud
553 2293 593 2325 s.
620 2279 816 2325 Petrum
838 2293 989 2342 usque
1008 2278 1069 2326 ad
1086 2279 1286 2327 domum
1307 2277 1366 2326 de
1387 2277 1613 2338 Mellinis,
1636 2294 1778 2341 quam
1798 2278 1902 2342 ipse

121 2360 378 2409 cardinalis
399 2377 439 2409 s.
466 2362 631 2410 Crucis
646 2361 946 2410 inhabitabat
961 2360 1048 2421 (2).

184 2444 324 2493 Feria
350 2448 501 2503 sexta,
535 2447 596 2492 29
619 2444 743 2508 julii,
772 2447 937 2506 Rmus.
964 2448 1021 2493 D.
1048 2444 1314 2493 Cardinalis
1337 2461 1375 2492 s.
1408 2444 1574 2493 Crucis
1603 2460 1690 2508 per
1716 2444 1900 2492 ltaliam

167 2569 201 2606 1.
230 2568 452 2606 Maximilien
472 2567 570 2605 avait
588 2570 645 2605 ete
666 2568 794 2617 appele
815 2580 860 2605 en
882 2568 983 2606 Italie
1003 2580 1070 2617 par
1083 2569 1244 2606 Ludovic
1264 2568 1296 2606 le
1317 2570 1430 2616 More,
1449 2570 1532 2617 puis
1553 2580 1619 2616 par
1638 2567 1672 2604 la
1685 2567 1900 2616 republique

117 2629 163 2666 de
182 2627 318 2665 Venise
345 2639 416 2676 que
441 2639 482 2664 ce
505 2627 651 2664 dernier
674 2627 772 2665 avait
798 2640 842 2665 su
867 2631 1050 2665 entrainer
1069 2630 1090 2664 a
1118 2640 1160 2664 sa
1186 2628 1294 2671 suite,
1318 2628 1416 2665 enfin
1439 2640 1506 2677 par
1531 2629 1584 2667 les
1611 2630 1756 2678 princes
1777 2629 1899 2666 confe-

118 2688 238 2733 detes,
260 2699 352 2737 pour
365 2687 555 2736 s’opposer
574 2690 596 2724 a
614 2699 685 2724 une
703 2687 860 2724 seconde
881 2687 1048 2724 invasion
1068 2687 1118 2723 du
1137 2687 1190 2724 roi
1210 2688 1254 2723 de
1280 2687 1428 2725 France.
1452 2689 1502 2725 Le
1525 2690 1568 2725 16
1581 2689 1702 2738 juillet
1722 2689 1828 2734 1496,
1849 2700 1900 2725 un

119 2759 285 2785 nouveau
298 2747 404 2784 traite
425 2747 522 2785 avait
541 2750 598 2784 ete
619 2746 726 2796 signe
747 2749 768 2783 a
787 2747 924 2784 Venise
938 2759 983 2784 en
1005 2759 1073 2784 vue
1093 2747 1138 2784 de
1152 2747 1302 2784 chasser
1321 2746 1375 2784 les
1397 2747 1423 2783 F
1425 2750 1567 2793 rancais
1587 2748 1633 2784 de
1653 2746 1687 2784 la
1708 2745 1899 2795 peninsule

119 2811 156 2845 et
174 2807 219 2844 de
239 2806 434 2844 maintenir
453 2806 538 2843 Pise
559 2818 605 2843 en
626 2806 765 2844 liberte.
787 2806 882 2844 Mais
902 2806 936 2843 la
949 2806 1098 2843 debacle
1112 2807 1178 2843 des
1199 2806 1343 2843 affaires
1358 2807 1556 2853 franqaises
1576 2807 1668 2844 dans
1682 2806 1714 2844 le
1726 2818 1899 2855 royaume

119 2867 164 2904 de
183 2866 334 2916 Naples,
355 2866 391 2904 la
417 2865 652 2914 capitulation
678 2866 835 2903 d’Atella
860 2867 923 2915 (29
944 2866 1091 2914 juillet),
1113 2878 1261 2903 rassura
1286 2866 1432 2912 Venise,
1456 2867 1517 2915 qui
1542 2866 1660 2904 aurait
1683 2865 1769 2903 bien
1788 2865 1898 2903 voulu

119 2926 207 2964 faire
223 2925 365 2964 revenir
383 2925 608 2963 Maximilien
630 2937 693 2963 sur
714 2938 755 2963 sa
773 2926 1051 2963 determination
1071 2926 1115 2962 de
1135 2926 1294 2964 franchir
1313 2925 1366 2963 les
1385 2925 1509 2975 Alpes.
1530 2926 1604 2963 Elle
1626 2938 1780 2974 envoya,
1803 2928 1824 2962 a
1843 2930 1899 2962 cet

119 2987 217 3032 effet,
243 2987 308 3023 des
333 2985 571 3023 instructions
598 2988 620 3022 a
647 2985 805 3031 Foscari‚
834 2997 879 3023 en
905 2986 990 3023 date
1017 2986 1066 3022 du
1092 2987 1137 3023 13
1162 2988 1260 3023 aout.
1290 2987 1474 3033 (Dispacei
1500 2986 1540 3021 di
1571 2986 1729 3028 Foscarz',
1756 2995 1792 3031 p.
1812 2984 1896 3028 807,

119 3050 203 3083 note
224 3046 274 3092 1).
297 3045 347 3082 Ce
366 3046 420 3083 fut
440 3057 485 3083 en
507 3046 604 3084 vain.
628 3046 684 3083 On
711 3046 783 3083 sait
801 3058 842 3083 ce
867 3045 955 3094 qu'il
973 3046 1098 3083 advint
1122 3058 1187 3094 par
1212 3045 1247 3082 la
1274 3046 1383 3092 suite,
1406 3045 1438 3082 le
1467 3045 1542 3081 role
1565 3044 1691 3093 piteux
1717 3055 1787 3091 que
1809 3043 1899 3091 joua

118 3103 355 3149 Maximilien,
378 3105 540 3153 toujours
562 3101 611 3142 en⁸
626 3109 734 3153 quete
755 3106 923 3154 d‘argent
937 3110 974 3143 et.
992 3117 1058 3143 son
1073 3106 1201 3154 depart
1213 3105 1386 3154 precipite
1399 3117 1444 3141 en
1463 3104 1688 3152 Allemagne,
1709 3118 1727 3136 «
1743 3102 1899 3139 laissant

117 3163 150 3201 le
170 3175 264 3212 pays
284 3163 372 3211 qu'il
390 3165 487 3202 avait
512 3165 622 3202 voulu
643 3165 802 3214 pacifier‚
825 3165 916 3203 mais
936 3169 984 3203 οὺ
1009 3165 1034 3202 il
1061 3165 1182 3202 s’etait
1206 3168 1346 3202 mentre
1367 3164 1485 3202 moins
1506 3176 1551 3200 en
1578 3174 1765 3211 empereur
1789 3162 1898 3211 qu’en

0 3256 7 3276 ἱ
60 3238 65 3242 ·
118 3222 341 3261 condottiere
362 3237 395 3261 n.
419 3224 487 3270 (De
508 3224 688 3271 Cherrier‚
709 3227 872 3262 Histoire
891 3227 934 3262 de
953 3226 1100 3263 Charles
1124 3227 1218 3271 VIII,
1240 3230 1267 3263 t.
1291 3225 1337 3270 II,
1360 3237 1395 3272 p.
1418 3226 1516 3270 376.)
1542 3223 1634 3271 Voy.
1657 3222 1691 3259 la
1710 3221 1898 3270 precieuse

117 3282 428 3331 eorrespondance
459 3283 504 3320 de
530 3283 690 3329 Foscari,
723 3285 987 3323 ambassadeur
1011 3288 1143 3334 aupres
1180 3285 1226 3322 de
1252 3284 1478 3332 l’empereur,
1508 3285 1529 3319 a
1554 3282 1588 3318 la
1613 3282 1821 3330 seigneurie
1852 3281 1896 3317 de

116 3343 266 3389 Venise,
281 3343 373 3379 dans
393 3341 529 3380 l'Arch.
551 3343 647 3381 scor.
669 3345 770 3389 Ital„
790 3347 818 3381 t.
842 3345 921 3390 VII,
942 3357 978 3393 p.
1003 3346 1060 3382 11.

165 3407 201 3444 2.
222 3405 314 3454 Voy.
338 3406 373 3443 d.
396 3404 556 3451 Rinalffi,
578 3409 604 3442 t.
626 3405 743 3450 XXX,
765 3413 806 3442 n⁰
826 3407 862 3452 3,
886 3419 920 3455 p.
939 3408 1024 3451 247,
1040 3407 1074 3443 la
1092 3407 1189 3443 bulle
1209 3407 1257 3443 du
1272 3408 1369 3454 Pape
1390 3408 1410 3442 a
1430 3404 1608 3453 CarjavaL
1630 3405 1723 3441 dans
1744 3403 1895 3452 laquelle

122 3465 147 3502 il
166 3465 215 3502 lui
235 3467 355 3503 donne
376 3465 428 3503 les
447 3464 617 3514 pouvoirs
638 3464 691 3502 les
709 3465 793 3513 plus
813 3467 981 3504 etendus.
