2222 3926
202 318 541 359 [Novembre1494]
654 318 823 357 RERUM
857 319 1158 356 URBANARUM
1191 319 1538 359 COMMENTARII.
1917 324 1986 360 195

268 422 319 467 ln
361 437 503 470 mane
543 422 781 486 sequenti,
819 421 905 470 fuit
940 436 1103 469 coram
1142 420 1370 484 pontifice
1408 421 1722 486 congregatio
1766 422 1983 470 omnium

202 505 534 565 cardinalium,
558 510 762 571 excepto
784 522 822 553 s,
849 504 1082 570 Dionysii,
1107 504 1187 567 qui
1212 508 1315 553 erat
1342 504 1392 552 in
1409 504 1605 569 [capella
1622 505 1814 568 ‘majore
1847 521 1983 568 para-

200 593 364 637 menta
396 589 633 653 recipiens
674 605 762 654 pro
803 589 951 637 missa
986 571 1294 636 celebranda.
1340 588 1662 653 Congregatio
1703 586 1982 652 hujusmodi

198 671 383 720 duravit
420 672 554 721 horis
603 672 788 722 duabus
829 673 904 722 vel
946 672 1093 731 circa,
1135 672 1212 720 cui
1259 672 1404 720 etiam
1441 672 1685 737 predictus
1725 670 1981 720 cardinalis

199 755 436 804 Ascanius
476 756 714 816 interfuit;
748 761 795 805 et
830 755 915 803 fuit
945 755 996 803 in
1036 771 1094 802 ea
1129 755 1380 804 decretum
1417 754 1645 803 eumdem
1684 754 1980 803 cardinalem

199 839 458 887 Ascanium
490 840 560 889 ire
585 839 762 889 debere
791 838 1087 887 Florentiam
1108 838 1168 887 ad
1190 854 1356 902 regem
1380 838 1601 897 Francie,
1626 838 1706 902 qui
1728 838 1824 888 illic
1853 838 1981 886 infra

196 940 375 988 paucos
396 924 498 973 dies
527 924 777 973 dicebatur
813 929 1039 972 venturus
1060 939 1148 987 pro
1191 923 1334 971 rebus
1379 938 1489 971 cum
1514 938 1572 971 eo
1601 921 1973 986 componendis.

197 1007 579 1073 Congregatione
600 1006 751 1065 finita,
777 1009 905 1070 Papa
924 1010 1119 1069 paratus
1141 1021 1277 1054 more
1299 1005 1440 1054 solito
1464 1010 1511 1054 et
1532 1004 1722 1069 pluviali
1745 1020 1832 1054 suo
1852 1020 1976 1053 novo

195 1097 243 1141 et
272 1092 415 1140 mitra
435 1090 640 1154 simplici
661 1090 766 1138 sine
786 1088 932 1153 perlis
954 1089 1080 1137 venit
1110 1088 1171 1136 ad
1200 1088 1436 1152 capellam
1467 1089 1705 1153 majorem
1725 1089 1805 1137 ubi
1827 1088 1977 1138 inter-

197 1173 283 1222 fuit
302 1174 448 1222 misse
469 1189 612 1238 quam
639 1172 914 1222 celebravit.
935 1175 1103 1220 Rmus.
1122 1174 1179 1219 D.
1199 1172 1454 1220 cardinalis
1474 1190 1513 1220 s.
1532 1172 1774 1236 Dionysii:
1792 1172 1840 1221 in
1858 1172 1972 1234 fine,

195 1260 324 1322 Papa
344 1258 561 1318 absolvit,
586 1262 634 1306 et
655 1257 763 1316 alia,
788 1272 923 1305 more
946 1255 1104 1314 solitO,
1131 1259 1242 1303 sunt
1275 1256 1542 1304 observata.

260 1342 546 1406 Priusquam
573 1344 704 1405 Papa
727 1340 909 1389 veniret
937 1339 999 1388 ad
1025 1339 1279 1404 capellam,
1311 1339 1567 1388 cardinalis
1594 1339 1831 1388 Ascanius
1864 1339 1978 1389 fecit

192 1424 241 1473 in
262 1425 438 1489 palatio
459 1424 723 1490 apostolico
743 1423 1016 1488 prandium,
1041 1423 1215 1472 deinde
1230 1423 1431 1472 recessit
1453 1423 1720 1472 associatus
1753 1439 1779 1471 a
1819 1423 1976 1472 cardi-

193 1508 299 1557 nale
330 1507 506 1557 Montis
528 1507 719 1572 Regalis
742 1522 894 1570 usque
926 1506 987 1554 ad
1005 1506 1182 1554 voltam
1210 1522 1249 1554 s.
1279 1507 1430 1566 Pauli,
1454 1507 1534 1556 ubi
1565 1507 1758 1556 intravit
1786 1507 1975 1572 galeam

192 1591 370 1641 ibidem
392 1595 747 1656 expectantem,
778 1590 932 1638 iturus
958 1589 1157 1639 Ostiam.

261 1676 442 1724 Eadem
482 1675 580 1734 die,
615 1675 664 1723 in
698 1690 825 1734 sero,
854 1673 994 1723 rediit
1021 1673 1082 1722 ad
1112 1674 1291 1723 Urbem
1310 1676 1568 1725 cardinalis
1598 1676 1884 1727 Valentinus
1917 1692 1976 1728 ex

198 1759 381 1808 Marino
405 1774 499 1822 quo
527 1758 701 1806 missus
723 1758 877 1806 fuerat
899 1757 980 1816 (1).

258 1841 397 1889 Feria
429 1844 581 1901 sexta,
618 1845 673 1888 14
710 1841 1005 1900 novembris,
1036 1842 1084 1889 in
1120 1847 1309 1891 secreto
1343 1843 1631 1891 consistorio
1662 1848 1854 1893 creatus
1887 1841 1974 1893 fuit

191 1924 446 1974 cardinalis
482 1925 542 1973 de
590 1925 818 1973 Farnesio
870 1924 1058 1988 legatus
1089 1926 1370 1974 Patrimonii
1404 1942 1414 1973 :
1455 1941 1552 1974 non
1592 1931 1756 1976 tamen
1791 1927 1877 1975 fuit
1914 1928 1976 1975 ad

193 2008 389 2056 modum
411 2008 471 2056 ab
504 2008 608 2056 aliis
643 2008 964 2057 cardinalibus
998 2009 1280 2057 associatus.
1314 2009 1533 2058 Recessit
1568 2009 1743 2058 deinde
1766 2026 1825 2059 ex
1847 2013 1973 2060 Urbe

193 2091 353 2139 die....
396 2090 617 2155 ejusdem
656 2091 837 2139 mensis
874 2094 923 2139 et
960 2107 1057 2140 non
1090 2091 1373 2152 associatus,
1409 2092 1562 2140 iturus
1600 2092 1872 2142 Viterbium
1912 2092 1974 2142 ad

190 2175 484 2239 legationem
507 2190 660 2233 suam,
685 2174 733 2222 in
757 2174 844 2222 Dei
863 2174 1077 2223 nomine.

255 2258 394 2327 Feria
427 2258 639 2306 secunda
665 2261 719 2304 17
750 2257 1042 2316 novembris,
1075 2259 1416 2308 serenissimus
1439 2260 1637 2309 Carolus
1666 2276 1750 2309 rex
1782 2261 1973 2310 intravit

189 2342 427 2391 civitatem
442 2341 683 2390 Florentie
705 2357 816 2390 cum
836 2341 1048 2389 maximo
1070 2341 1256 2391 honore
1281 2345 1328 2391 et
1351 2343 1616 2407 triumpho,
1643 2359 1821 2407 magna
1842 2345 1973 2408 equi-

190 2432 290 2475 tum
313 2430 360 2476 et
388 2426 605 2490 peditum
629 2425 768 2490 copia
789 2423 1070 2482 assoc.fatuS‚
1097 2426 1175 2473 ubi
1199 2426 1387 2475 diversa
1408 2443 1519 2475 cum
1541 2428 1659 2492 ipsis
1681 2428 1970 2477 Florentinis

189 2611 276 2650 hore
302 2612 351 2649 111
379 2611 415 2648 di
442 2615 547 2648 nocte
571 2614 591 2648 e
617 2614 757 2648 entrato
783 2611 819 2646 in
843 2611 960 2647 Roma
992 2614 1280 2658 accompagnato
1316 2611 1364 2647 da
1396 2611 1581 2659 monsign.
1610 2612 1646 2648 di
1668 2612 1844 2649 Morreale
1874 2618 1910 2649 et
1932 2612 1969 2649 di

188 2671 421 2718 Alexandria,
440 2683 459 2707 e
478 2670 577 2719 quali
597 2670 634 2707 di
651 2669 907 2707 commissione
933 2669 991 2706 del
1018 2670 1202 2707 Pontefice
1223 2669 1246 2705 li
1266 2671 1453 2708 andorono
1480 2671 1644 2708 incontro
1666 2671 1734 2708 sin'
1756 2671 1826 2708 alla
1850 2678 1967 2721 porta,

187 2737 223 2769 et
241 2743 350 2768 sanza
368 2730 545 2776 fermarsi,
567 2742 700 2767 ancora
724 2730 791 2766 che
812 2729 867 2765 sia
886 2729 993 2774 tardi,
1015 2741 1060 2765 ne
1081 2732 1100 2765 e
1122 2728 1171 2766 ito
1191 2741 1212 2765 a
1233 2729 1363 2766 Palazo
1384 2742 1405 2766 a
1424 2729 1498 2766 fare
1527 2730 1728 2767 reverentia
1756 2730 1827 2767 alla
1854 2732 1968 2769 Sanc-

187 2790 254 2827 tita
271 2790 330 2826 del
349 2791 461 2839 Papa.
486 2789 778 2839 Ingegnerommi
798 2789 943 2826 ritrarre
962 2789 997 2826 la
1016 2801 1128 2825 causa
1147 2789 1278 2837 perche
1301 2789 1515 2837 monsignor
1540 2790 1710 2838 predecto
1736 2794 1755 2827 e
1777 2795 1911 2829 venuto
1932 2792 1967 2828 in

188 2849 318 2895 Roma,
346 2854 382 2886 et
406 2849 524 2898 quello
554 2851 708 2887 tractem
739 2848 794 2885 col
819 2849 1019 2894 Pentelice,
1047 2853 1084 2885 et
1112 2848 1148 2884 di
1176 2853 1270 2886 tutto
1294 2848 1413 2897 quello
1440 2848 1631 2886 intendero
1657 2850 1690 2886 le
1717 2851 1811 2900 Sigie
1840 2851 1968 2889 Vostre

188 2921 344 2946 saranno
364 2909 515 2947 avisate.
539 2910 610 2946 Per
627 2913 765 2958 quanto
791 2908 903 2945 habbi
930 2908 1050 2945 inteso
1070 2909 1116 2944 da
1140 2920 1296 2956 persona
1318 2908 1354 2945 di
1374 2908 1564 2955 auctorita,
1586 2909 1611 2945 il
1632 2911 1732 2958 Papa
1751 2912 1968 2948 conserendo

185 2980 207 3004 a
226 2968 414 3017 Magnifici
433 2969 566 3006 oratori
579 2969 687 3017 Regii
701 2968 736 3005 la
750 2972 883 3005 venuta
898 2968 934 3004 di
956 2967 1142 3016 monsign.
1160 2969 1334 3014 Ascanio,
1355 2968 1439 3005 dixe
1460 2980 1482 3005 a
1500 2969 1576 3006 loro
1594 2970 1880 3018 Magnificentie,
1902 2972 1968 3008 che

186 3037 226 3063 se
244 3027 399 3064 Ascanio
417 3028 564 3066 venisse
584 3041 648 3077 per
668 3029 740 3065 fare
759 3029 911 3077 qualche
932 3029 1038 3073 bene,
1060 3029 1127 3065 che
1148 3028 1181 3065 lo
1199 3028 1302 3065 udira
1314 3033 1350 3065 et
1360 3029 1576 3066 acharezera
1594 3030 1782 3067 volentIeri
1793 3043 1802 3076 ;
1822 3033 1967 3080 quando

186 3084 330 3122 venisse
348 3099 413 3134 per
430 3087 510 3124 farli
529 3089 614 3125 dare
635 3088 669 3125 la
688 3088 783 3125 volta
802 3092 926 3125 contra
945 3086 1002 3124 del
1019 3087 1072 3124 Re
1091 3087 1294 3136 Alphonso,
1323 3087 1390 3124 che
1413 3099 1486 3124 non
1507 3087 1540 3124 lo
1562 3088 1749 3135 udirebbe,
1770 3094 1806 3127 et
1821 3090 1967 3127 subbito

185 3143 208 3179 li
226 3143 384 3181 darebbe
403 3145 567 3193 licentia3
594 3148 807 3185 affirmando
827 3160 895 3185 con
923 3147 1046 3196 parole
1065 3147 1317 3183 efficacissime
1338 3159 1359 3184 a
1375 3147 1502 3196 prefati
1532 3148 1666 3185 oratori
1688 3149 1753 3185 che
1773 3149 1889 3197 prima
1908 3162 1967 3186 era

187 3202 378 3240 diliberato
398 3206 528 3242 morire
547 3207 614 3243 che
633 3207 866 3245 abandonare
893 3219 913 3244 o
939 3208 1134 3244 mauchare
1154 3206 1190 3243 (li
1218 3207 1296 3243 sede
1323 3206 1357 3243 al
1390 3207 1443 3242 Re
1469 3207 1657 3254 Alphonso
1685 3208 1721 3243 in
1743 3214 1871 3256 questa
1900 3209 1965 3245 im-

185 3273 304 3310 presa.
329 3277 347 3295 »
370 3263 496 3309 (Ar-ch.
518 3267 675 3302 Fiet-ent.
691 3268 828 3304 Lectere
847 3269 924 3313 aqli
943 3272 1014 3303 otto
1029 3267 1067 3303 dt
1083 3268 1244 3303 Pratt‘ca.
1268 3266 1365 3303 Clas.
1389 3266 1435 3310 X,
1449 3264 1535 3302 dist.
1557 3268 1592 3310 6,
1614 3278 1652 3301 n.
1673 3268 1709 3311 6,
1726 3279 1747 3303 a
1766 3280 1798 3303 c.
1818 3269 1918 3314 562.)

235 3323 268 3358 1.
299 3320 411 3357 Cesar
430 3322 575 3370 Borgia,
598 3324 730 3362 durant
748 3325 802 3363 les
827 3327 1058 3374 pourparlers
1084 3324 1278 3361 d'Ascanio
1299 3335 1386 3360 avec
1415 3324 1447 3359 le
1468 3324 1580 3371 Pape,
1601 3325 1773 3361 demeura
1792 3338 1837 3362 en
1859 3331 1966 3373 otage

187 3384 208 3418 a
237 3380 376 3418 Marino
410 3380 471 3428 qui
500 3381 588 3418 etait
612 3393 684 3419 aux
719 3385 835 3422 mains
869 3386 934 3422 des
960 3384 1137 3429 Colonna,
1162 3383 1345 3432 partisans
1374 3383 1422 3418 du
1450 3382 1608 3419 cardinal
1632 3384 1800 3422 Ascanio.
1823 3385 1917 3432 Voy.
1946 3387 1967 3419 a

191 3440 300 3489 l‘app.
324 3446 364 3476 n⁰
384 3441 442 3485 24,
460 3440 495 3476 la
513 3440 596 3488 dep.
618 3442 667 3478 du
686 3444 707 3478 3
727 3455 809 3481 nov.
825 3445 930 3490 1494,
946 3447 993 3481 ou
1007 3447 1063 3480 est
1082 3445 1272 3491 rapportee
1289 3440 1484 3478 l'entrevue
1499 3442 1693 3480 d'Ascanio
1705 3455 1791 3480 avec
1805 3443 1836 3479 le
1852 3444 1963 3490 Pape.
