2216 3886
307 335 378 370 500
911 332 1146 369 JOHANNIS
1177 331 1474 377 BURCHARDI,
1763 332 1971 372 [Decembre
1991 335 2085 375 1498]

310 436 461 484 bravit
497 435 695 484 missam
730 435 970 499 publicam
1005 435 1051 482 in
1089 434 1270 498 capella
1306 432 1539 496 predicta,
1580 433 1709 495 Papa
1742 439 1967 496 presente
2003 437 2083 500 qui

309 520 437 568 venit
460 519 518 567 de
547 534 741 567 camera
761 524 947 566 secreta
972 518 1022 565 in
1050 531 1293 565 cameram
1314 514 1572 578 papagalli‚
1605 513 1706 562 solo
1737 515 1978 565 cardinale
2000 521 2087 567 Se-

309 603 446 651 nensi
468 602 647 650 ibidem
676 601 932 649 assistente
962 599 1042 662 qui
1071 599 1114 647 ei
1135 601 1418 662 paramenta
1444 596 1674 661 imposuit
1703 613 1712 644 :
1743 596 1935 646 interim
1959 601 2087 663 Papa

307 685 435 733 misit
467 683 820 747 parafrenarios
854 698 940 746 pro
971 680 1290 730 cardinalibus
1324 680 1371 727 in
1402 680 1578 744 palatio
1609 679 1949 729 residentibus.
1987 681 2080 729 Alii

307 766 573 814 cardinales
610 770 744 814 extra
781 765 1011 829 palatium
1051 766 1407 811 commorantes
1443 758 1679 811 venerunt
1711 762 1844 811 tarde
1883 768 2079 828 propter

309 864 534 912 magnam
561 848 770 912 pluviam
798 864 890 912 que
923 847 1008 895 fuit
1038 846 1086 894 in
1116 846 1197 894 illo
1228 861 1370 893 mane
1402 849 1450 894 et
1478 851 1621 894 nocte
1651 846 1896 910 preterita.
1932 849 2084 912 Prop-

310 937 441 979 terea
461 931 606 979 etiam
628 947 726 980 non
754 931 840 979 suit
868 946 1046 989 sermo,
1071 929 1183 993 quia
1202 933 1487 993 procurator
1507 929 1688 977 ordinis
1710 929 1951 978 minorum
1983 946 2084 978 ser-

309 1031 503 1063 monem
522 1015 678 1079 ipsum
701 1014 935 1074 facturus,
958 1029 1055 1062 non
1072 1013 1200 1061 venit
1225 1029 1234 1061 :
1258 1012 1350 1060 alia
1370 1012 1619 1062 observata
1637 1016 1747 1061 sunt
1766 1027 1902 1061 more
1922 1013 2079 1063 solito.

373 1098 627 1146 Dominica
653 1098 795 1146 tertia
825 1098 1072 1156 adventus,
1105 1112 1197 1161 que
1227 1096 1318 1144 fuit
1347 1098 1403 1143 16
1436 1095 1549 1144 dicti
1579 1097 1760 1145 mensis
1790 1097 2079 1158 decembris,

307 1185 474 1229 Rmus.
500 1184 556 1229 D.
584 1181 838 1230 cardinalis
860 1183 1115 1245 Capuanus
1137 1179 1396 1229 celebravit
1416 1179 1613 1229 missam
1639 1199 1648 1228 :
1673 1180 1786 1230 fecit
1807 1197 2083 1232 sermonem

304 1265 450 1313 frater
474 1264 699 1313 Nicolaus
728 1264 787 1312 de
819 1264 1117 1313 Bernardino
1148 1263 1328 1312 ordinis
1355 1263 1703 1311 heremitarum
1731 1279 1770 1311 s.
1803 1265 2076 1328 Augustini,

303 1363 390 1411 pro
426 1351 734 1411 procuratore
773 1347 990 1412 ejusdem
1027 1347 1206 1395 ordinis
1244 1347 1444 1395 absente
1482 1364 1491 1394 ε
1530 1361 1691 1395 sermo
1726 1346 1813 1394 fuit
1850 1347 2077 1412 optimUS,

304 1430 529 1478 omnihus
552 1430 877 1494 gratissimus3
903 1430 996 1478 alia
1016 1434 1123 1478 acta
1144 1433 1253 1477 sunt
1274 1445 1410 1477 more
1433 1428 1589 1476 solito.

367 1513 506 1561 Feria
547 1514 779 1573 secunda,
831 1517 886 1560 17
932 1513 1111 1561 mensis
1151 1512 1448 1571 decembriS‚
1492 1511 1673 1560 flumen
1706 1512 1890 1561 Tiberis
1932 1513 2079 1562 crevit

306 1596 440 1658 quasi
463 1597 523 1644 ad
550 1596 875 1660 pavimentum
905 1596 1000 1644 sive
1026 1596 1221 1660 planum
1248 1594 1454 1644 ecclesie
1480 1594 1621 1643 beate
1647 1595 1795 1644 Marie
1823 1601 2079 1660 transpon-

305 1678 420 1738 tine,
453 1678 626 1728 deinde
649 1680 789 1728 rediit
811 1679 871 1727 ad
892 1679 1072 1728 lectum
1094 1695 1248 1727 suum.

366 1763 617 1809 Venerunt
640 1762 785 1809 etiam
811 1776 951 1820 nove,
977 1761 1054 1809 his
1077 1761 1264 1822 diebus,
1290 1761 1419 1824 quod
1442 1761 1589 1809 frater
1608 1762 1849 1811 Marianus
1871 1763 1929 1811 de
1952 1765 2080 1812 Gen-

301 1859 525 1902 nazzano,
556 1845 778 1893 minister
802 1844 1043 1908 generalis
1065 1844 1244 1892 ordinis
1265 1844 1614 1893 heremitarum
1636 1861 1675 1893 s.
1704 1847 1977 1910 Augustini,
2003 1846 2079 1895 die

301 1931 328 1973 4
363 1928 546 1975 mensis
577 1928 792 1991 preteriti
823 1928 872 1976 in
899 1928 1082 1978 balneis
1113 1928 1387 1978 Puteolanis
1415 1928 1722 1988 distantibus,
1756 1945 1850 1993 quo
1884 1934 2078 1979 venerat

300 2011 360 2058 ad
389 2011 774 2074 recuperandam
806 2012 1077 2072 sanitatem,
1110 2012 1237 2060 diem
1265 2011 1435 2060 clausit
1461 2015 1733 2061 extremum
1764 2030 1774 2060 ε
1808 2013 2079 2077 requiescat

299 2094 349 2141 in
371 2110 507 2157 pace.
539 2095 633 2143 Sed
654 2110 749 2143 non
774 2095 890 2144 obiit
910 2096 959 2143 in
981 2095 1119 2143 dictis
1139 2094 1342 2154 balneis,
1369 2094 1486 2143 obiit
1505 2099 1667 2144 autem
1687 2095 1736 2143 in
1758 2095 1950 2144 civitate
1972 2095 2079 2144 Cal-

298 2177 458 2235 vensi;
486 2177 598 2225 inde
623 2183 840 2241 portatus
863 2184 935 2227 est
957 2179 1018 2227 ad
1039 2179 1280 2227 civitatem
1303 2180 1593 2226 Suessanam
1618 2195 1645 2227 a
1670 2178 1879 2243 quinque
1901 2179 2077 2226 millia—

298 2259 372 2307 ria
392 2275 420 2307 a
440 2260 656 2309 Calvensi
678 2261 935 2311 distantem
957 2266 1005 2311 et
1025 2262 1205 2310 ibidem
1227 2261 1276 2309 in
1298 2265 1536 2310 conventu
1558 2261 1631 2310 sui
1653 2261 1834 2310 ordinis
1856 2262 2073 2326 sepultus

300 2343 396 2391 sive
419 2344 683 2408 depositus.

364 2426 504 2474 Feria
523 2431 708 2489 quarta,
733 2431 788 2475 19
811 2427 924 2476 dicti
945 2428 1127 2477 mensis
1149 2428 1438 2488 decembris,
1459 2428 1661 2477 recessit
1678 2443 1737 2476 ex
1755 2427 1882 2476 Urbe
1904 2430 2072 2476 Rmus.

297 2511 354 2556 D.
391 2510 646 2557 cardinalis
685 2511 863 2574 Borgia
905 2527 1015 2560 cum
1050 2512 1271 2575 gentibus
1311 2515 1461 2577 Pape,
1499 2513 1651 2562 iturus
1683 2513 1955 2563 Viterbium
1987 2528 2074 2577 pro

295 2594 642 2656 componendis
669 2594 950 2644 differentiis
972 2595 1096 2644 inter
1123 2595 1249 2644 cives
1279 2596 1540 2646 existentes
1568 2601 1617 2645 et
1640 2597 1859 2646 exulibus
1883 2596 1932 2644 in
1959 2596 2075 2645 civi-

297 2680 393 2723 tate
415 2678 705 2740 reponendis
727 2682 774 2727 et
797 2679 1121 2728 restituendis.

365 2759 543 2806 Eadem
572 2760 648 2808 die
678 2761 822 2824 hujus
850 2761 1187 2823 hebdomadis,
1219 2769 1454 2812 venerunt
1485 2765 1545 2812 ad
1574 2764 1753 2812 Urbem
1783 2763 2071 2827 magnificus

299 2842 487 2888 Enecus
521 2842 579 2890 de
613 2843 857 2903 Corduba,
893 2845 1038 2893 frater
1073 2845 1262 2894 comitis
1301 2846 1361 2895 de
1393 2847 1544 2896 Cuhla
1579 2851 1628 2895 et
1656 2846 2069 2910 prestantissimus

299 2923 545 2987 utriusque
561 2925 682 2989 juris
705 2926 875 2974 doctor
894 2927 1140 2991 Philippus
1157 2928 1354 2977 Pontius
1379 2929 1436 2977 de
1453 2929 1636 2988 Xativa,
1654 2929 1895 2979 Valentini
1913 2929 2072 2978 diece-

300 3006 383 3065 sis,
406 3007 514 3056 laici
541 3013 754 3057 oratores
782 3009 1077 3058 serenissimi
1111 3010 1238 3074 regis
1268 3015 1316 3059 et
1347 3011 1515 3075 regine
1544 3011 1884 3075 Hispaniarum
1913 3012 1993 3077 qui
2020 3012 2070 3060 in

299 3106 465 3139 eorum
482 3091 676 3140 introitu
697 3107 725 3140 a
742 3092 843 3140 sola
859 3092 1040 3142 familia
1060 3095 1144 3142 SS.
1171 3096 1228 3141 D.
1249 3096 1306 3142 N.
1330 3110 1454 3159 pape
1473 3094 1699 3144 associati
1720 3100 1830 3144 sunt
1853 3094 1935 3161 (1).

341 3262 374 3302 1.
404 3265 542 3302 Sannio
569 3265 688 3302 donne
714 3265 759 3302 de
784 3267 858 3302 tres
882 3264 1031 3302 curieux
1055 3264 1184 3302 details
1212 3277 1274 3302 sur
1299 3265 1498 3304 l'entrevue
1525 3266 1573 3303 du
1602 3267 1702 3316 Pape
1729 3271 1764 3304 et
1789 3267 1854 3304 des
1875 3267 2046 3305 ambassa

291 3324 399 3360 (leurs
417 3323 637 3372 d'Espagne.
663 3339 681 3358 «
703 3324 811 3361 Come
830 3323 980 3361 l'ultime
1002 3336 1067 3361 sue
1087 3325 1125 3361 fu
1147 3326 1190 3362 de
1212 3327 1270 3372 18,
1291 3326 1351 3374 poi
1377 3326 1494 3363 introe
1514 3325 1560 3363 do
1582 3326 1715 3363 oratori
1736 3326 1867 3375 yspani
1888 3326 2009 3364 intrati
2028 3325 2066 3363 in

289 3383 407 3419 Roma
426 3395 446 3419 a
466 3383 552 3420 hore
573 3385 617 3420 14
638 3386 659 3420 a
687 3383 720 3420 la
741 3384 847 3420 sorda
873 3395 895 3420 a
914 3383 947 3420 la
967 3388 1078 3430 muta,
1101 3387 1136 3421 et
1161 3397 1219 3421 mo
1245 3390 1340 3423 terzo
1361 3398 1470 3424 zorno
1492 3391 1635 3424 steteno
1654 3385 1710 3424 col
1728 3386 1900 3435 pontifice
1920 3387 2007 3423 hore
2028 3387 2062 3422 4.

289 3441 411 3479 Prima
429 3442 582 3478 referino
603 3442 636 3478 la
652 3442 749 3479 bona
768 3442 983 3491 disposition
1002 3442 1058 3479 de'
1080 3442 1133 3480 soi
1147 3443 1233 3480 reali
1253 3456 1359 3483 verso
1379 3444 1414 3483 la
1434 3445 1594 3493 Chiesia,
1613 3449 1650 3483 et
1668 3445 1743 3483 fata
1762 3456 1836 3482 una
1855 3443 2063 3494 exposition
