2216 3886
263 364 334 399 518
879 361 1108 398 JOHANNIS
1144 359 1437 406 BURCHARDI,
1813 361 1921 401 [Mars
1939 364 2032 404 1499]

265 482 360 515 non
381 467 504 514 veni.
538 469 749 513 Fuerunt
777 470 936 512 autem
963 464 1122 511 dotate
1144 463 1301 526 puelle
1332 478 1430 519 Xiv,
1459 464 1601 524 prout
1629 464 1797 524 postea
1822 462 1881 509 ab
1907 463 2030 512 inte-

269 549 560 596 ressentibus
593 546 821 604 intellexi,
847 562 962 608 quas
998 545 1237 603 existimo,
1269 544 1415 591 missa
1446 544 1661 607 predicta
1687 543 1836 603 finita,
1864 545 2030 593 bursas

265 648 374 679 oum
407 630 642 694 pecuniis,
667 644 830 676 earum
861 628 1003 687 dotis,
1029 643 1054 674 e
1083 627 1303 675 manibus
1329 626 1527 690 predicti
1556 629 1611 675 D.
1638 627 1848 691 episcopi
1879 629 2032 676 Ascu-

264 715 357 762 lani
393 712 677 761 celebrantis
712 711 758 758 in
790 725 876 758 suo
911 710 1192 768 faldistorio,
1218 710 1265 757 in
1295 724 1446 757 cornu
1480 709 1697 772 epistole,
1729 709 1838 757 loco
1871 710 2028 768 solito,

264 797 419 844 adhuc
446 794 739 858 paramentis
773 799 819 840 et
850 793 991 842 mitra
1020 793 1171 840 induti
1200 798 1246 842 et
1275 792 1486 842 sedentis
1523 792 1789 855 recepisse,
1822 793 1934 855 quia
1964 793 2031 841 sic

263 879 575 942 congruebat.
1062 864 1064 867 ⁵

329 961 468 1008 Feria
485 964 668 1023 quarta,
694 959 890 1022 majoris
916 959 1219 1006 hebdomade
1246 974 1337 1022 que
1365 958 1452 1005 fuit
1473 962 1530 1006 27
1561 958 1671 1006 dicti
1699 958 1879 1006 mensis
1905 974 2035 1006 mar—

262 1045 331 1103 tii,
369 1046 451 1092 SS.
492 1047 547 1091 D.
587 1045 641 1091 N.
677 1046 869 1104 paratus
903 1058 1038 1090 more
1072 1042 1229 1102 solito,
1267 1042 1395 1090 circa
1423 1042 1595 1089 horam
1627 1057 1723 1088 xxn
1753 1045 1831 1090 aut
1864 1050 2037 1105 parum

262 1132 386 1190 post,
414 1127 540 1175 venit
567 1126 615 1173 in
650 1125 763 1172 sede
795 1141 880 1173 sua
908 1125 967 1173 ad
1000 1125 1231 1188 capellam
1262 1125 1518 1188 majorem3
1545 1126 1628 1172 SS.
1655 1127 1711 1172 D.
1738 1127 1794 1172 N.
1819 1124 2033 1173 fimbrias

263 1227 372 1259 cum
395 1226 546 1274 cappa
564 1211 706 1259 simul
727 1210 951 1260 collectas
970 1210 1172 1273 portavit
1193 1209 1487 1272 gubernator
1508 1207 1664 1265 Urbis,
1691 1210 1746 1254 D.
1771 1207 2039 1270 archiepis-·

264 1311 412 1357 copus
445 1294 670 1357 ReginuS,
700 1310 809 1342 cum
835 1294 991 1341 nullus
1023 1291 1348 1340 assistentium
1377 1290 1532 1338 adhuc
1557 1289 1770 1338 venisset
1799 1304 1950 1352 usque
1976 1289 2036 1337 ad

265 1378 441 1425 dictam
473 1378 655 1425 sedem.
691 1378 827 1426 Dicte
861 1377 1050 1424 fuerunt
1079 1372 1311 1422 matutine
1339 1374 1647 1422 tenebrarum
1678 1389 1813 1420 more
1849 1373 1990 1421 solito
2022 1391 2031 1420 :

266 1461 344 1507 ubi
376 1465 447 1509 est
473 1460 646 1524 prima,
679 1461 941 1509 secundam
972 1456 1232 1507 lectionem
1261 1457 1357 1505 sive
1390 1457 1577 1506 tertiam
1610 1460 1921 1504 cantaverunt
1946 1455 2033 1503 soli

270 1543 466 1607 Hispani
490 1559 576 1607 per
596 1547 802 1607 quatuor
830 1540 989 1601 voces,
1013 1539 1339 1598 laudabiliter;
1365 1539 1456 1588 alia
1486 1539 1735 1588 observata
1763 1543 1872 1587 sunt
1899 1553 2034 1586 more

266 1626 423 1674 solito,

330 1709 465 1757 Feria
487 1710 667 1773 quinta,
687 1710 814 1758 Jovis
835 1707 1033 1772 majoris
1054 1710 1344 1769 nuncupata,
1364 1721 1456 1768 qne
1475 1703 1559 1752 fuit
1582 1707 1640 1751 28
1663 1703 1878 1767 ejusdem
1899 1718 2037 1751 men-
2084 1759 2087 1763 ,

267 1793 349 1851 sis,
373 1794 455 1840 SS.
474 1795 528 1840 D.
543 1792 739 1840 N.venit
761 1792 818 1839 ad
841 1790 1091 1854 capellam,
1111 1790 1159 1836 in
1182 1789 1294 1836 sede
1316 1793 1510 1852 paratus
1532 1803 1666 1835 more
1689 1787 1846 1835 solito.
1868 1789 2033 1834 Rmus.

269 1878 325 1923 D.
363 1874 617 1922 cardinalis
657 1876 1022 1923 Beneventanus
1057 1872 1313 1920 celebravit
1356 1871 1552 1919 missam
1596 1871 1892 1929 solemnem3
1931 1873 2040 1934 post

268 1959 403 2021 cujus
430 1957 595 2016 finem,
623 1959 706 2005 SS.
734 1960 790 2005 D.
813 1960 868 2005 N.
894 1956 1097 2020 portavit
1117 1955 1540 2019 processionaliter
1565 1970 1737 2018 corpus
1762 1953 1953 2002 Domini
1979 1953 2040 2001 ad

267 2041 499 2105 capellam
527 2056 750 2104 parvam;
787 2041 886 2100 ubi,
911 2057 968 2089 eo
1000 2040 1217 2099 dimisso,
1243 2039 1428 2102 accepit
1454 2038 1657 2102 pluviale
1683 2037 1967 2101 pretiosum,
1991 2041 2038 2085 et

267 2129 401 2172 extra
419 2124 651 2188 capellam
675 2125 913 2185 eamdem,
939 2125 1155 2182 mitram3
1181 2127 1227 2171 et
1247 2122 1670 2186 processionaliter
1689 2120 1735 2168 in
1765 2120 1878 2168 sede
1905 2134 2039 2183 para-

266 2213 342 2256 tus
363 2208 488 2255 venit
514 2208 573 2255 ad
598 2208 759 2256 locum
790 2208 980 2272 publice
1010 2206 1377 2265 benedictionis,
1402 2205 1482 2253 ubi
1509 2205 1632 2253 facta
1659 2204 1747 2251 sibi
1777 2219 1835 2252 ex
1855 2217 1988 2250 more
2010 2218 2039 2250 a

267 2290 588 2339 cardinalibus
613 2290 896 2348 reverentia,
918 2289 1135 2337 ascendit
1163 2290 1327 2339 sedem
1355 2305 1549 2354 parvam
1577 2294 1624 2337 et
1650 2289 1710 2336 ad
1735 2287 1966 2352 populum
1986 2301 2036 2334 se

268 2374 516 2421 convertit.
543 2376 599 2421 D.
622 2373 827 2423 Vasinus
851 2373 1104 2432 Gambara,
1131 2373 1452 2422 subdiaconus
1471 2372 1778 2436 apostolicus,
1801 2371 1918 2434 legit
1938 2370 2040 2417 bul-

268 2458 364 2504 lam
399 2456 508 2504 anni
537 2456 704 2520 jubilei
738 2456 915 2520 incepti
946 2457 992 2503 in
1029 2457 1238 2519 vesperis
1271 2456 1427 2519 vigilie
1461 2456 1716 2504 nativitatis
1743 2458 1800 2503 D.
1835 2457 1892 2503 N.
1924 2458 2037 2503 Jesu

270 2540 441 2587 Christi
482 2539 699 2602 proxime
737 2539 977 2602 preteriti,
1011 2539 1184 2587 deinde
1221 2539 1398 2587 bullam
1433 2537 1948 2597 anathematizationis,
1986 2537 2035 2583 in

270 2640 362 2686 qua
379 2629 540 2687 preter
562 2623 699 2670 solita
720 2623 838 2669 nihil
858 2628 985 2682 erat3
1012 2639 1154 2686 quam
1178 2622 1439 2670 secundam
1460 2622 1639 2669 bullam
1664 2624 1828 2668 Rmus.
1855 2623 1911 2668 D.
1937 2634 2040 2667 car-

271 2707 442 2753 dinalis
473 2707 530 2753 de
566 2706 793 2754 Farnesio
826 2706 873 2753 in
901 2706 1081 2769 vulgari
1112 2705 1450 2769 pronuntiavit.
1486 2707 1588 2761 Qua
1608 2704 1760 2762 finita,
1786 2705 1870 2752 SS.
1897 2705 1953 2750 D.
1979 2704 2034 2750 N.

273 2789 402 2836 dedit
440 2788 826 2835 benedictionem
866 2788 1133 2836 solemnem
1177 2793 1224 2836 et
1260 2789 1498 2852 plenarias
1544 2787 1887 2849 indulgentias,
1921 2800 2038 2849 quas

272 2870 639 2934 pronuntiarunt
665 2870 758 2916 sive
778 2870 1137 2933 publicaverunt
1159 2871 1324 2917 RRmi.
1351 2873 1450 2917 DD.
1470 2887 1508 2917 s,
1527 2868 1893 2932 Georgiilatine‚
1915 2871 1962 2915 et
1983 2866 2041 2914 de

271 2953 499 3001 Farnesio
531 2952 814 3009 cardinales,
840 2953 886 2999 in
917 2953 1114 3015 vulgari.
1147 2956 1279 2999 Tunc
1309 2952 1560 3001 licentiatis
1589 2952 1637 2999 in
1662 2951 1794 2999 curia
1824 2950 2042 2998 cardina-

271 3037 411 3095 libus,
440 3039 577 3098 'Papa
609 3035 737 3082 venit
771 3035 817 3081 in
849 3035 961 3083 sede
993 3041 1187 3098 paratus
1221 3051 1308 3098 per
1339 3035 1495 3082 aulam
1530 3050 1702 3082 novam
1735 3034 1796 3082 ad
1825 3048 2042 3081 cameras

273 3135 440 3178 novas,
474 3120 521 3166 in
556 3134 756 3182 quarum
795 3119 949 3182 prima
985 3118 1095 3166 lavit
1129 3118 1275 3182 pedes
1316 3118 1568 3166 duodecim
1604 3132 1867 3181 pauperum
1906 3130 2040 3163 more

274 3188 431 3260 solito,
457 3202 582 3250 dicto
604 3203 734 3266 prius
763 3201 1008 3265 evangelio
1035 3217 1123 3264 per
1143 3204 1333 3248 Rmum.
1360 3203 1415 3248 D.
1441 3200 1731 3249 cardinalem
1758 3199 2036 3248 Ascanium.

275 3288 452 3333 Omnes
475 3285 739 3333 cardinales
762 3285 955 3348 palatini
978 3284 1316 3343 intersuerunt,
1335 3288 1382 3332 et
1401 3283 1450 3331 hi
1480 3286 1667 3332 'tantum
1688 3283 1768 3346 qui
1788 3282 2041 3331 voluerunt

274 3368 321 3415 in
349 3368 524 3431 palatio
552 3383 851 3431 permanere,
872 3373 917 3416 et
945 3384 1113 3416 omnes
1141 3383 1309 3416 eorum
1337 3368 1501 3432 cappis
1527 3368 1751 3431 demptis,
1775 3365 2043 3415 assistenti-

276 3451 362 3497 bus
396 3450 612 3498 videlicet
634 3451 833 3498 Senensi
858 3455 904 3499 et
926 3451 1207 3511 camerario,
1236 3455 1281 3499 et
1304 3452 1541 3499 Asculano
1567 3451 1802 3515 predicto,
1823 3449 1901 3512 qui
1931 3448 2044 3497 reti-
