2202 3926
163 325 247 366 [Mai
269 325 363 364 1494]
607 320 775 358 RERUM
809 318 1115 356 URBANARUM
1148 318 1496 356 COMMENTARII.
1875 324 1938 360 141

163 427 329 472 mento
358 422 542 471 duabus
570 420 717 486 perlis
746 420 910 483 ligato,
936 418 1065 482 quod
1094 419 1297 467 formam
1325 419 1518 476 habeat,
1544 423 1686 482 prout
1716 421 1871 469 solent
1894 423 1939 468 in

163 505 350 555 amictis
371 504 502 569 poni,
529 519 587 551 ex
606 504 833 551 broccato
855 502 997 566 plano
1019 502 1288 550 cremesino
1311 506 1358 549 et
1379 501 1536 550 benda
1554 501 1702 565 longa
1719 518 1778 550 ex
1799 503 1940 550 broc-

165 593 271 638 cato
302 587 574 637 cremesino
605 590 812 651 quatuor
840 586 1101 650 digitorum
1128 586 1202 634 vel
1230 586 1376 644 circa,
1402 601 1495 648 que
1523 600 1550 632 a
1577 584 1701 633 collo
1732 585 1943 649 pendeat

166 687 317 736 usque
339 672 399 719 ad
420 671 597 720 collum
618 670 773 735 pedis,
797 669 1027 718 birretum
1048 669 1291 718 retinebit.

232 755 405 819 Sicque
442 759 636 819 paratus
677 753 891 802 ascendit
933 753 994 800 ad
1027 752 1292 800 thalamum
1329 753 1517 817 regium
1551 769 1578 800 a
1610 753 1798 802 duobus
1842 754 1942 802 suis

166 838 502 887 assistentibus
530 853 584 886 ac
619 837 764 900 regiis
792 841 840 884 et
869 835 1128 898 capellanis
1162 836 1348 884 duobus
1378 836 1660 901 maj0ribuS,
1687 837 1943 886 eleemosi-

166 922 300 970 nario
331 926 378 970 et
404 921 682 970 consessore
707 920 973 977 dumtaxat,
999 918 1282 978 associatus,
1307 920 1389 967 ubi
1410 920 1459 966 in
1486 920 1652 968 sediali
1675 937 1761 969 suo
1789 938 1944 985 genu-

166 1008 331 1067 flectit,
357 1011 404 1056 et
424 1022 483 1054 ex
502 1005 622 1052 libro
645 1003 760 1052 dicit
781 1003 1029 1051 introitum
1055 1002 1212 1065 Kyrie
1241 1003 1445 1065 eleyson,
1472 1002 1632 1051 Gloria
1660 1004 1709 1051 in
1731 1006 1941 1064 eoecelsz‘s,

167 1091 434 1138 orationem
471 1089 596 1137 Deus
631 1088 713 1152 qui
744 1087 883 1134 eorda
910 1086 1143 1151 fidelium,
1182 1089 1228 1134 et
1259 1086 1347 1133 sub
1381 1086 1605 1134 eamdem
1635 1087 1945 1136 conclusione

168 1179 452 1237 sequentem
483 1189 492 1220 :
534 1171 747 1231 oremus,
778 1172 918 1229 Deus,
943 1185 1198 1234 reynerum
1220 1170 1430 1217 omnium
1451 1178 1698 1234 protector,
1724 1171 1784 1218 da
1809 1172 1942 1232 milei,

165 1273 294 1305 servo
317 1264 411 1316 tue,
438 1256 726 1319 triumphum
749 1254 930 1302 virtutis
959 1260 1035 1300 tue
1053 1253 1251 1300 scienter
1270 1254 1492 1312 excolere,
1518 1255 1662 1319 etqui
1682 1263 1762 1303 tua
1782 1256 1948 1304 eonsti-

168 1342 343 1388 tectione
359 1340 449 1387 sim
457 1340 698 1404 princeps,
724 1346 801 1386 tuo
821 1353 1002 1401 semper
1020 1337 1215 1385 numine
1228 1338 1317 1385 sim
1330 1345 1496 1401 petens
1514 1338 1644 1385 :Per
1662 1339 1726 1385 D.
1751 1339 1818 1386 N.
1838 1347 1921 1387 ete.
1934 1378 1944 1398 ,

168 1426 440 1490 epistolam,
467 1429 514 1474 et
540 1425 745 1484 alleluia,
777 1439 888 1472 cum
913 1423 1067 1487 primo
1091 1438 1233 1471 versu
1261 1425 1468 1480 tantum,
1495 1420 1736 1480 videlicet,
1766 1421 1947 1469 Emitte

165 1509 381 1573 spiritum
397 1515 502 1567 ete„
522 1507 708 1556 duobus
723 1506 1060 1556 assistentibus
1082 1510 1129 1555 et
1143 1505 1246 1553 aliis
1268 1505 1413 1569 regiis
1428 1505 1622 1553 interim
1639 1504 1766 1569 apud
1781 1521 1946 1570 regem

169 1592 420 1641 stantibus,

231 1677 516 1725 Cantoribus
545 1692 738 1725 versum
771 1675 1042 1740 predictum
1082 1673 1264 1722 Emitte
1302 1681 1408 1732 ete„
1438 1673 1768 1732 cantantibus,
1808 1689 1947 1737 repo-

166 1759 296 1809 nitur
325 1761 645 1810 faldistorium
676 1760 822 1824 legati
855 1759 904 1806 in
933 1757 1094 1806 medio
1131 1757 1292 1805 altaris
1329 1757 1376 1804 in
1408 1773 1502 1820 quo
1536 1758 1640 1821 ipse
1671 1756 1810 1805 sedet
1835 1772 1947 1805 cum

168 1845 328 1893 mitra.

234 1931 334 1977 Rex
349 1927 598 1976 descendit
619 1926 678 1974 de
700 1926 911 1974 thalamo
940 1942 1026 1974 suo
1052 1926 1110 1974 ab
1138 1925 1230 1973 illis
1257 1924 1444 1972 duobus
1475 1923 1572 1972 suis
1613 1923 1948 1973 assistentibus

172 2016 219 2061 et
237 2011 340 2060 aliis
362 2011 459 2059 suis
481 2010 766 2068 associatus,
792 2013 838 2058 et
859 2009 1045 2058 accedit
1066 2009 1126 2057 ad
1154 2009 1366 2072 legatum
1390 2023 1399 2054 :
1422 2007 1591 2071 prelati
1622 2010 1881 2070 assurgunt
1901 2009 1950 2053 et

170 2095 351 2144 faciunt
372 2094 682 2152 reverentias,
707 2093 881 2157 quibus
904 2098 951 2142 et
978 2093 1082 2157 ipse
1109 2092 1290 2157 pariter
1320 2090 1434 2139 facit
1463 2094 1513 2137 ut
1541 2090 1701 2154 prius;
1728 2094 1776 2139 et
1801 2090 1944 2149 facta,

171 2176 362 2225 detecto
408 2175 588 2240 capite,
631 2175 902 2224 reverentia
945 2191 1109 2224 coram
1146 2175 1332 2238 legato,
1377 2189 1522 2238 super
1560 2173 1754 2222 cussino
1795 2190 1949 2238 genu-

171 2260 340 2309 flectit.

237 2345 411 2394 Prelati
431 2361 599 2394 omnes
620 2344 802 2393 faciunt
821 2343 1057 2392 circulum
1077 2346 1187 2406 post
1215 2356 1400 2405 regem,
1425 2343 1476 2388 ut
1501 2340 1635 2404 prius
1663 2356 1774 2388 cum
1796 2340 1948 2388 mitris

173 2433 373 2489 stanteS,
399 2433 446 2478 et
468 2428 631 2478 omnia
654 2427 929 2476 simulcum
950 2427 1129 2491 legato,
1153 2426 1295 2490 plane
1318 2429 1481 2473 tamen
1503 2424 1739 2473 dicentes.

238 2516 463 2577 LegatuS,
505 2518 706 2578 accepto
748 2527 864 2559 ense
902 2510 1032 2558 nudo
1072 2510 1131 2558 de
1163 2509 1300 2557 altari
1332 2525 1418 2573 per
1458 2525 1535 2557 me
1570 2509 1660 2557 sibi
1703 2513 1945 2573 porrecto,

170 2595 305 2644 illum
326 2594 469 2643 tradit
486 2595 535 2642 in
557 2611 703 2643 manu
725 2594 852 2658 regis
880 2592 1173 2657 recipientis,
1198 2591 1364 2646 dicens
1393 2591 1570 2656 Accipe
1588 2591 1805 2655 yladz‘um
1826 2599 1912 2639 ete.
1930 2608 1949 2647 ,-

174 2694 267 2742 quo
290 2679 435 2739 dicto,
457 2695 542 2728 rex
563 2679 805 2727 osculatur
825 2693 996 2725 manus
1017 2677 1182 2741 legati.

238 2765 378 2822 Tum,
399 2762 626 2826 imposito
654 2778 742 2826 per
771 2778 849 2812 me
879 2762 1038 2826 gladio
1058 2761 1108 2809 in
1128 2762 1365 2826 vaginam,
1394 2760 1581 2823 legatus
1609 2758 1757 2823 cingit
1784 2774 1949 2823 regem

173 2846 330 2910 gladio
353 2846 403 2893 in
422 2845 661 2910 vaginam,
688 2845 854 2894 dicens
878 2845 1193 2909 antiphonam
1219 2861 1228 2892 z
1252 2844 1521 2908 Aeeinqere
1535 2842 1695 2907 qladz'o
1717 2850 1794 2891 tao
1811 2859 1951 2906 saper

173 2930 336 2994 femur
356 2937 506 2989 tuum,
521 2930 860 2992 potentissime.

242 3012 402 3077 Surgit
430 3029 531 3072 rex,
557 3017 603 3062 et
637 3017 905 3062 extractum
938 3029 1106 3061 ensem
1143 3011 1202 3061 de
1235 3010 1405 3075 vagina
1436 3009 1634 3058 viriliter
1662 3012 1736 3057 ter
1767 3008 1947 3067 vibrat3

183 3098 280 3143 tum
319 3112 461 3160 super
492 3090 749 3145 brachium
781 3096 1029 3145 sinistrum
1063 3095 1286 3160 extergit,
1323 3094 1512 3159 reponit
1548 3093 1598 3140 in
1629 3092 1869 3156 vaginam,
1907 3095 1952 3140 et

180 3178 355 3226 iterum
368 3193 538 3228 coram
557 3180 734 3244 legato,
760 3184 810 3228 ut
829 3179 979 3244 prius,
1004 3179 1305 3244 genuflectit.

246 3262 450 3320 Corona,
484 3262 543 3311 de
576 3263 712 3312 altari
742 3279 830 3328 per
867 3279 946 3312 me
981 3269 1188 3328 sumpta,
1219 3261 1422 3312 traditur
1449 3260 1629 3324 legato,
1667 3276 1810 3323 quam
1840 3275 1950 3307 cum

181 3344 405 3393 omnibus
425 3344 619 3408 prelatis
639 3347 814 3410 paratis
840 3363 1037 3396 manum
1057 3346 1427 3411 apponentibus,
1454 3344 1585 3392 solus
1607 3346 1708 3409 regi
1730 3344 1948 3408 imponit,

182 3428 348 3477 dicens
373 3443 382 3474 ε
407 3427 584 3491 Accipe
600 3445 818 3478 coronam
838 3437 922 3477 ete.
