2222 3926
244 364 314 402 193
854 363 1085 401 JOHANNIS
1118 363 1409 409 BURCHARDI,
1693 364 1904 404 [Novembre
1927 366 1983 397 149
1992 366 2020 405 l]

248 482 349 515 rem
384 472 431 515 et
464 466 746 529 dignitatem
782 481 917 515 more
961 466 1216 526 dictorum,
1255 465 1685 529 primogenitorum
1724 469 2019 524 nostrorum,

247 554 477 613 quantum
499 565 607 597 cum
636 553 737 598 Deo
759 550 1044 614 poterimuS,
1069 551 1227 613 potius
1249 564 1444 611 augere.
1482 548 1602 604 Quia
1629 563 1742 597 vero
1775 563 1862 612 pro
1895 548 2022 598 dicto

247 649 397 696 regno
428 634 759 697 recuperando
782 637 829 681 et
847 628 1011 681 nostro
1034 637 1199 680 sancto
1221 632 1465 695 proposito
1487 631 1788 695 exequendo,
1811 646 1896 695 pro
1913 630 2024 679 faci-

247 716 354 765 liori
374 720 419 764 et
440 716 642 763 breviori
673 715 747 762 via
783 715 841 762 ad
876 715 1054 763 Urbem
1081 715 1347 778 predictam
1372 715 1627 774 veniendo,
1656 729 1743 778 per
1768 714 2022 763 nonnullas

251 804 403 848 terras
422 798 545 845 dicte
573 795 786 846 Ecclesie
810 798 1036 846 transitus
1065 798 1124 845 sit
1148 797 1287 845 nobis
1310 797 1574 857 faciendus,
1601 797 1954 845 sanctissimum
1973 797 2022 844 in

250 881 436 930 Christo
455 885 640 944 patrem
658 874 704 928 et
721 881 971 929 dominum
991 881 1335 941 Alexandrum,
1361 880 1518 929 divina
1535 879 1830 944 providentia
1850 895 2022 943 papam

250 968 453 1023 sextum,
480 979 534 1012 ac
556 979 593 1011 s.
620 980 658 1011 r.
693 967 745 1011 E.
773 965 1086 1013 cardinalium
1114 965 1388 1028 collegium,
1413 979 1604 1013 necnon
1629 977 2024 1027 quarumcunque

250 1047 509 1107 civitatum,
550 1047 839 1111 oppidorum
871 1054 917 1097 et
952 1053 1191 1096 terrarum
1228 1063 1283 1096 ac
1315 1048 1534 1096 locorum
1566 1047 1786 1111 ejusdem
1825 1061 2023 1094 romane

248 1130 462 1178 Ecclesie
479 1134 713 1189 rectores,
727 1131 1094 1194 gubernatores,
1114 1135 1396 1195 potestates,
1410 1130 1661 1190 officialeS,
1678 1131 1823 1189 cives,
1842 1130 2025 1178 incolas

250 1217 297 1261 et
329 1213 626 1263 habitatores
666 1229 1018 1277 quoscumque,
1054 1215 1102 1262 in
1126 1215 1330 1263 Domino
1358 1213 1664 1276 requirimus,
1694 1213 1947 1261 hortamur
1979 1218 2026 1262 et

252 1296 565 1344 cohortamur
591 1300 641 1343 ut
673 1296 842 1345 saltem
877 1296 1286 1360 quemadmodum
1310 1296 1529 1344 hostibus
1563 1296 1739 1344 nostris
1777 1301 1825 1344 et
1853 1296 1902 1343 in
1931 1296 2027 1345 hoc

251 1394 389 1427 sacro
408 1379 652 1442 proposito
683 1380 823 1428 nohis
859 1380 1237 1438 adversantibus,
1267 1379 1453 1427 favores
1475 1384 1521 1427 et
1544 1379 1717 1427 auxilia
1739 1394 1832 1442 que
1853 1382 2026 1443 potue-

252 1465 378 1522 runt,
398 1465 631 1526 prestent,
656 1463 722 1510 ita
741 1463 880 1511 nobis
902 1467 947 1512 et
968 1463 1143 1512 nostris
1168 1463 1374 1510 liberum
1393 1463 1662 1526 ingressum
1685 1467 1732 1511 et
1751 1478 2025 1526 regressum

251 1560 339 1608 per
359 1545 589 1604 civitates,
609 1546 799 1610 oppida,
831 1551 982 1594 terras
1014 1552 1060 1595 et
1077 1546 1185 1594 loca
1201 1546 1418 1610 predicta
1437 1549 1484 1594 et
1511 1545 1734 1594 victualia
1753 1545 2026 1594 necessaria

257 1628 434 1675 nostris
468 1629 691 1692 expensis
723 1633 768 1676 et
807 1629 1075 1692 sumptibus
1103 1629 1330 1677 exhibere
1360 1629 1641 1692 dignentur-,²
1665 1628 1758 1675 nisi
1785 1628 1913 1676 enim
1938 1643 2026 1675 nos

255 1711 349 1758 hoc
391 1710 437 1758 in
478 1711 791 1759 saluberrimo
832 1727 976 1775 opere
1016 1712 1393 1775 impedivissent,
1439 1707 1678 1758 credimus
1709 1711 1811 1773 jam
1857 1710 2026 1758 urbem

241 1794 503 1857 'Neapolim
528 1798 575 1842 et
595 1809 821 1857 magnam
838 1799 1024 1857 partem
1040 1794 1175 1856 regni
1198 1809 1498 1857 expugnasse
1522 1798 1569 1840 et
1587 1793 1635 1840 in
1653 1792 1887 1856 principio
1904 1792 2028 1841 veris

255 1877 474 1940 proxime
495 1876 640 1923 futuri
666 1876 786 1924 fines
812 1876 1024 1924 hostium
1046 1876 1232 1939 ingredi
1254 1876 1466 1940 potuisse
1489 1892 1499 1923 z
1523 1875 1689 1924 sivero
1711 1875 1955 1938 ingressus
1982 1881 2028 1924 et

257 1975 481 2022 egressus
513 1975 569 2006 ac
595 1959 719 2006 liber
746 1959 973 2006 transitus
1005 1975 1060 2007 ac
1090 1959 1308 2007 victualia
1338 1959 1476 2007 nobis
1511 1962 1557 2006 et
1583 1959 1777 2018 nostris,
1803 1958 2028 2006 solvendo

253 2042 414 2090 debito
439 2043 592 2106 pretio
630 2042 807 2090 fuerint
839 2043 983 2105 (quod
1016 2058 1109 2090 non
1139 2041 1398 2101 credimus)
1428 2042 1682 2105 denegata,
1717 2041 2028 2090 nihilominus

255 2125 538 2173 conabimur
558 2126 669 2173 totis
693 2125 868 2172 viribus
891 2125 1066 2173 nostris
1083 2130 1291 2174 meatum
1314 2125 1524 2173 invenire
1548 2130 1595 2173 et
1615 2141 1787 2188 capere
1807 2124 2030 2174 victualia

253 2209 528 2258 necessaria
554 2209 725 2271 quibus
747 2209 1010 2272 poterimus
1032 2209 1221 2268 mediis,
1246 2212 1568 2271 protestantes
1595 2209 1874 2256 solemniter
1890 2209 2029 2256 nohis

254 2290 315 2338 ad
335 2292 525 2355 culpam
541 2307 637 2339 non
659 2292 835 2342 debere
858 2292 1102 2355 imputari,
1124 2292 1208 2339 sed
1230 2291 1389 2354 potius
1407 2291 1497 2339 illis
1520 2292 1599 2354 qui
1618 2291 1835 2354 perfidia,
1854 2291 2029 2354 iniqui-

256 2379 372 2434 tate,
394 2375 453 2423 de
472 2375 566 2422 fide
588 2380 755 2423 nostra
779 2391 875 2423 non
891 2362 1024 2424 recte
1050 2375 1328 2430 sentientes,
1350 2381 1568 2422 nostrum
1586 2374 1718 2438 pium
1743 2379 1790 2422 et
1811 2379 2030 2422 sanctum

260 2458 562 2522 propositum
592 2458 826 2522 impedire
853 2458 1120 2506 voluerunt.
1149 2461 1494 2517 Protestamur,
1515 2461 1563 2506 ut
1581 2473 1742 2521 supra,
1767 2457 1825 2505 de
1849 2457 2032 2521 injuriis

259 2543 361 2589 Deo
374 2546 419 2589 et
433 2541 572 2589 nobis
586 2541 839 2600 faciendis,
856 2541 1042 2589 damnis
1058 2556 1250 2605 quoque
1268 2545 1314 2589 et
1328 2541 1560 2589 interesse
1576 2557 1663 2604 per
1677 2555 1764 2589 nos
1779 2544 2034 2604 propterea

254 2624 355 2688 jam
379 2624 602 2685 incursis,
621 2628 665 2673 et
685 2625 723 2672 si
745 2641 837 2688 que
869 2625 917 2672 in
938 2625 1150 2672 futurum
1182 2624 1360 2673 incursi
1388 2624 1636 2683 fuerimus,
1661 2640 1779 2688 quas
1799 2628 2034 2688 protesta-

257 2707 412 2756 tiones
436 2724 784 2771 prosequemur
805 2724 966 2756 coram
983 2708 1237 2757 universali
1259 2708 1472 2756 Ecclesia
1494 2724 1549 2756 ac
1570 2708 1866 2771 principibus
1886 2707 2031 2756 totius

259 2790 618 2839 christianitatis
657 2806 777 2854 quos
817 2792 1072 2840 convenire
1119 2791 1410 2840 intendimus
1452 2806 1537 2855 pro
1590 2791 1682 2839 hac
1730 2791 2032 2839 sanctissima

262 2874 582 2937 expeditione,
607 2877 706 2923 Deo
739 2876 878 2935 duce,
905 2875 1109 2923 feliciter
1139 2875 1458 2938 adimplenda.
1482 2879 1534 2923 In
1564 2890 1766 2938 quorum
1796 2874 1942 2923 fidem
1975 2890 2030 2922 ac

262 2954 590 3002 testimonium
605 2959 856 3018 presentes
874 2942 1035 3003 literas
1055 2955 1157 3003 fieri
1176 2971 1263 3019 per
1291 2961 1506 3004 nostrum
1528 2955 1766 3004 notarium
1786 2955 2028 3019 publicum

261 3036 615 3100 infrascriptum
638 3037 780 3084 scribi
799 3042 844 3085 et
860 3038 1111 3100 publicari,
1129 3039 1374 3102 nostrique
1391 3038 1564 3102 regalis
1578 3038 1716 3101 sigilli
1736 3038 2029 3102 appensione

264 3119 440 3167 muniri
462 3119 680 3167 fecimus.

330 3205 504 3250 Datum
535 3203 794 3261 Florentie,
819 3203 894 3251 die
921 3207 980 3251 22
1010 3205 1190 3251 mensis
1212 3205 1502 3265 novembris,
1528 3219 1652 3253 anno
1676 3205 1865 3253 Domini
1887 3209 2027 3263 1494,

264 3290 310 3334 et
340 3286 474 3348 regni
497 3287 647 3334 nostri
669 3303 759 3334 ΧΠ.

328 3369 466 3416 Feria
506 3370 732 3429 secunda,
761 3373 818 3417 22
855 3369 1143 3429 novembris,
1162 3372 1290 3419 venit
1312 3387 1471 3419 coram
1496 3373 1578 3420 SS.
1613 3375 1668 3419 D.
1695 3376 1860 3420 nostro
1882 3371 1941 3418 ab
1970 3385 2027 3418 eo

265 3457 458 3502 vocatus
492 3457 537 3504 et
563 3468 640 3501 me
670 3468 831 3501 secum
864 3453 1171 3518 interpretem
1203 3455 1331 3503 duxit
1361 3455 1645 3520 magnificus
1673 3459 1719 3503 et
1749 3454 1942 3502 illustris
1965 3456 2021 3503 D.
