2202 3926
150 329 267 372 [Avrtl
289 329 384 368 1494]
611 323 783 363 RERUM
810 319 1114 360 URBANARUM
1147 318 1501 359 COMMENTARII.
1885 323 1955 360 109

154 437 310 494 sante,
346 446 499 495 usque
536 429 786 494 Neapolim
820 426 1060 477 exclusive
1097 441 1157 474 ex
1189 425 1318 473 Urbe
1356 439 1594 488 expensas
1625 423 1719 472 feci
1761 441 1770 472 :
1808 442 1946 475 rece-

152 533 319 583 peram
340 522 505 565 autem
532 531 592 564 ex
619 513 812 563 bancho
839 511 899 561 de
926 509 1248 576 Spannochiis
1269 509 1317 556 in
1341 509 1487 568 Urbe,
1513 512 1625 556 ante
1649 523 1812 556 meum
1836 510 1946 559 inde

155 616 425 659 recessum,
460 616 519 649 ex
550 597 895 648 commissione
927 595 1133 645 oratoris
1163 592 1291 657 regis
1311 592 1518 657 predicti
1542 592 1744 639 ducatos
1766 592 1815 640 in
1837 608 1953 641 auro

157 686 319 750 viginti
355 685 569 749 quinque
600 699 686 748 pro
717 683 840 732 meis
869 683 1114 747 expensiS,
1152 683 1319 748 vigore
1351 681 1493 730 unius
1525 680 1780 739 schedule,
1814 679 1953 743 cujus

158 774 298 819 tenor
318 768 424 816 talis
447 772 521 817 est
545 783 555 815 :

226 874 248 897 «
286 852 531 916 Magnifici
551 851 720 900 heredi
748 851 793 899 d’
810 851 1068 899 Ambrosio
1088 849 1382 915 Spanocchi,
1405 853 1452 898 et
1471 849 1731 914 compagni
1749 849 1796 897 di
1815 853 1951 898 corte

160 937 207 984 di
238 940 392 985 Roma
428 953 438 984 :
474 936 520 984 vi
550 934 744 999 piacera
770 950 948 999 pagare
975 934 1294 983 incontinenti
1324 950 1352 982 a
1377 936 1534 982 MonS.
1567 934 1672 982 Gio.
1710 933 1955 982 Burcardo

158 1024 339 1068 mastro
358 1018 405 1066 di
423 1017 688 1067 cerimonie
708 1021 955 1081 portatore
974 1017 1020 1065 di
1039 1022 1230 1080 questa,
1253 1032 1281 1065 o
1300 1033 1326 1066 a
1346 1017 1424 1065 chi
1445 1017 1512 1066 lui
1532 1018 1775 1078 ordinera,
1795 1019 1955 1067 ducati

155 1103 462 1167 venticinque
493 1101 539 1149 d’
573 1117 660 1149 oro
697 1100 745 1148 di
774 1102 997 1160 Camera,
1027 1101 1041 1148 i
1069 1101 1199 1164 quali
1229 1117 1280 1148 se
1314 1101 1380 1165 gli
1415 1096 1608 1149 donano
1641 1118 1729 1166 per
1761 1103 1955 1151 servitio

156 1188 282 1238 della
313 1189 497 1236 Maesta
522 1185 601 1234 del
631 1187 679 1234 S.
718 1187 785 1232 Re
820 1187 926 1232 Don
961 1184 1162 1233 Alfonso
1195 1188 1262 1233 Re
1296 1185 1343 1233 di
1380 1185 1542 1233 Sicilia
1572 1202 1581 1232 ε
1614 1191 1660 1232 et
1688 1185 1954 1249 piaceravvi

159 1286 448 1337 recuperare
471 1270 533 1317 da
557 1269 623 1317 lui
645 1268 835 1317 cautela
863 1268 990 1317 della
1018 1269 1307 1327 recettione,
1343 1273 1391 1317 et
1418 1269 1499 1317 noi
1521 1269 1769 1318 venir-emo
1792 1270 1903 1333 oggi
1926 1286 1954 1317 a

155 1357 290 1405 farne
311 1354 471 1419 quelle
493 1353 700 1413 cautele,
725 1353 817 1401 che
841 1368 1048 1401 saranno
1071 1353 1346 1401 necessarie
1369 1353 1505 1401 accio
1528 1352 1646 1400 detti
1674 1369 1766 1400 xxv
1793 1352 1953 1400 ducati

156 1440 200 1488 d’
233 1455 320 1488 oro
349 1439 395 1486 di
429 1453 624 1486 camera
645 1437 781 1485 siano
811 1437 970 1502 pagati
999 1437 1049 1485 in
1077 1437 1247 1501 Napoli
1271 1436 1316 1485 al
1338 1437 1531 1485 bancho
1558 1442 1719 1486 vostro
1747 1437 1955 1486 inconti—

155 1526 301 1572 nente
324 1528 369 1571 et
392 1539 421 1571 a
440 1523 577 1581 fede3
609 1523 645 1570 si
676 1526 702 1571 e
731 1521 848 1569 satta
874 1521 921 1569 la
947 1527 1176 1585 presente
1198 1537 1286 1585 per
1307 1536 1452 1569 mano
1475 1521 1521 1568 di
1547 1536 1623 1568 me
1652 1520 1952 1569 Bernardino

155 1606 203 1654 di
225 1606 472 1655 Bernardo
495 1610 542 1655 et
565 1605 789 1654 soscritta
807 1605 854 1653 di
876 1621 954 1654 me
978 1605 1114 1668 Luigi
1135 1605 1181 1653 di
1204 1605 1487 1653 Casalnovo.
1510 1607 1681 1665 Rome,
1712 1608 1768 1653 19
1791 1605 1954 1669 aprilis

157 1692 579 1739 CCCCXXXXllIl.

224 1795 248 1819 «
285 1774 343 1822 Al
374 1779 532 1823 vostro
554 1774 765 1839 piacere,
792 1777 930 1822 LU1G1
956 1789 1005 1821 m
1028 1775 1332 1832 CASALNOVO,
1357 1787 1503 1820 manu
1525 1771 1738 1836 propria,
1764 1777 1812 1821 et
1830 1773 1953 1820 BER-

158 1874 373 1907 NAano
409 1875 459 1907 m
492 1862 755 1906 BERNARno
782 1873 930 1906 manu
957 1856 1168 1921 propria.
1205 1876 1227 1900 »

222 1942 310 1990 Die
332 1942 550 2006 predicta
571 1957 661 2006 ego
681 1941 929 1989 Johannes
948 1939 1255 1988 Burchardus
1276 1939 1524 2003 predictus
1544 1940 1707 2003 recepi
1730 1939 1789 1987 ab
1807 1939 1951 1988 here-

159 2026 300 2074 dibus
327 2031 375 2074 et
400 2026 542 2074 sociis
567 2023 907 2089 suprascriptis
935 2023 1155 2071 ducatos.
1187 2039 1295 2071 xxv.
1320 2023 1422 2070 auri
1445 2022 1505 2071 de
1529 2038 1726 2071 camera
1746 2023 1794 2069 in
1813 2039 1949 2082 auro,

159 2110 414 2158 occasione
446 2108 668 2173 superius
699 2107 844 2167 dicta,
879 2112 926 2155 et
955 2107 1005 2154 in
1035 2107 1182 2156 fidem
1202 2107 1294 2154 hos
1314 2122 1462 2154 manu
1483 2106 1679 2171 propria
1706 2106 1876 2170 scripsi
1907 2110 1950 2154 et

158 2193 440 2258 subscripsi,
464 2185 617 2242 Rome
644 2192 720 2240 die
747 2191 983 2256 predicta.

223 2277 357 2326 Idem
386 2281 636 2327 JOHANNES
676 2278 1003 2324 Bonannnus
1030 2291 1177 2324 manu
1208 2274 1406 2339 propria
1436 2274 1718 2339 subscripsi.

223 2362 374 2427 Igitur
393 2361 591 2426 Neapoli
622 2360 931 2418 constitutus,
962 2359 1120 2409 inveni
1142 2358 1523 2407 illustrissimum
1554 2358 1823 2423 principem
1846 2361 1949 2407 Don

157 2448 190 2493 F
196 2445 472 2505 ridericum,
490 2445 760 2510 principem
774 2445 1039 2504 Altamure,
1059 2443 1258 2491 fratrem
1275 2442 1573 2491 serenissimi
1590 2443 1717 2506 regis
1734 2443 1954 2508 Neapoli-

158 2527 274 2587 tani,
306 2527 534 2576 comitem
565 2527 819 2587 Mariliani,
850 2528 1130 2576 Albericum
1158 2527 1363 2583 Caraffa‚
1385 2526 1661 2575 Johannem
1687 2527 1950 2575 Antonium

156 2612 216 2661 de
253 2612 424 2660 Caldro
459 2617 507 2661 et
550 2612 826 2660 ,lohannem
861 2612 1125 2660 Antonium
1163 2611 1350 2660 Caraffa
1388 2610 1574 2659 nobiles
1607 2611 1952 2674 Neapolitanos

155 2710 244 2757 pro
284 2695 586 2743 ordinatione
630 2694 959 2742 coronationis
1000 2694 1299 2743 serenissimi
1340 2694 1467 2758 regis
1512 2694 1748 2758 Alphonsi
1790 2695 1950 2743 Sicilie

158 2778 303 2842 regis,
326 2794 412 2842 per
430 2779 588 2843 ipsum
610 2794 777 2842 regem
804 2777 1079 2842 deputatos,
1105 2777 1154 2824 in
1176 2777 1322 2825 domo
1345 2775 1549 2840 predicti
1575 2778 1678 2824 Don
1698 2777 1946 2837 Friderici,

139 2866 205 2910 -et
229 2862 298 2910 eis
320 2862 601 2911 memoriale
624 2878 710 2926 per
733 2877 811 2910 me
834 2865 1143 2925 conceptum,
1171 2859 1268 2907 sive
1289 2859 1339 2906 in
1361 2874 1419 2908 eo
1441 2863 1606 2908 notata
1627 2855 1816 2925 singula
1836 2878 1950 2925 pro-

156 2946 295 3009 posui
327 2949 378 2993 ut
407 2945 628 2994 similiter
660 2945 861 3009 singulis
893 2951 1166 3010 opportune
1192 2943 1499 3009 providerent
1523 2960 1532 2991 :
1558 2945 1618 2992 ad
1638 2961 1731 3008 que
1763 2946 1950 3009 singula

157 3044 326 3077 eorum
346 3029 690 3094 responsiones
709 3030 934 3077 annotavi
956 3033 1097 3093 prout
1119 3044 1179 3076 ex
1199 3028 1304 3092 ipso
1329 3028 1620 3088 memoriali,
1646 3044 1702 3076 cu
1704 3029 1785 3092 jus
1806 3035 1948 3078 tenor

155 3111 262 3159 talis
283 3117 373 3173 est,
397 3129 454 3163 ac
476 3129 646 3162 eorum
667 3113 1063 3177 responsionibus
1086 3111 1261 3160 clarius
1282 3116 1434 3175 patet.

223 3198 291 3243 De
314 3197 658 3246 convocatione
682 3196 976 3261 prelatorum
998 3200 1046 3244 et
1067 3194 1305 3243 baronum
1329 3193 1482 3257 regni.

223 3280 492 3344 Responsio
519 3296 528 3328 :
556 3285 667 3330 sunt
687 3281 861 3329 vocati.

224 3367 293 3412 De
316 3362 484 3411 ordine
506 3364 773 3427 recipiendi
792 3364 1027 3428 legatum.

225 3446 498 3510 Responsio
525 3461 534 3492 :
561 3445 690 3508 quod
712 3461 770 3494 eo
793 3446 980 3505 ordine,
1004 3450 1147 3509 prout
1171 3460 1261 3507 ego
1285 3443 1560 3491 ordinarem
1584 3445 1859 3508 recipiatur.
