2216 3886
285 333 355 368 55⁴2
897 326 1130 362 JOHANNIS
1165 325 1460 369 BURCHARDI,
1838 325 1945 365 [Aout
1967 328 2060 367 1499]

283 433 404 482 libra
435 436 482 480 et
511 431 656 478 libras
690 445 747 476 Lx
781 427 1090 476 candelarum
1124 426 1183 473 de
1214 442 1276 472 xx
1309 429 1356 477 61
1384 440 1478 472 xxx
1507 438 1594 486 pro
1621 423 1770 482 libra3
1803 425 1861 472 de
1891 426 2059 488 quibus

286 516 525 574 omnibus,
549 518 599 561 ut
617 511 848 568 intellexi,
870 509 989 557 nihil
1008 509 1261 572 superfuit.
1287 507 1470 556 Deinde
1493 522 1551 555 ex
1573 507 1812 555 scutiferis
1834 512 1881 557 et
1902 510 2062 573 capel-

285 600 406 647 lanis
435 595 646 645 defuncti
682 594 807 641 venit
840 608 962 639 unus
996 592 1225 639 continuo
1259 591 1388 639 circa
1414 591 1558 639 funus
1587 606 1615 638 a
1644 591 1788 639 domo
1819 608 1972 656 usque
2003 595 2063 642 ad

284 682 549 739 basilicam,
575 684 621 726 et
639 675 911 740 depositum
931 675 1046 722 hinc
1068 679 1115 722 et
1139 674 1249 722 inde
1278 674 1568 723 advertendo
1590 691 1651 723 ne
1673 675 1884 735 caderet,
1911 679 1991 724 aut
2013 675 2061 723 in

286 764 519 812 catalecto
540 762 701 824 inepte
719 760 922 823 jaceret.
948 757 1100 805 Habui
1121 773 1209 821 pro
1232 757 1391 807 officio
1413 763 1580 807 nostro
1602 759 1839 822 optimum
1860 763 2063 807 matara-

286 848 406 895 tium
438 861 549 894 cum
581 843 833 908 pulvinari,
857 842 970 890 licet
1002 840 1118 887 illud
1146 841 1314 890 fuisset
1346 842 1557 904 positum
1589 857 1735 905 super
1761 841 1984 889 lecticam
2013 841 2063 889 in

286 931 411 990 aula,
437 933 485 978 et
503 943 728 975 savonem
750 930 892 988 atque
916 939 1061 972 unam
1082 924 1261 987 petiam
1285 925 1430 988 panni
1453 925 1511 973 de
1534 925 1674 985 rasia,
1697 925 1900 989 positam
1922 940 2064 990 super

285 1014 508 1063 lecticam
528 1011 813 1075 predictam.

356 1097 496 1145 Feria
516 1095 700 1159 quinta,
725 1098 752 1142 8
775 1097 957 1143 mensis
985 1096 1193 1160 augusti,
1226 1094 1426 1143 recessit
1448 1110 1507 1141 ex
1529 1093 1655 1141 Urbe
1683 1108 1770 1156 per
1795 1096 1982 1156 portam
2006 1093 2064 1141 de

288 1179 489 1243 Populo,
524 1181 580 1226 D.
616 1179 837 1234 Lucretia
866 1179 1040 1243 Borgia
1069 1179 1127 1232 de
1159 1177 1417 1241 Aragonia,
1453 1178 1536 1225 Ss.
1573 1179 1629 1224 D.
1664 1178 1719 1224 N.
1753 1175 1851 1223 filia
1882 1176 2065 1224 charis-

288 1264 426 1323 sima,
448 1262 575 1310 itura
593 1261 842 1324 Spoletum
861 1262 922 1309 ad
942 1263 1047 1326 ejus
1067 1277 1247 1320 arcem,
1272 1262 1407 1326 cujus
1430 1260 1742 1324 gubernatrix
1763 1275 1791 1306 a
1812 1261 1896 1307 SS.
1923 1262 1979 1307 D.
2005 1262 2060 1308 N.

288 1347 416 1394 facta
449 1350 540 1404 est,
577 1349 625 1393 61
653 1361 761 1392 611111
791 1361 864 1405 ea,
901 1346 962 1393 ad
994 1348 1099 1410 ejus
1134 1345 1394 1400 sinistram,
1432 1347 1487 1392 D.
1525 1343 1779 1391 Goffredus
1807 1343 1980 1406 Borgia
2007 1343 2064 1391 de

288 1429 553 1492 Aragonia3
585 1429 809 1492 princeps
840 1429 1085 1492 Squillaci,
1117 1429 1266 1477 frater
1292 1445 1420 1487 suus,
1448 1427 1665 1491 premisit
1692 1427 1865 1474 multas
1888 1426 2064 1474 salmas

287 1514 527 1561 bonorum
555 1528 648 1575 que
672 1514 798 1576 Papa
820 1513 868 1559 in
895 1512 1024 1560 lobia
1045 1512 1299 1576 superior-i,
1331 1528 1417 1575 per
1443 1516 1631 1575 portam
1652 1510 1814 1574 palatii
1844 1514 2063 1557 contem-

287 1596 506 1660 plabatur
540 1594 619 1660 (1).
657 1599 764 1659 Ipsa
794 1601 953 1643 autem
993 1600 1040 1644 et
1069 1596 1234 1647 frater.
1270 1599 1525 1659 postquam
1553 1594 1613 1642 ad
1638 1594 1787 1657 pedes
1825 1593 2062 1640 scalarum

285 1679 483 1728 basilice
516 1696 554 1727 S.
591 1680 734 1739 Petri,
769 1680 818 1726 in
850 1680 1063 1743 plateam
1097 1679 1317 1743 ejusdem
1349 1694 1497 1740 equos
1528 1693 1613 1725 seu
1641 1677 1796 1724 mulas
1818 1675 2064 1723 ascendis-

287 1767 410 1821 sent,
433 1762 492 1810 ad
511 1761 814 1821 Pontificem,
839 1767 890 1811 ut
913 1778 1058 1826 supra
1075 1762 1382 1819 existentem,
1406 1760 1455 1807 in
1478 1759 1614 1822 equis
1637 1774 1687 1806 se
1709 1758 1777 1806 illi
1794 1757 2063 1806 humillime

287 1845 649 1904 inclinaverunt,
681 1845 741 1893 ab
769 1860 827 1892 60
856 1845 1074 1892 ultimam
1101 1845 1346 1893 licentiam
1373 1843 1688 1908 postulantes,
1721 1841 1903 1898 Quibus
1933 1846 2066 1905 post-

288 1944 433 1992 quam
455 1931 582 1992 Papa
605 1943 691 1991 per
710 1928 971 1976 fenestram
1001 1928 1143 1977 tertio
1169 1928 1432 1987 benedixit,
1459 1929 1782 1975 recesserunt.
1809 1928 2065 1973 Precesse-

289 2017 400 2060 runt
429 2028 512 2059 eos
544 2011 761 2060 ordinate
790 2028 959 2059 omnes
990 2012 1048 2060 de
1078 2011 1298 2060 custodia
1323 2010 1485 2074 palatii
1517 2012 1662 2073 Pape,
1697 2013 1743 2056 et
1773 2008 2067 2072 gubernator

295 2095 438 2143 Urbis
467 2111 576 2142 cum
612 2096 743 2143 omni
774 2100 917 2159 gente
949 2112 1054 2155 sua3
1080 2095 1315 2159 precessit
1345 2095 1490 2142 etiam
1521 2109 1643 2140 unus
1673 2092 1831 2139 mulus
1862 2091 2066 2139 catalec-

293 2182 394 2226 tum
428 2183 626 2241 portans
661 2194 771 2227 cum
804 2180 1077 2227 mataraciis
1109 2184 1157 2227 et
1187 2182 1417 2241 cooperta
1450 2177 1508 2223 de
1543 2176 1832 2233 cremesino,
1866 2174 2065 2222 floribus

292 2261 547 2325 adspersa,
590 2278 699 2310 cum
744 2262 930 2309 duobus
971 2262 1176 2310 cussinis
1216 2262 1274 2309 de
1316 2259 1629 2309 damaschino
1675 2259 1808 2317 albo,
1859 2258 2067 2321 desuper

290 2344 473 2392 habens
508 2346 815 2408 supercelum
846 2345 1208 2409 perpulchrum,
1242 2361 1329 2408 per
1357 2343 1580 2392 homines
1610 2341 1919 2406 portandum,
1955 2356 2065 2388 cum

293 2430 350 2475 D.
386 2428 625 2488 Lucretia,
664 2444 786 2492 equo
821 2445 906 2476 seu
943 2430 1074 2477 mula
1107 2429 1316 2487 defessa,
1353 2429 1401 2475 in
1435 2444 1493 2475 60
1527 2426 1828 2490 quiesceret;
1866 2429 1913 2473 et
1945 2424 2066 2472 alius

293 2513 450 2561 mulus
474 2513 723 2562 deferebat
746 2515 932 2573 sellam,
958 2513 1166 2576 desuper
1194 2511 1379 2574 habens
1403 2510 1568 2558 sedem
1590 2509 1885 2576 eminentem
1907 2522 2068 2555 came-

295 2597 447 2645 ralem
475 2613 585 2644 cum
615 2598 840 2661 spalleria
870 2602 916 2646 et
944 2596 1153 2644 scabello
1185 2595 1339 2643 serico
1369 2587 1648 2657 ceopertam
1678 2597 1726 2640 et
1745 2591 2067 2656 pulcherrime

294 2684 532 2739 ornatam,
560 2685 611 2727 ut
635 2683 692 2728 D.
726 2681 947 2729 Lucretia
969 2695 1054 2728 suo
1083 2684 1303 2742 tempore
1329 2677 1542 2725 insidens
1565 2676 1771 2740 quietius
1793 2675 2063 2723 veheretur.

292 2765 332 2810 A
352 2763 510 2825 platea
531 2780 568 2810 s.
595 2764 722 2811 Petri
745 2780 895 2826 usque
925 2764 986 2811 ad
1014 2767 1212 2826 pontem
1234 2778 1272 2808 s.
1297 2761 1466 2823 Angeli
1498 2759 1750 2807 associavit
1777 2774 1883 2807 eam
1904 2774 1932 2805 a
1952 2758 2068 2806 dex-

294 2841 380 2890 tris
399 2848 561 2892 orator
578 2845 704 2906 regis
724 2845 1172 2907 Neapolitanorum;
1194 2847 1379 2906 postea,
1402 2843 1694 2905 gubernator
1713 2842 1875 2900 Urbis3
1899 2856 2068 2903 seque-

293 2926 467 2974 bantur
499 2942 606 2974 eam
637 2927 807 2990 prelati
841 2927 940 2974 bini
969 2931 1015 2974 et
1047 2927 1165 2986 bini,
1203 2930 1251 2973 et
1278 2941 1452 2988 magna
1479 2926 1619 2972 turba
1646 2924 1849 2972 aliorum
1881 2925 1940 2971 ad
1965 2924 2068 2971 lau-

298 3010 409 3058 dem
433 3014 479 3057 et
501 3009 702 3072 gloriam
724 3011 868 3074 hujus
897 3014 1060 3057 sancte
1084 3009 1237 3058 Sedis.

360 3094 497 3141 Feria
523 3100 674 3153 sexta,
706 3097 732 3141 9
763 3094 875 3142 dicti
904 3094 1084 3142 mensis
1112 3093 1316 3157 augusti,
1349 3092 1435 3140 fuit
1462 3091 1801 3139 consistorium
1830 3095 2068 3139 secretum

296 3175 345 3222 in
372 3191 466 3238 quo
501 3179 666 3223 Rmus.
698 3177 954 3225 cardinalis
981 3177 1040 3224 de
1062 3177 1238 3240 Borgia
1258 3175 1600 3240 pronunciatus
1623 3180 1669 3222 et
1689 3174 1958 3238 publicatus
1980 3174 2070 3221 fuit

296 3258 483 3321 legatus
506 3259 741 3309 (16131616
776 3260 918 3308 totius
948 3260 1324 3318 christianitatis,
1357 3263 1403 3306 et
1430 3262 1537 3322 post
1564 3257 1907 3306 consistorium
1933 3272 2068 3305 asso-

340 3384 372 3421 1.
402 3383 495 3431 Voy.
517 3386 607 3420 dans
631 3384 888 3432 Gregorovius,
910 3386 1061 3420 Lucrece
1076 3386 1219 3429 Borma,
1244 3389 1268 3420 t.
1294 3385 1321 3429 Ι,
1338 3396 1431 3432 page
1446 3384 1529 3428 218,
1548 3383 1579 3419 le
1601 3383 1761 3432 brefque
1783 3383 1814 3420 le
1837 3384 1935 3431 Pape
1956 3382 2064 3419 remit

292 3445 312 3478 a
334 3453 374 3477 sa
392 3441 463 3478 fille
481 3454 571 3490 pour
592 3443 642 3479 les
663 3443 802 3491 prieurs
817 3444 861 3479 (16
883 3443 1043 3492 Spolete.
