2202 3926
159 355 243 397 [Mai
264 355 360 395 1494]
600 352 770 390 RERUM
803 351 1108 389 URBANARUM
1140 350 1490 387 COMMENTARH.
1873 353 1941 389 153

161 473 269 506 rum
291 456 510 505 colorum
524 454 854 520 pulcherrime
876 458 923 502 et
941 452 1170 502 nonnulle
1189 452 1281 500 alie
1298 451 1356 501 de
1377 451 1554 500 velluto
1577 457 1624 501 et
1639 457 1736 500 tres
1753 454 1938 503 collane

161 556 304 590 auree
334 555 444 589 cum
467 539 666 588 diversis
689 539 895 603 gemmis
923 543 970 588 et
992 538 1157 603 perlis,
1182 537 1397 591 monilia,
1421 536 1559 585 multi
1585 536 1750 585 annuli
1778 541 1825 585 et
1851 537 1945 585 alia

161 623 440 688 hujusmodi
463 628 748 671 ornamenta
767 622 1023 671 muliebria
1043 621 1235 681 valoris,
1260 625 1310 670 ut
1333 637 1361 669 a
1380 620 1803 669 circumstantibus
1822 621 1945 668 exis-

162 707 472 766 timabantur,
499 710 607 754 octo
640 705 843 754 millium
865 706 1151 755 ducatorum
1180 705 1255 754 vel
1276 705 1432 763 circa;
1458 720 1549 768 que
1568 704 1733 753 omnia
1753 704 1945 752 fuerunt

163 806 338 855 sponse
362 790 537 838 donata
556 805 645 853 pro
666 794 801 854 parte
824 792 930 838 Don
951 789 1151 838 Joffredi
1172 788 1394 853 predicti.

227 874 442 923 Recessit
462 873 638 922 deinde
661 889 856 937 sponsa,
878 889 906 921 a
934 876 1038 922 Don
1060 873 1305 922 Friderico
1327 877 1374 921 et
1401 873 1500 920 suis
1522 872 1810 921 dominabus
1831 889 1943 922 cum

162 958 336 1021 quibus
356 962 553 1006 venerat
573 956 829 1016 associata,
855 960 902 1004 et
929 957 1070 1004 rediit
1098 956 1158 1003 ad
1182 955 1531 1004 habitationem
1560 972 1697 1004 suam
1725 972 1870 1018 quam
1896 957 1945 1005 in

162 1044 291 1091 dicto
314 1044 478 1090 Castro
499 1027 724 1087 habebat.
750 1042 959 1103 Legatus
982 1039 1128 1087 etiam
1157 1039 1381 1087 adstatim
1408 1043 1518 1102 post
1545 1055 1654 1088 eam
1675 1040 1893 1099 recessit,
1920 1056 1948 1088 a

165 1142 281 1190 rege
314 1138 467 1187 usque
501 1123 562 1171 ad
594 1123 793 1186 planum
825 1122 978 1171 Castri
1014 1122 1075 1171 ad
1107 1122 1287 1170 mulam
1321 1138 1458 1170 suam
1491 1123 1758 1172 associatus
1777 1139 1788 1182 ;
1810 1127 1858 1171 et
1888 1124 1946 1171 ad

162 1209 395 1274 palatium
417 1208 692 1274 episcopale
717 1207 1027 1255 habitationis
1050 1222 1134 1254 sue
1158 1206 1403 1269 equitavit.
1428 1207 1755 1256 Interfuerunt
1782 1211 1947 1255 autem

163 1293 412 1357 premissis
433 1292 604 1356 prelati
626 1292 818 1340 circiter
833 1291 1004 1339 decem
1026 1294 1074 1338 et
1094 1290 1302 1338 barones
1323 1289 1516 1338 circiter
1534 1291 1703 1353 viginti
1734 1290 1948 1354 quinque

165 1380 211 1424 et
239 1375 319 1423 alii
351 1375 492 1440 pauci
521 1378 755 1434 oratores,
780 1373 977 1439 prelatis
1005 1373 1232 1437 demptis,
1258 1372 1336 1436 qui
1363 1372 1413 1419 in
1443 1388 1540 1420 uno
1575 1388 1772 1421 scamno
1807 1372 1948 1421 sede-

166 1460 297 1518 bant,
325 1464 526 1507 stantes.

229 1542 411 1591 Eadem
449 1542 547 1601 die,
583 1541 803 1589 intimata
835 1540 925 1589 fuit
962 1539 1162 1603 singulis
1202 1539 1583 1603 archiepiscopis
1622 1544 1670 1587 et
1709 1539 1949 1603 episcopis

165 1627 212 1674 in
247 1626 437 1675 civitate
485 1625 804 1689 Neapolitana
842 1623 1160 1673 existentibus
1206 1623 1309 1672 dies
1348 1623 1678 1672 coronationis
1717 1624 1869 1687 regiS,
1904 1629 1951 1672 et

168 1710 297 1774 quod
313 1710 362 1758 in
385 1726 442 1759 ea
462 1709 632 1759 facturi
649 1714 830 1769 essent,
852 1724 941 1772 per
961 1707 1245 1757 schedulam
1263 1708 1560 1756 continentie
1586 1708 1764 1756 tenoris
1787 1708 1953 1756 subse-

169 1794 362 1857 quentis
387 1811 397 1842 :

238 1898 261 1921 «
293 1877 549 1925 Intimetur
568 1877 793 1925 omnibus
818 1880 865 1924 et
893 1876 1093 1939 singulis
1122 1875 1499 1939 archiepiscopis
1527 1880 1574 1924 et
1602 1876 1842 1940 episcopis
1871 1877 1950 1924 hic

169 1964 216 2010 in
240 1962 430 2010 civitate
453 1960 769 2024 Neapolitana
789 1959 1105 2008 existentibus
1127 1959 1257 2021 quod
1275 1958 1487 2006 crastina
1501 1959 1595 2018 die,
1618 1962 1786 2007 octava
1805 1958 1949 2022 hujus

168 2046 350 2095 mensis
392 2044 524 2103 maii,
561 2059 654 2107 qua
687 2043 778 2091 erit
813 2043 988 2090 festum
1022 2041 1320 2090 ascensionis
1367 2041 1616 2090 salvatoris
1647 2042 1798 2089 nostri
1832 2045 1947 2090 Jesu

168 2129 360 2188 Christi,
386 2127 726 2176 serenissimus
747 2126 1023 2189 Alphonsus
1045 2126 1104 2174 de
1125 2125 1369 2189 Aragonia
1394 2125 1634 2173 secundus
1657 2124 1818 2174 Sicilie
1840 2141 1943 2185 rex,

167 2214 217 2261 in
238 2211 444 2261 ecclesia
469 2209 785 2274 Neapolitana
813 2224 900 2273 per
927 2212 1118 2256 Rmum.
1146 2211 1202 2256 D.
1225 2208 1440 2272 legatum
1465 2208 1785 2272 apostolicum
1809 2223 1951 2257 coro-

166 2296 374 2355 nabitur,
394 2298 656 2359 propterea
674 2293 822 2341 velint
843 2307 950 2340 esse
972 2292 1093 2340 hora
1119 2291 1246 2340 inter
1263 2307 1313 2339 xr
1333 2296 1379 2340 et
1400 2307 1468 2338 xu
1489 2291 1538 2338 in
1559 2291 1736 2355 palatio
1759 2291 1951 2339 archie-

168 2379 403 2445 piscopali
424 2377 733 2441 neapolitano
754 2376 1015 2424 residentie
1038 2375 1259 2439 ejusdem
1281 2374 1406 2422 Rmi.
1430 2376 1486 2422 D.
1510 2374 1681 2437 legati3
1706 2374 1817 2422 inde
1840 2390 1950 2422 cum

170 2463 342 2512 eodem
363 2460 424 2509 ad
450 2460 709 2509 ecclesiam
729 2459 998 2523 predictam
1025 2458 1139 2506 ituri
1161 2463 1208 2507 et
1238 2457 1420 2506 ibidem
1446 2462 1730 2521 paramenta
1754 2457 1951 2521 pontifl-

169 2546 307 2605 calia,
331 2560 426 2609 que
448 2544 539 2593 sibi
559 2544 816 2608 disponant
842 2547 890 2591 et
912 2543 1002 2591 sibi
1023 2542 1183 2590 afferri
1205 2541 1400 2601 faciant,
1433 2541 1482 2589 in
1514 2541 1636 2589 locis
1667 2541 1763 2589 sive
1792 2556 1950 2589 scam-

170 2631 245 2677 nis
274 2644 362 2693 pro
393 2629 462 2677 eis
492 2627 670 2691 paratis
696 2626 959 2690 recepturi,
991 2626 1214 2674 videlicet
1251 2625 1501 2685 amictum,
1536 2624 1947 2689 superpellicium,

171 2711 362 2770 stolam,
386 2710 589 2773 pluviale
617 2710 779 2758 album
806 2709 880 2757 vel
909 2708 1129 2768 rubeum,
1155 2708 1424 2772 preciosius
1453 2708 1583 2771 quod
1607 2708 1789 2756 habere
1819 2711 1953 2770 pote-

172 2798 299 2852 runt,
320 2798 368 2842 et
382 2793 574 2841 mitram
590 2792 749 2841 albam
765 2793 1054 2857 simplicem,
1073 2796 1120 2840 et
1136 2790 1438 2840 coronationi
1454 2790 1669 2854 predicte
1685 2788 1948 2845 interesse;

172 2886 221 2928 et
253 2878 383 2942 quod
418 2875 619 2941 quilibet
647 2877 825 2926 habeat
864 2893 1006 2925 suum
1052 2870 1330 2941 pontificale
1368 2878 1416 2922 et
1455 2875 1615 2922 unum‘
1646 2872 1951 2936 capellanum

173 2959 512 3024 superpellicio
542 2959 766 3009 indutum
796 2977 907 3010 cum
938 2960 1130 3009 tobalea
1156 2959 1361 3024 pulchra
1389 2958 1572 3007 sericea
1599 2958 1730 3006 circa
1752 2956 1948 3015 collum,

174 3043 255 3106 qui
273 3043 363 3091 sibi
385 3043 444 3091 de
462 3043 727 3107 pontificali
750 3050 798 3094 et
818 3045 962 3094 mitra
982 3044 1173 3092 serviat.
1217 3063 1240 3087 »

239 3125 418 3174 Eadem
442 3126 520 3175 die
548 3133 800 3193 apportata
825 3129 945 3176 mihi
976 3129 1189 3187 fuerunt,
1222 3126 1506 3176 mantellum
1534 3142 1593 3173 ex
1625 3124 1953 3173 ciambellotto

177 3210 235 3257 de
268 3224 417 3272 grana
442 3210 593 3258 rubea
627 3226 738 3259 cum
771 3227 858 3259 suo
892 3211 1120 3276 capuccio
1152 3210 1352 3258 zendalo
1381 3209 1439 3257 de
1474 3223 1624 3271 grana
1658 3206 1868 3264 suffulto,
1904 3210 1949 3252 et

178 3292 349 3356 diplois
371 3308 430 3339 ex
451 3293 671 3341 setonino
690 3295 924 3355 violaceo,
954 3295 1056 3342 sine
1085 3294 1216 3342 omni
1239 3308 1349 3341 mea
1373 3293 1610 3355 impensa,
1636 3294 1741 3337 suta
1767 3294 1814 3336 et
1842 3304 1953 3351 per-

177 3376 302 3424 fecta
335 3389 392 3423 ex
422 3375 763 3425 commissione
798 3377 944 3441 regis,
977 3383 1028 3426 ut
1062 3393 1207 3440 supra
1245 3374 1467 3423 annotavi
1500 3374 1626 3421 inter
1663 3372 1877 3420 ordinata
1907 3376 1951 3417 et

178 3459 371 3506 donata.
