<?xml version="1.0" encoding="UTF-8"?>
<!DOCTYPE html PUBLIC "-//W3C//DTD XHTML 1.0 Transitional//EN"
    "http://www.w3.org/TR/xhtml1/DTD/xhtml1-transitional.dtd">
<html xmlns="http://www.w3.org/1999/xhtml" xml:lang="en" lang="en">
 <head>
  <title>
</title>
<meta http-equiv="Content-Type" content="text/html;charset=utf-8" />
  <meta name='ocr-system' content='tesseract 3.04.00' />
  <meta name='ocr-capabilities' content='ocr_page ocr_carea ocr_par ocr_line ocrx_word'/>
</head>
<body>
  <div class='ocr_page' id='page_1' title='image "./diariumsivererum02burcuoft_0475.png"; bbox 0 0 2216 3886; ppageno 0'>
   <div class='ocr_carea' id='block_1_1' title="bbox 196 309 1974 356">
    <p class='ocr_par' dir='ltr' id='par_1_1' title="bbox 196 309 1974 356">
     <span class='ocr_line' id='line_1_1' title="bbox 196 309 1974 356; baseline 0.003 -11"><span class='ocrx_word' id='word_1_1' title='bbox 196 313 283 356; x_wconf 82' lang='lat' dir='ltr'>[Mai</span> <span class='ocrx_word' id='word_1_2' title='bbox 306 314 399 352; x_wconf 69' lang='lat'>1498]</span> <span class='ocrx_word' id='word_1_3' title='bbox 641 310 810 347; x_wconf 81' lang='lat' dir='ltr'>RERUM</span> <span class='ocrx_word' id='word_1_4' title='bbox 844 309 1145 348; x_wconf 74' lang='lat' dir='ltr'>URBANARUM</span> <span class='ocrx_word' id='word_1_5' title='bbox 1172 310 1522 348; x_wconf 82' lang='lat' dir='ltr'>COMMENTARII.</span> <span class='ocrx_word' id='word_1_6' title='bbox 1904 315 1974 350; x_wconf 79' lang='lat'>463</span> 
     </span>
    </p>
   </div>
   <div class='ocr_carea' id='block_1_2' title="bbox 197 412 2014 3323">
    <p class='ocr_par' dir='ltr' id='par_1_2' title="bbox 197 412 2014 3323">
     <span class='ocr_line' id='line_1_2' title="bbox 269 412 1970 476; baseline 0.002 -17"><span class='ocrx_word' id='word_1_7' title='bbox 269 436 291 459; x_wconf 90' lang='lat'>«</span> <span class='ocrx_word' id='word_1_8' title='bbox 320 413 491 463; x_wconf 91' lang='lat' dir='ltr'>Dilecti</span> <span class='ocrx_word' id='word_1_9' title='bbox 512 412 597 471; x_wconf 86' lang='lat' dir='ltr'>fili,</span> <span class='ocrx_word' id='word_1_10' title='bbox 622 413 825 462; x_wconf 88' lang='lat' dir='ltr'>salutem</span> <span class='ocrx_word' id='word_1_11' title='bbox 845 415 893 461; x_wconf 94' lang='lat' dir='ltr'>et</span> <span class='ocrx_word' id='word_1_12' title='bbox 912 413 1229 476; x_wconf 88' lang='lat' dir='ltr'>apostolicam</span> <span class='ocrx_word' id='word_1_13' title='bbox 1251 413 1658 462; x_wconf 79' lang='lat' dir='ltr'>benedictionem.</span> <span class='ocrx_word' id='word_1_14' title='bbox 1685 413 1806 469; x_wconf 83' lang='lat' dir='ltr'>Quia</span> <span class='ocrx_word' id='word_1_15' title='bbox 1826 414 1970 462; x_wconf 87' lang='lat' dir='ltr'>divini</span> 
     </span>
     <span class='ocr_line' id='line_1_3' title="bbox 202 495 1969 557; baseline -0.001 -10"><span class='ocrx_word' id='word_1_16' title='bbox 202 498 389 547; x_wconf 92' lang='lat' dir='ltr'>consilii</span> <span class='ocrx_word' id='word_1_17' title='bbox 428 497 749 546; x_wconf 89' lang='lat' dir='ltr'>inscrutabilis</span> <span class='ocrx_word' id='word_1_18' title='bbox 781 495 981 544; x_wconf 80' lang='lat' dir='ltr'>altitudo</span> <span class='ocrx_word' id='word_1_19' title='bbox 1022 496 1276 545; x_wconf 91' lang='lat' dir='ltr'>universali</span> <span class='ocrx_word' id='word_1_20' title='bbox 1315 495 1692 544; x_wconf 87' lang='lat' dir='ltr'>administrande</span> <span class='ocrx_word' id='word_1_21' title='bbox 1736 497 1969 557; x_wconf 84' lang='lat' dir='ltr'>Ecclesie,</span> 
     </span>
     <span class='ocr_line' id='line_1_4' title="bbox 203 579 1974 645; baseline -0.001 -15"><span class='ocrx_word' id='word_1_22' title='bbox 203 598 289 632; x_wconf 90' lang='lat' dir='ltr'>nos</span> <span class='ocrx_word' id='word_1_23' title='bbox 313 581 439 631; x_wconf 90' lang='lat' dir='ltr'>Petri</span> <span class='ocrx_word' id='word_1_24' title='bbox 461 595 770 630; x_wconf 84' lang='lat' dir='ltr'>successores</span> <span class='ocrx_word' id='word_1_25' title='bbox 788 579 902 629; x_wconf 90' lang='lat' dir='ltr'>licet</span> <span class='ocrx_word' id='word_1_26' title='bbox 921 579 1216 629; x_wconf 91' lang='lat' dir='ltr'>immeritum</span> <span class='ocrx_word' id='word_1_27' title='bbox 1237 580 1330 629; x_wconf 88' lang='lat' dir='ltr'>hoc</span> <span class='ocrx_word' id='word_1_28' title='bbox 1352 585 1570 645; x_wconf 89' lang='lat' dir='ltr'>tempore</span> <span class='ocrx_word' id='word_1_29' title='bbox 1592 596 1787 645; x_wconf 80' lang='lat' dir='ltr'>preesse</span> <span class='ocrx_word' id='word_1_30' title='bbox 1810 580 1974 645; x_wconf 90' lang='lat' dir='ltr'>dispo-</span> 
     </span>
     <span class='ocr_line' id='line_1_5' title="bbox 203 663 1973 729; baseline 0.001 -16"><span class='ocrx_word' id='word_1_31' title='bbox 203 665 312 725; x_wconf 91' lang='lat' dir='ltr'>suit,</span> <span class='ocrx_word' id='word_1_32' title='bbox 341 665 461 729; x_wconf 87' lang='lat' dir='ltr'>jugi,</span> <span class='ocrx_word' id='word_1_33' title='bbox 487 670 719 728; x_wconf 88' lang='lat' dir='ltr'>quantum</span> <span class='ocrx_word' id='word_1_34' title='bbox 750 663 890 713; x_wconf 92' lang='lat' dir='ltr'>nobis</span> <span class='ocrx_word' id='word_1_35' title='bbox 927 663 1087 713; x_wconf 90' lang='lat' dir='ltr'>divino</span> <span class='ocrx_word' id='word_1_36' title='bbox 1123 665 1321 714; x_wconf 90' lang='lat' dir='ltr'>numine</span> <span class='ocrx_word' id='word_1_37' title='bbox 1354 665 1511 726; x_wconf 90' lang='lat' dir='ltr'>datur,</span> <span class='ocrx_word' id='word_1_38' title='bbox 1548 665 1794 729; x_wconf 84' lang='lat' dir='ltr'>diligentie</span> <span class='ocrx_word' id='word_1_39' title='bbox 1815 665 1973 714; x_wconf 92' lang='lat' dir='ltr'>studio</span> 
     </span>
     <span class='ocr_line' id='line_1_6' title="bbox 201 747 1975 813; baseline 0 -17"><span class='ocrx_word' id='word_1_40' title='bbox 201 747 514 813; x_wconf 80' lang='lat' dir='ltr'>procurandis</span> <span class='ocrx_word' id='word_1_41' title='bbox 532 748 590 796; x_wconf 91' lang='lat' dir='ltr'>iis</span> <span class='ocrx_word' id='word_1_42' title='bbox 612 748 756 796; x_wconf 91' lang='lat' dir='ltr'>rebus</span> <span class='ocrx_word' id='word_1_43' title='bbox 773 747 1086 808; x_wconf 87' lang='lat' dir='ltr'>intendimus,</span> <span class='ocrx_word' id='word_1_44' title='bbox 1105 748 1277 812; x_wconf 93' lang='lat' dir='ltr'>quibus</span> <span class='ocrx_word' id='word_1_45' title='bbox 1296 749 1483 813; x_wconf 90' lang='lat' dir='ltr'>religio,</span> <span class='ocrx_word' id='word_1_46' title='bbox 1503 749 1631 797; x_wconf 91' lang='lat' dir='ltr'>salus</span> <span class='ocrx_word' id='word_1_47' title='bbox 1650 754 1696 798; x_wconf 90' lang='lat' dir='ltr'>et</span> <span class='ocrx_word' id='word_1_48' title='bbox 1714 765 1807 813; x_wconf 90' lang='lat' dir='ltr'>pax</span> <span class='ocrx_word' id='word_1_49' title='bbox 1827 748 1975 797; x_wconf 88' lang='lat' dir='ltr'>chris-</span> 
     </span>
     <span class='ocr_line' id='line_1_7' title="bbox 203 831 1975 896; baseline 0.001 -17"><span class='ocrx_word' id='word_1_50' title='bbox 203 832 330 880; x_wconf 92' lang='lat' dir='ltr'>tiano</span> <span class='ocrx_word' id='word_1_51' title='bbox 349 831 528 896; x_wconf 92' lang='lat' dir='ltr'>populo</span> <span class='ocrx_word' id='word_1_52' title='bbox 556 836 883 891; x_wconf 89' lang='lat' dir='ltr'>conservetur,</span> <span class='ocrx_word' id='word_1_53' title='bbox 919 831 1088 879; x_wconf 80' lang='lat' dir='ltr'>floreat</span> <span class='ocrx_word' id='word_1_54' title='bbox 1116 839 1164 880; x_wconf 91' lang='lat' dir='ltr'>et</span> <span class='ocrx_word' id='word_1_55' title='bbox 1187 832 1535 896; x_wconf 85' lang='lat' dir='ltr'>amplificetur;</span> <span class='ocrx_word' id='word_1_56' title='bbox 1560 833 1841 896; x_wconf 89' lang='lat' dir='ltr'>dogmatum</span> <span class='ocrx_word' id='word_1_57' title='bbox 1863 848 1975 882; x_wconf 88' lang='lat' dir='ltr'>vero</span> 
     </span>
     <span class='ocr_line' id='line_1_8' title="bbox 203 914 1977 979; baseline 0.001 -16"><span class='ocrx_word' id='word_1_58' title='bbox 203 915 387 964; x_wconf 90' lang='lat' dir='ltr'>novitas</span> <span class='ocrx_word' id='word_1_59' title='bbox 417 915 528 964; x_wconf 88' lang='lat' dir='ltr'>ficte</span> <span class='ocrx_word' id='word_1_60' title='bbox 557 914 876 978; x_wconf 81' lang='lat' dir='ltr'>simplicitatis</span> <span class='ocrx_word' id='word_1_61' title='bbox 900 915 1183 963; x_wconf 88' lang='lat' dir='ltr'>adumbrata</span> <span class='ocrx_word' id='word_1_62' title='bbox 1203 915 1455 975; x_wconf 91' lang='lat' dir='ltr'>velamine,</span> <span class='ocrx_word' id='word_1_63' title='bbox 1481 915 1592 978; x_wconf 87' lang='lat' dir='ltr'>quia</span> <span class='ocrx_word' id='word_1_64' title='bbox 1612 915 1659 962; x_wconf 90' lang='lat' dir='ltr'>in</span> <span class='ocrx_word' id='word_1_65' title='bbox 1680 916 1860 979; x_wconf 93' lang='lat' dir='ltr'>populo</span> <span class='ocrx_word' id='word_1_66' title='bbox 1881 917 1977 964; x_wconf 84' lang='lat' dir='ltr'>fre-</span> 
     </span>
     <span class='ocr_line' id='line_1_9' title="bbox 203 996 2014 1062; baseline 0 -16"><span class='ocrx_word' id='word_1_67' title='bbox 203 1003 406 1062; x_wconf 90' lang='lat' dir='ltr'>quenter</span> <span class='ocrx_word' id='word_1_68' title='bbox 428 1002 477 1046; x_wconf 92' lang='lat' dir='ltr'>et</span> <span class='ocrx_word' id='word_1_69' title='bbox 496 998 627 1046; x_wconf 93' lang='lat' dir='ltr'>clero</span> <span class='ocrx_word' id='word_1_70' title='bbox 649 996 928 1057; x_wconf 82' lang='lat' dir='ltr'>schismata,</span> <span class='ocrx_word' id='word_1_71' title='bbox 952 997 1152 1046; x_wconf 87' lang='lat' dir='ltr'>hereses</span> <span class='ocrx_word' id='word_1_72' title='bbox 1180 1002 1228 1047; x_wconf 89' lang='lat' dir='ltr'>et</span> <span class='ocrx_word' id='word_1_73' title='bbox 1251 1014 1443 1046; x_wconf 90' lang='lat' dir='ltr'>morum</span> <span class='ocrx_word' id='word_1_74' title='bbox 1471 998 1717 1047; x_wconf 88' lang='lat' dir='ltr'>subversio</span> <span class='ocrx_word' id='word_1_75' title='bbox 1739 998 1973 1059; x_wconf 91' lang='lat' dir='ltr'>oriuntur,</span> <span class='ocrx_word' id='word_1_76' title='bbox 2011 1028 2014 1033; x_wconf 92' lang='lat'><em>-</em></span> 
     </span>
     <span class='ocr_line' id='line_1_10' title="bbox 202 1080 1978 1146; baseline -0.001 -15"><span class='ocrx_word' id='word_1_77' title='bbox 202 1082 262 1131; x_wconf 92' lang='lat' dir='ltr'>de</span> <span class='ocrx_word' id='word_1_78' title='bbox 286 1081 503 1130; x_wconf 80' lang='lat' dir='ltr'>Ecclesia</span> <span class='ocrx_word' id='word_1_79' title='bbox 520 1080 741 1145; x_wconf 84' lang='lat' dir='ltr'>pellatur,</span> <span class='ocrx_word' id='word_1_80' title='bbox 765 1096 826 1128; x_wconf 91' lang='lat' dir='ltr'>ne</span> <span class='ocrx_word' id='word_1_81' title='bbox 857 1080 1075 1144; x_wconf 91' lang='lat' dir='ltr'>quietum</span> <span class='ocrx_word' id='word_1_82' title='bbox 1105 1082 1320 1146; x_wconf 89' lang='lat' dir='ltr'>corporis</span> <span class='ocrx_word' id='word_1_83' title='bbox 1351 1086 1530 1130; x_wconf 89' lang='lat' dir='ltr'>statum</span> <span class='ocrx_word' id='word_1_84' title='bbox 1557 1081 1772 1131; x_wconf 89' lang='lat' dir='ltr'>Ecclesie</span> <span class='ocrx_word' id='word_1_85' title='bbox 1801 1082 1978 1131; x_wconf 90' lang='lat' dir='ltr'>sollici-</span> 
     </span>
     <span class='ocr_line' id='line_1_11' title="bbox 203 1163 1977 1230; baseline -0.001 -16"><span class='ocrx_word' id='word_1_86' title='bbox 203 1170 302 1214; x_wconf 91' lang='lat' dir='ltr'>tare</span> <span class='ocrx_word' id='word_1_87' title='bbox 335 1165 384 1213; x_wconf 92' lang='lat' dir='ltr'>in</span> <span class='ocrx_word' id='word_1_88' title='bbox 416 1163 662 1229; x_wconf 87' lang='lat' dir='ltr'>presentia</span> <span class='ocrx_word' id='word_1_89' title='bbox 692 1163 859 1228; x_wconf 90' lang='lat' dir='ltr'>possit,</span> <span class='ocrx_word' id='word_1_90' title='bbox 889 1179 1048 1228; x_wconf 91' lang='lat' dir='ltr'>neque</span> <span class='ocrx_word' id='word_1_91' title='bbox 1080 1165 1255 1214; x_wconf 85' lang='lat' dir='ltr'>ceteris</span> <span class='ocrx_word' id='word_1_92' title='bbox 1289 1166 1599 1230; x_wconf 90' lang='lat' dir='ltr'>delinquendi</span> <span class='ocrx_word' id='word_1_93' title='bbox 1633 1166 1854 1229; x_wconf 84' lang='lat' dir='ltr'>exemplo</span> <span class='ocrx_word' id='word_1_94' title='bbox 1888 1166 1977 1214; x_wconf 91' lang='lat' dir='ltr'>isto</span> 
     </span>
     <span class='ocr_line' id='line_1_12' title="bbox 202 1248 1980 1314; baseline -0.001 -16"><span class='ocrx_word' id='word_1_95' title='bbox 202 1249 330 1298; x_wconf 89' lang='lat' dir='ltr'>malo</span> <span class='ocrx_word' id='word_1_96' title='bbox 350 1252 564 1313; x_wconf 91' lang='lat' dir='ltr'>potestas</span> <span class='ocrx_word' id='word_1_97' title='bbox 584 1248 666 1296; x_wconf 84' lang='lat' dir='ltr'>fiat</span> <span class='ocrx_word' id='word_1_98' title='bbox 686 1248 734 1295; x_wconf 92' lang='lat' dir='ltr'>in</span> <span class='ocrx_word' id='word_1_99' title='bbox 752 1251 1016 1312; x_wconf 89' lang='lat' dir='ltr'>posterum.</span> <span class='ocrx_word' id='word_1_100' title='bbox 1043 1251 1167 1298; x_wconf 88' lang='lat' dir='ltr'>Sane</span> <span class='ocrx_word' id='word_1_101' title='bbox 1191 1250 1539 1314; x_wconf 77' lang='lat' dir='ltr'>Hieronymum</span> <span class='ocrx_word' id='word_1_102' title='bbox 1560 1249 1820 1312; x_wconf 90' lang='lat' dir='ltr'>quemdam</span> <span class='ocrx_word' id='word_1_103' title='bbox 1839 1253 1980 1299; x_wconf 83' lang='lat' dir='ltr'>Savo-</span> 
     </span>
     <span class='ocr_line' id='line_1_13' title="bbox 202 1331 1977 1397; baseline 0 -16"><span class='ocrx_word' id='word_1_104' title='bbox 202 1333 418 1381; x_wconf 90' lang='lat' dir='ltr'>narolam</span> <span class='ocrx_word' id='word_1_105' title='bbox 439 1333 498 1381; x_wconf 92' lang='lat' dir='ltr'>de</span> <span class='ocrx_word' id='word_1_106' title='bbox 519 1331 757 1390; x_wconf 86' lang='lat' dir='ltr'>Ferraria,</span> <span class='ocrx_word' id='word_1_107' title='bbox 776 1331 956 1379; x_wconf 89' lang='lat' dir='ltr'>ordinis</span> <span class='ocrx_word' id='word_1_108' title='bbox 976 1332 1336 1396; x_wconf 86' lang='lat' dir='ltr'>predicatorum</span> <span class='ocrx_word' id='word_1_109' title='bbox 1356 1333 1565 1382; x_wconf 90' lang='lat' dir='ltr'>novitate</span> <span class='ocrx_word' id='word_1_110' title='bbox 1586 1333 1718 1397; x_wconf 89' lang='lat' dir='ltr'>pravi</span> <span class='ocrx_word' id='word_1_111' title='bbox 1739 1333 1977 1397; x_wconf 87' lang='lat' dir='ltr'>dogmatis</span> 
     </span>
     <span class='ocr_line' id='line_1_14' title="bbox 201 1415 1978 1480; baseline -0.001 -15"><span class='ocrx_word' id='word_1_112' title='bbox 201 1417 494 1466; x_wconf 90' lang='lat' dir='ltr'>delectatum</span> <span class='ocrx_word' id='word_1_113' title='bbox 511 1415 789 1480; x_wconf 91' lang='lat' dir='ltr'>accepimus</span> <span class='ocrx_word' id='word_1_114' title='bbox 808 1415 921 1464; x_wconf 90' lang='lat' dir='ltr'>etin</span> <span class='ocrx_word' id='word_1_115' title='bbox 943 1431 1051 1464; x_wconf 90' lang='lat' dir='ltr'>eam</span> <span class='ocrx_word' id='word_1_116' title='bbox 1068 1417 1245 1466; x_wconf 90' lang='lat' dir='ltr'>mentis</span> <span class='ocrx_word' id='word_1_117' title='bbox 1263 1417 1502 1466; x_wconf 90' lang='lat' dir='ltr'>insaniam</span> <span class='ocrx_word' id='word_1_118' title='bbox 1520 1417 1795 1465; x_wconf 89' lang='lat' dir='ltr'>Italicarum</span> <span class='ocrx_word' id='word_1_119' title='bbox 1813 1433 1978 1466; x_wconf 88' lang='lat' dir='ltr'>rerum</span> 
     </span>
     <span class='ocr_line' id='line_1_15' title="bbox 201 1499 1977 1569; baseline 0 -21"><span class='ocrx_word' id='word_1_120' title='bbox 201 1499 577 1548; x_wconf 90' lang='lat' dir='ltr'>commutatione</span> <span class='ocrx_word' id='word_1_121' title='bbox 605 1499 886 1559; x_wconf 89' lang='lat' dir='ltr'>deductum,</span> <span class='ocrx_word' id='word_1_122' title='bbox 912 1505 963 1548; x_wconf 93' lang='lat' dir='ltr'>ut</span> <span class='ocrx_word' id='word_1_123' title='bbox 992 1516 1044 1549; x_wconf 91' lang='lat' dir='ltr'>se</span> <span class='ocrx_word' id='word_1_124' title='bbox 1074 1501 1276 1569; x_wconf 88' lang='lat' dir='ltr'>missum</span> <span class='ocrx_word' id='word_1_125' title='bbox 1308 1517 1338 1550; x_wconf 90' lang='lat' dir='ltr'>a</span> <span class='ocrx_word' id='word_1_126' title='bbox 1366 1504 1468 1550; x_wconf 91' lang='lat' dir='ltr'>Deo</span> <span class='ocrx_word' id='word_1_127' title='bbox 1499 1506 1548 1550; x_wconf 90' lang='lat' dir='ltr'>et</span> <span class='ocrx_word' id='word_1_128' title='bbox 1580 1517 1691 1550; x_wconf 93' lang='lat' dir='ltr'>cum</span> <span class='ocrx_word' id='word_1_129' title='bbox 1718 1503 1820 1549; x_wconf 92' lang='lat' dir='ltr'>Deo</span> <span class='ocrx_word' id='word_1_130' title='bbox 1846 1500 1977 1565; x_wconf 91' lang='lat' dir='ltr'>loqui</span> 
     </span>
     <span class='ocr_line' id='line_1_16' title="bbox 201 1583 1977 1650; baseline 0.001 -19"><span class='ocrx_word' id='word_1_131' title='bbox 201 1583 304 1633; x_wconf 89' lang='lat' dir='ltr'>sine</span> <span class='ocrx_word' id='word_1_132' title='bbox 322 1583 418 1631; x_wconf 89' lang='lat' dir='ltr'>ulla</span> <span class='ocrx_word' id='word_1_133' title='bbox 442 1583 677 1632; x_wconf 88' lang='lat' dir='ltr'>canonica</span> <span class='ocrx_word' id='word_1_134' title='bbox 694 1583 1002 1633; x_wconf 87' lang='lat' dir='ltr'>attestatione</span> <span class='ocrx_word' id='word_1_135' title='bbox 1022 1585 1230 1634; x_wconf 85' lang='lat' dir='ltr'>fateatur</span> <span class='ocrx_word' id='word_1_136' title='bbox 1257 1586 1305 1633; x_wconf 90' lang='lat' dir='ltr'>in</span> <span class='ocrx_word' id='word_1_137' title='bbox 1326 1585 1504 1650; x_wconf 91' lang='lat' dir='ltr'>populo</span> <span class='ocrx_word' id='word_1_138' title='bbox 1526 1589 1697 1633; x_wconf 91' lang='lat' dir='ltr'>contra</span> <span class='ocrx_word' id='word_1_139' title='bbox 1719 1585 1977 1634; x_wconf 88' lang='lat' dir='ltr'>canonicas</span> 
     </span>
     <span class='ocr_line' id='line_1_17' title="bbox 201 1665 1976 1734; baseline 0.001 -19"><span class='ocrx_word' id='word_1_140' title='bbox 201 1668 492 1717; x_wconf 85' lang='lat' dir='ltr'>sanctiones.</span> <span class='ocrx_word' id='word_1_141' title='bbox 515 1670 621 1717; x_wconf 90' lang='lat' dir='ltr'>Non</span> <span class='ocrx_word' id='word_1_142' title='bbox 649 1667 824 1716; x_wconf 87' lang='lat' dir='ltr'>sufficit</span> <span class='ocrx_word' id='word_1_143' title='bbox 852 1669 1078 1732; x_wconf 89' lang='lat' dir='ltr'>cuiquam</span> <span class='ocrx_word' id='word_1_144' title='bbox 1106 1670 1231 1719; x_wconf 91' lang='lat' dir='ltr'>nude</span> <span class='ocrx_word' id='word_1_145' title='bbox 1262 1675 1446 1719; x_wconf 81' lang='lat' dir='ltr'>tanturn</span> <span class='ocrx_word' id='word_1_146' title='bbox 1476 1685 1693 1719; x_wconf 87' lang='lat' dir='ltr'>asserere</span> <span class='ocrx_word' id='word_1_147' title='bbox 1722 1665 1853 1734; x_wconf 90' lang='lat' dir='ltr'>quod</span> <span class='ocrx_word' id='word_1_148' title='bbox 1873 1669 1976 1734; x_wconf 91' lang='lat' dir='ltr'>ipse</span> 
     </span>
     <span class='ocr_line' id='line_1_18' title="bbox 202 1750 1978 1819; baseline 0.003 -21"><span class='ocrx_word' id='word_1_149' title='bbox 202 1751 262 1799; x_wconf 92' lang='lat' dir='ltr'>sit</span> <span class='ocrx_word' id='word_1_150' title='bbox 287 1750 462 1799; x_wconf 91' lang='lat' dir='ltr'>missus</span> <span class='ocrx_word' id='word_1_151' title='bbox 482 1767 510 1798; x_wconf 92' lang='lat' dir='ltr'>a</span> <span class='ocrx_word' id='word_1_152' title='bbox 531 1753 650 1811; x_wconf 89' lang='lat' dir='ltr'>Deo,</span> <span class='ocrx_word' id='word_1_153' title='bbox 675 1767 786 1799; x_wconf 93' lang='lat' dir='ltr'>cum</span> <span class='ocrx_word' id='word_1_154' title='bbox 815 1751 911 1800; x_wconf 92' lang='lat' dir='ltr'>hoc</span> <span class='ocrx_word' id='word_1_155' title='bbox 941 1753 1139 1816; x_wconf 87' lang='lat' dir='ltr'>quilibet</span> <span class='ocrx_word' id='word_1_156' title='bbox 1167 1754 1413 1803; x_wconf 90' lang='lat' dir='ltr'>hereticus</span> <span class='ocrx_word' id='word_1_157' title='bbox 1443 1759 1644 1816; x_wconf 88' lang='lat' dir='ltr'>asserat,</span> <span class='ocrx_word' id='word_1_158' title='bbox 1671 1755 1757 1803; x_wconf 92' lang='lat' dir='ltr'>sed</span> <span class='ocrx_word' id='word_1_159' title='bbox 1786 1758 1978 1819; x_wconf 85' lang='lat' dir='ltr'>oportet</span> 
     </span>
     <span class='ocr_line' id='line_1_19' title="bbox 201 1833 1977 1902; baseline 0.001 -20"><span class='ocrx_word' id='word_1_160' title='bbox 201 1834 330 1898; x_wconf 90' lang='lat' dir='ltr'>quod</span> <span class='ocrx_word' id='word_1_161' title='bbox 348 1833 571 1882; x_wconf 89' lang='lat' dir='ltr'>ostendat</span> <span class='ocrx_word' id='word_1_162' title='bbox 587 1833 716 1881; x_wconf 90' lang='lat' dir='ltr'>illam</span> <span class='ocrx_word' id='word_1_163' title='bbox 736 1833 971 1882; x_wconf 89' lang='lat' dir='ltr'>visibilem</span> <span class='ocrx_word' id='word_1_164' title='bbox 995 1836 1279 1885; x_wconf 90' lang='lat' dir='ltr'>missionem</span> <span class='ocrx_word' id='word_1_165' title='bbox 1298 1854 1386 1901; x_wconf 89' lang='lat' dir='ltr'>per</span> <span class='ocrx_word' id='word_1_166' title='bbox 1406 1838 1740 1902; x_wconf 88' lang='lat' dir='ltr'>operationem</span> <span class='ocrx_word' id='word_1_167' title='bbox 1758 1836 1977 1886; x_wconf 90' lang='lat' dir='ltr'>miraculi</span> 
     </span>
     <span class='ocr_line' id='line_1_20' title="bbox 200 1917 1978 1985; baseline 0.002 -20"><span class='ocrx_word' id='word_1_168' title='bbox 200 1918 274 1967; x_wconf 89' lang='lat' dir='ltr'>vel</span> <span class='ocrx_word' id='word_1_169' title='bbox 295 1918 532 1982; x_wconf 90' lang='lat' dir='ltr'>scripture</span> <span class='ocrx_word' id='word_1_170' title='bbox 555 1917 886 1965; x_wconf 89' lang='lat' dir='ltr'>testimonium</span> <span class='ocrx_word' id='word_1_171' title='bbox 909 1919 1136 1982; x_wconf 91' lang='lat' dir='ltr'>speciale.</span> <span class='ocrx_word' id='word_1_172' title='bbox 1161 1921 1404 1970; x_wconf 89' lang='lat' dir='ltr'>Christum</span> <span class='ocrx_word' id='word_1_173' title='bbox 1430 1928 1653 1985; x_wconf 90' lang='lat' dir='ltr'>preterea</span> <span class='ocrx_word' id='word_1_174' title='bbox 1674 1924 1839 1970; x_wconf 90' lang='lat' dir='ltr'>Jesum</span> <span class='ocrx_word' id='word_1_175' title='bbox 1867 1936 1978 1969; x_wconf 90' lang='lat' dir='ltr'>cru-</span> 
     </span>
     <span class='ocr_line' id='line_1_21' title="bbox 201 2002 1975 2067; baseline 0.002 -17"><span class='ocrx_word' id='word_1_176' title='bbox 201 2002 396 2051; x_wconf 89' lang='lat' dir='ltr'>cifixum</span> <span class='ocrx_word' id='word_1_177' title='bbox 428 2007 475 2050; x_wconf 92' lang='lat' dir='ltr'>et</span> <span class='ocrx_word' id='word_1_178' title='bbox 507 2004 664 2050; x_wconf 90' lang='lat' dir='ltr'>Deum</span> <span class='ocrx_word' id='word_1_179' title='bbox 696 2002 907 2062; x_wconf 89' lang='lat' dir='ltr'>mentiri,</span> <span class='ocrx_word' id='word_1_180' title='bbox 933 2002 971 2050; x_wconf 91' lang='lat' dir='ltr'>si</span> <span class='ocrx_word' id='word_1_181' title='bbox 1002 2003 1105 2067; x_wconf 92' lang='lat' dir='ltr'>ipse</span> <span class='ocrx_word' id='word_1_182' title='bbox 1136 2004 1411 2064; x_wconf 90' lang='lat' dir='ltr'>mentiatur,</span> <span class='ocrx_word' id='word_1_183' title='bbox 1442 2005 1739 2054; x_wconf 91' lang='lat' dir='ltr'>horrendum</span> <span class='ocrx_word' id='word_1_184' title='bbox 1767 2009 1897 2054; x_wconf 89' lang='lat' dir='ltr'>certe</span> <span class='ocrx_word' id='word_1_185' title='bbox 1928 2009 1975 2054; x_wconf 89' lang='lat' dir='ltr'>et</span> 
     </span>
     <span class='ocr_line' id='line_1_22' title="bbox 202 2085 1974 2151; baseline 0 -16"><span class='ocrx_word' id='word_1_186' title='bbox 202 2085 472 2135; x_wconf 87' lang='lat' dir='ltr'>execrabile</span> <span class='ocrx_word' id='word_1_187' title='bbox 500 2085 816 2149; x_wconf 89' lang='lat' dir='ltr'>adjurationis</span> <span class='ocrx_word' id='word_1_188' title='bbox 842 2101 996 2150; x_wconf 90' lang='lat' dir='ltr'>genus</span> <span class='ocrx_word' id='word_1_189' title='bbox 1021 2103 1031 2135; x_wconf 79' lang='lat'>2</span> <span class='ocrx_word' id='word_1_190' title='bbox 1063 2094 1197 2137; x_wconf 87' lang='lat' dir='ltr'>extra</span> <span class='ocrx_word' id='word_1_191' title='bbox 1226 2088 1390 2137; x_wconf 90' lang='lat' dir='ltr'>salutis</span> <span class='ocrx_word' id='word_1_192' title='bbox 1415 2092 1590 2137; x_wconf 89' lang='lat' dir='ltr'>statum</span> <span class='ocrx_word' id='word_1_193' title='bbox 1621 2104 1732 2136; x_wconf 91' lang='lat' dir='ltr'>eum</span> <span class='ocrx_word' id='word_1_194' title='bbox 1760 2104 1867 2136; x_wconf 92' lang='lat' dir='ltr'>esse</span> <span class='ocrx_word' id='word_1_195' title='bbox 1895 2087 1974 2151; x_wconf 92' lang='lat' dir='ltr'>qui</span> 
     </span>
     <span class='ocr_line' id='line_1_23' title="bbox 199 2168 1975 2237; baseline 0.001 -19"><span class='ocrx_word' id='word_1_196' title='bbox 199 2169 331 2218; x_wconf 89' lang='lat' dir='ltr'>vanis</span> <span class='ocrx_word' id='word_1_197' title='bbox 357 2168 486 2217; x_wconf 89' lang='lat' dir='ltr'>illius</span> <span class='ocrx_word' id='word_1_198' title='bbox 514 2168 862 2216; x_wconf 91' lang='lat' dir='ltr'>assertionibus</span> <span class='ocrx_word' id='word_1_199' title='bbox 888 2186 987 2218; x_wconf 90' lang='lat' dir='ltr'>non</span> <span class='ocrx_word' id='word_1_200' title='bbox 1015 2172 1205 2233; x_wconf 89' lang='lat' dir='ltr'>credat;</span> <span class='ocrx_word' id='word_1_201' title='bbox 1233 2173 1326 2221; x_wconf 91' lang='lat' dir='ltr'>alia</span> <span class='ocrx_word' id='word_1_202' title='bbox 1356 2172 1584 2237; x_wconf 91' lang='lat' dir='ltr'>deinceps</span> <span class='ocrx_word' id='word_1_203' title='bbox 1606 2172 1738 2221; x_wconf 92' lang='lat' dir='ltr'>illum</span> <span class='ocrx_word' id='word_1_204' title='bbox 1764 2189 1862 2222; x_wconf 93' lang='lat' dir='ltr'>non</span> <span class='ocrx_word' id='word_1_205' title='bbox 1883 2171 1975 2220; x_wconf 93' lang='lat' dir='ltr'>mi-</span> 
     </span>
     <span class='ocr_line' id='line_1_24' title="bbox 198 2250 1971 2321; baseline 0.002 -21"><span class='ocrx_word' id='word_1_206' title='bbox 198 2269 288 2301; x_wconf 90' lang='lat' dir='ltr'>nus</span> <span class='ocrx_word' id='word_1_207' title='bbox 309 2252 474 2317; x_wconf 90' lang='lat' dir='ltr'>inepta</span> <span class='ocrx_word' id='word_1_208' title='bbox 495 2252 671 2312; x_wconf 86' lang='lat' dir='ltr'>facere,</span> <span class='ocrx_word' id='word_1_209' title='bbox 697 2250 859 2302; x_wconf 90' lang='lat' dir='ltr'>dicere</span> <span class='ocrx_word' id='word_1_210' title='bbox 880 2258 928 2302; x_wconf 91' lang='lat' dir='ltr'>et</span> <span class='ocrx_word' id='word_1_211' title='bbox 949 2255 1186 2314; x_wconf 88' lang='lat' dir='ltr'>scribere;</span> <span class='ocrx_word' id='word_1_212' title='bbox 1210 2272 1322 2320; x_wconf 89' lang='lat' dir='ltr'>que,</span> <span class='ocrx_word' id='word_1_213' title='bbox 1348 2257 1386 2304; x_wconf 92' lang='lat' dir='ltr'>si</span> <span class='ocrx_word' id='word_1_214' title='bbox 1402 2261 1739 2321; x_wconf 89' lang='lat' dir='ltr'>pretereantur</span> <span class='ocrx_word' id='word_1_215' title='bbox 1756 2256 1971 2320; x_wconf 83' lang='lat' dir='ltr'>impune,</span> 
     </span>
     <span class='ocr_line' id='line_1_25' title="bbox 197 2335 1974 2404; baseline 0.002 -20"><span class='ocrx_word' id='word_1_216' title='bbox 197 2336 316 2385; x_wconf 91' lang='lat' dir='ltr'>nihil</span> <span class='ocrx_word' id='word_1_217' title='bbox 342 2340 416 2386; x_wconf 88' lang='lat' dir='ltr'>est</span> <span class='ocrx_word' id='word_1_218' title='bbox 439 2335 569 2400; x_wconf 91' lang='lat' dir='ltr'>quod</span> <span class='ocrx_word' id='word_1_219' title='bbox 593 2351 692 2383; x_wconf 91' lang='lat' dir='ltr'>non</span> <span class='ocrx_word' id='word_1_220' title='bbox 717 2351 893 2386; x_wconf 90' lang='lat' dir='ltr'>ausura</span> <span class='ocrx_word' id='word_1_221' title='bbox 919 2338 1148 2388; x_wconf 88' lang='lat' dir='ltr'>falsorum</span> <span class='ocrx_word' id='word_1_222' title='bbox 1181 2340 1518 2404; x_wconf 88' lang='lat' dir='ltr'>religiosorum</span> <span class='ocrx_word' id='word_1_223' title='bbox 1546 2339 1790 2389; x_wconf 89' lang='lat' dir='ltr'>temeritas</span> <span class='ocrx_word' id='word_1_224' title='bbox 1813 2339 1896 2399; x_wconf 77' lang='lat' dir='ltr'>·sit;</span> <span class='ocrx_word' id='word_1_225' title='bbox 1928 2345 1974 2388; x_wconf 94' lang='lat' dir='ltr'>et</span> 
     </span>
     <span class='ocr_line' id='line_1_26' title="bbox 198 2419 1973 2487; baseline 0.003 -20"><span class='ocrx_word' id='word_1_226' title='bbox 198 2420 248 2467; x_wconf 93' lang='lat' dir='ltr'>in</span> <span class='ocrx_word' id='word_1_227' title='bbox 268 2436 443 2485; x_wconf 88' lang='lat' dir='ltr'>corpus</span> <span class='ocrx_word' id='word_1_228' title='bbox 470 2419 704 2479; x_wconf 91' lang='lat' dir='ltr'>Ecclesie,</span> <span class='ocrx_word' id='word_1_229' title='bbox 728 2422 858 2484; x_wconf 91' lang='lat' dir='ltr'>quod</span> <span class='ocrx_word' id='word_1_230' title='bbox 887 2423 1149 2472; x_wconf 89' lang='lat' dir='ltr'>verendum</span> <span class='ocrx_word' id='word_1_231' title='bbox 1180 2430 1269 2486; x_wconf 88' lang='lat' dir='ltr'>est,</span> <span class='ocrx_word' id='word_1_232' title='bbox 1293 2425 1406 2474; x_wconf 88' lang='lat' dir='ltr'>vitia</span> <span class='ocrx_word' id='word_1_233' title='bbox 1434 2425 1523 2473; x_wconf 91' lang='lat' dir='ltr'>sub</span> <span class='ocrx_word' id='word_1_234' title='bbox 1555 2424 1783 2473; x_wconf 87' lang='lat' dir='ltr'>virtutum</span> <span class='ocrx_word' id='word_1_235' title='bbox 1813 2423 1973 2487; x_wconf 90' lang='lat' dir='ltr'>specie</span> 
     </span>
     <span class='ocr_line' id='line_1_27' title="bbox 199 2502 1976 2574; baseline 0.002 -24"><span class='ocrx_word' id='word_1_236' title='bbox 199 2502 537 2552; x_wconf 89' lang='lat' dir='ltr'>subintrarent.</span> <span class='ocrx_word' id='word_1_237' title='bbox 569 2505 891 2570; x_wconf 89' lang='lat' dir='ltr'>Cogitavimus</span> <span class='ocrx_word' id='word_1_238' title='bbox 916 2506 1064 2572; x_wconf 88' lang='lat' dir='ltr'>longa</span> <span class='ocrx_word' id='word_1_239' title='bbox 1092 2509 1397 2557; x_wconf 91' lang='lat' dir='ltr'>cunctatione</span> <span class='ocrx_word' id='word_1_240' title='bbox 1427 2512 1475 2557; x_wconf 87' lang='lat' dir='ltr'>et</span> <span class='ocrx_word' id='word_1_241' title='bbox 1499 2507 1733 2572; x_wconf 90' lang='lat' dir='ltr'>patientia</span> <span class='ocrx_word' id='word_1_242' title='bbox 1752 2507 1976 2574; x_wconf 81' lang='lat' dir='ltr'>diuturna</span> 
     </span>
     <span class='ocr_line' id='line_1_28' title="bbox 199 2587 1972 2656; baseline 0.002 -22"><span class='ocrx_word' id='word_1_243' title='bbox 199 2591 362 2635; x_wconf 91' lang='lat' dir='ltr'>nostra</span> <span class='ocrx_word' id='word_1_244' title='bbox 393 2587 590 2637; x_wconf 87' lang='lat' dir='ltr'>efficere</span> <span class='ocrx_word' id='word_1_245' title='bbox 623 2592 675 2636; x_wconf 90' lang='lat' dir='ltr'>ut</span> <span class='ocrx_word' id='word_1_246' title='bbox 704 2589 885 2637; x_wconf 83' lang='lat' dir='ltr'>fatuam</span> <span class='ocrx_word' id='word_1_247' title='bbox 918 2589 1049 2639; x_wconf 92' lang='lat' dir='ltr'>illam</span> <span class='ocrx_word' id='word_1_248' title='bbox 1082 2607 1217 2640; x_wconf 91' lang='lat' dir='ltr'>suam</span> <span class='ocrx_word' id='word_1_249' title='bbox 1251 2592 1587 2656; x_wconf 91' lang='lat' dir='ltr'>propheticam</span> <span class='ocrx_word' id='word_1_250' title='bbox 1621 2591 1972 2655; x_wconf 85' lang='lat' dir='ltr'>professionem</span> 
     </span>
     <span class='ocr_line' id='line_1_29' title="bbox 199 2671 1973 2735; baseline 0.003 -17"><span class='ocrx_word' id='word_1_251' title='bbox 199 2675 587 2735; x_wconf 84' lang='lat' dir='ltr'>recognosceret,</span> <span class='ocrx_word' id='word_1_252' title='bbox 617 2671 678 2719; x_wconf 90' lang='lat' dir='ltr'>ad</span> <span class='ocrx_word' id='word_1_253' title='bbox 711 2672 862 2721; x_wconf 89' lang='lat' dir='ltr'>solide</span> <span class='ocrx_word' id='word_1_254' title='bbox 895 2674 1106 2723; x_wconf 88' lang='lat' dir='ltr'>veritatis</span> <span class='ocrx_word' id='word_1_255' title='bbox 1135 2676 1258 2723; x_wconf 83' lang='lat' dir='ltr'>viam</span> <span class='ocrx_word' id='word_1_256' title='bbox 1290 2675 1589 2735; x_wconf 81' lang='lat' dir='ltr'>deflecteret,</span> <span class='ocrx_word' id='word_1_257' title='bbox 1613 2675 1758 2724; x_wconf 90' lang='lat' dir='ltr'>verba</span> <span class='ocrx_word' id='word_1_258' title='bbox 1789 2679 1973 2723; x_wconf 85' lang='lat' dir='ltr'>temere</span> 
     </span>
     <span class='ocr_line' id='line_1_30' title="bbox 198 2754 1969 2820; baseline 0.002 -18"><span class='ocrx_word' id='word_1_259' title='bbox 198 2758 246 2802; x_wconf 92' lang='lat' dir='ltr'>et</span> <span class='ocrx_word' id='word_1_260' title='bbox 264 2754 425 2819; x_wconf 90' lang='lat' dir='ltr'>inique</span> <span class='ocrx_word' id='word_1_261' title='bbox 447 2755 497 2802; x_wconf 91' lang='lat' dir='ltr'>in</span> <span class='ocrx_word' id='word_1_262' title='bbox 520 2755 736 2804; x_wconf 90' lang='lat' dir='ltr'>Ecclesia</span> <span class='ocrx_word' id='word_1_263' title='bbox 751 2756 939 2820; x_wconf 87' lang='lat' dir='ltr'>prolata</span> <span class='ocrx_word' id='word_1_264' title='bbox 958 2757 1137 2808; x_wconf 90' lang='lat' dir='ltr'>ibidem</span> <span class='ocrx_word' id='word_1_265' title='bbox 1160 2759 1380 2808; x_wconf 86' lang='lat' dir='ltr'>consulte</span> <span class='ocrx_word' id='word_1_266' title='bbox 1401 2764 1448 2808; x_wconf 88' lang='lat' dir='ltr'>et</span> <span class='ocrx_word' id='word_1_267' title='bbox 1475 2759 1684 2812; x_wconf 82' lang='lat' dir='ltr'>fideliter</span> <span class='ocrx_word' id='word_1_268' title='bbox 1704 2762 1969 2808; x_wconf 86' lang='lat' dir='ltr'>revocaret.</span> 
     </span>
     <span class='ocr_line' id='line_1_31' title="bbox 198 2837 1972 2908; baseline 0.003 -23"><span class='ocrx_word' id='word_1_269' title='bbox 198 2837 521 2886; x_wconf 86' lang='lat' dir='ltr'>Credebamus</span> <span class='ocrx_word' id='word_1_270' title='bbox 541 2843 651 2903; x_wconf 90' lang='lat' dir='ltr'>post</span> <span class='ocrx_word' id='word_1_271' title='bbox 677 2839 871 2903; x_wconf 88' lang='lat' dir='ltr'>aliquod</span> <span class='ocrx_word' id='word_1_272' title='bbox 891 2846 1081 2907; x_wconf 91' lang='lat' dir='ltr'>tempus</span> <span class='ocrx_word' id='word_1_273' title='bbox 1101 2844 1204 2908; x_wconf 89' lang='lat' dir='ltr'>jam</span> <span class='ocrx_word' id='word_1_274' title='bbox 1231 2843 1484 2893; x_wconf 89' lang='lat' dir='ltr'>advenisse</span> <span class='ocrx_word' id='word_1_275' title='bbox 1511 2843 1639 2892; x_wconf 88' lang='lat' dir='ltr'>diem</span> <span class='ocrx_word' id='word_1_276' title='bbox 1661 2859 1757 2906; x_wconf 91' lang='lat' dir='ltr'>quo</span> <span class='ocrx_word' id='word_1_277' title='bbox 1784 2842 1843 2891; x_wconf 93' lang='lat' dir='ltr'>de</span> <span class='ocrx_word' id='word_1_278' title='bbox 1868 2842 1972 2907; x_wconf 95' lang='lat' dir='ltr'>ipso</span> 
     </span>
     <span class='ocr_line' id='line_1_32' title="bbox 197 2922 1975 2992; baseline 0.002 -22"><span class='ocrx_word' id='word_1_279' title='bbox 197 2922 396 2972; x_wconf 89' lang='lat' dir='ltr'>meliora</span> <span class='ocrx_word' id='word_1_280' title='bbox 417 2922 677 2988; x_wconf 90' lang='lat' dir='ltr'>concipere</span> <span class='ocrx_word' id='word_1_281' title='bbox 699 2924 1005 2988; x_wconf 82' lang='lat' dir='ltr'>deberemUS,</span> <span class='ocrx_word' id='word_1_282' title='bbox 1019 2944 1074 2976; x_wconf 91' lang='lat' dir='ltr'>ac</span> <span class='ocrx_word' id='word_1_283' title='bbox 1093 2927 1310 2976; x_wconf 92' lang='lat' dir='ltr'>dolorem</span> <span class='ocrx_word' id='word_1_284' title='bbox 1331 2943 1478 2992; x_wconf 92' lang='lat' dir='ltr'>quem</span> <span class='ocrx_word' id='word_1_285' title='bbox 1499 2941 1628 2975; x_wconf 90' lang='lat' dir='ltr'>nunc</span> <span class='ocrx_word' id='word_1_286' title='bbox 1649 2942 1802 2989; x_wconf 90' lang='lat' dir='ltr'>usque</span> <span class='ocrx_word' id='word_1_287' title='bbox 1827 2941 1886 2975; x_wconf 88' lang='lat' dir='ltr'>ex</span> <span class='ocrx_word' id='word_1_288' title='bbox 1909 2926 1975 2973; x_wconf 87' lang='lat' dir='ltr'>es-</span> 
     </span>
     <span class='ocr_line' id='line_1_33' title="bbox 198 3004 1975 3075; baseline 0.002 -23"><span class='ocrx_word' id='word_1_289' title='bbox 198 3004 323 3054; x_wconf 82' lang='lat' dir='ltr'>freni</span> <span class='ocrx_word' id='word_1_290' title='bbox 345 3006 618 3071; x_wconf 86' lang='lat' dir='ltr'>arrogantia</span> <span class='ocrx_word' id='word_1_291' title='bbox 634 3012 682 3056; x_wconf 88' lang='lat' dir='ltr'>et</span> <span class='ocrx_word' id='word_1_292' title='bbox 704 3009 989 3059; x_wconf 87' lang='lat' dir='ltr'>scandalosa</span> <span class='ocrx_word' id='word_1_293' title='bbox 1009 3011 1314 3074; x_wconf 88' lang='lat' dir='ltr'>separatione</span> <span class='ocrx_word' id='word_1_294' title='bbox 1333 3027 1361 3059; x_wconf 91' lang='lat' dir='ltr'>a</span> <span class='ocrx_word' id='word_1_295' title='bbox 1380 3010 1597 3075; x_wconf 89' lang='lat' dir='ltr'>patribus</span> <span class='ocrx_word' id='word_1_296' title='bbox 1625 3009 1723 3057; x_wconf 92' lang='lat' dir='ltr'>suis</span> <span class='ocrx_word' id='word_1_297' title='bbox 1745 3008 1975 3057; x_wconf 89' lang='lat' dir='ltr'>Lombar-</span> 
     </span>
     <span class='ocr_line' id='line_1_34' title="bbox 199 3086 1975 3156; baseline 0.003 -22"><span class='ocrx_word' id='word_1_298' title='bbox 199 3086 277 3135; x_wconf 91' lang='lat' dir='ltr'>die</span> <span class='ocrx_word' id='word_1_299' title='bbox 305 3089 523 3152; x_wconf 90' lang='lat' dir='ltr'>perpessi</span> <span class='ocrx_word' id='word_1_300' title='bbox 551 3089 815 3152; x_wconf 86' lang='lat' dir='ltr'>fueramus,</span> <span class='ocrx_word' id='word_1_301' title='bbox 838 3107 931 3155; x_wconf 92' lang='lat' dir='ltr'>que</span> <span class='ocrx_word' id='word_1_302' title='bbox 957 3092 1159 3142; x_wconf 89' lang='lat' dir='ltr'>subdola</span> <span class='ocrx_word' id='word_1_303' title='bbox 1176 3093 1453 3153; x_wconf 90' lang='lat' dir='ltr'>calliditate,</span> <span class='ocrx_word' id='word_1_304' title='bbox 1476 3093 1600 3141; x_wconf 88' lang='lat' dir='ltr'>sicut</span> <span class='ocrx_word' id='word_1_305' title='bbox 1618 3096 1725 3156; x_wconf 89' lang='lat' dir='ltr'>post</span> <span class='ocrx_word' id='word_1_306' title='bbox 1749 3093 1975 3156; x_wconf 90' lang='lat' dir='ltr'>cognovi-</span> 
     </span>
     <span class='ocr_line' id='line_1_35' title="bbox 200 3175 1972 3241; baseline 0.003 -23"><span class='ocrx_word' id='word_1_307' title='bbox 200 3186 325 3230; x_wconf 83' lang='lat' dir='ltr'>muS,</span> <span class='ocrx_word' id='word_1_308' title='bbox 341 3187 677 3234; x_wconf 89' lang='lat' dir='ltr'>perversorum</span> <span class='ocrx_word' id='word_1_309' title='bbox 692 3175 1010 3237; x_wconf 91' lang='lat' dir='ltr'>quorumdam</span> <span class='ocrx_word' id='word_1_310' title='bbox 1033 3176 1235 3225; x_wconf 77' lang='lat' dir='ltr'>fratrum</span> <span class='ocrx_word' id='word_1_311' title='bbox 1250 3177 1505 3241; x_wconf 89' lang='lat' dir='ltr'>impetrata</span> <span class='ocrx_word' id='word_1_312' title='bbox 1523 3180 1612 3235; x_wconf 88' lang='lat' dir='ltr'>est,</span> <span class='ocrx_word' id='word_1_313' title='bbox 1625 3190 1684 3223; x_wconf 83' lang='lat' dir='ltr'>ex</span> <span class='ocrx_word' id='word_1_314' title='bbox 1703 3192 1788 3223; x_wconf 90' lang='lat' dir='ltr'>sua</span> <span class='ocrx_word' id='word_1_315' title='bbox 1805 3175 1972 3224; x_wconf 90' lang='lat' dir='ltr'>humili</span> 
     </span>
     <span class='ocr_line' id='line_1_36' title="bbox 200 3255 1973 3323; baseline 0.001 -20"><span class='ocrx_word' id='word_1_316' title='bbox 200 3255 484 3304; x_wconf 89' lang='lat' dir='ltr'>adherentia</span> <span class='ocrx_word' id='word_1_317' title='bbox 512 3255 559 3303; x_wconf 89' lang='lat' dir='ltr'>in</span> <span class='ocrx_word' id='word_1_318' title='bbox 591 3255 794 3306; x_wconf 89' lang='lat' dir='ltr'>letitiam</span> <span class='ocrx_word' id='word_1_319' title='bbox 817 3264 1227 3309; x_wconf 89' lang='lat' dir='ltr'>commutaremus</span> <span class='ocrx_word' id='word_1_320' title='bbox 1251 3279 1259 3308; x_wconf 91' lang='lat'>:</span> <span class='ocrx_word' id='word_1_321' title='bbox 1285 3261 1371 3308; x_wconf 91' lang='lat' dir='ltr'>sed</span> <span class='ocrx_word' id='word_1_322' title='bbox 1397 3259 1526 3323; x_wconf 92' lang='lat' dir='ltr'>quod</span> <span class='ocrx_word' id='word_1_323' title='bbox 1556 3258 1777 3307; x_wconf 90' lang='lat' dir='ltr'>dolenter</span> <span class='ocrx_word' id='word_1_324' title='bbox 1806 3258 1973 3307; x_wconf 87' lang='lat' dir='ltr'>referi-</span> 
     </span>
    </p>
   </div>
   <div class='ocr_carea' id='block_1_3' title="bbox 194 3380 1973 3492">
    <p class='ocr_par' dir='ltr' id='par_1_3' title="bbox 194 3380 1973 3492">
     <span class='ocr_line' id='line_1_37' title="bbox 197 3380 1973 3433; baseline 0 -14"><span class='ocrx_word' id='word_1_325' title='bbox 197 3385 364 3419; x_wconf 88' lang='lat' dir='ltr'>trouvent</span> <span class='ocrx_word' id='word_1_326' title='bbox 383 3381 476 3418; x_wconf 85' lang='lat' dir='ltr'>dans</span> <span class='ocrx_word' id='word_1_327' title='bbox 497 3385 580 3418; x_wconf 90' lang='lat' dir='ltr'>tous</span> <span class='ocrx_word' id='word_1_328' title='bbox 605 3380 659 3418; x_wconf 88' lang='lat' dir='ltr'>les</span> <span class='ocrx_word' id='word_1_329' title='bbox 686 3395 775 3422; x_wconf 87' lang='lat' dir='ltr'>mss.</span> <span class='ocrx_word' id='word_1_330' title='bbox 798 3389 834 3421; x_wconf 85' lang='lat' dir='ltr'>et</span> <span class='ocrx_word' id='word_1_331' title='bbox 853 3384 907 3421; x_wconf 88' lang='lat' dir='ltr'>lcs</span> <span class='ocrx_word' id='word_1_332' title='bbox 934 3382 1119 3433; x_wconf 78' lang='lat' dir='ltr'>imprimes</span> <span class='ocrx_word' id='word_1_333' title='bbox 1146 3387 1168 3422; x_wconf 79' lang='lat' dir='ltr'>a</span> <span class='ocrx_word' id='word_1_334' title='bbox 1185 3383 1220 3421; x_wconf 88' lang='lat' dir='ltr'>la</span> <span class='ocrx_word' id='word_1_335' title='bbox 1239 3385 1288 3420; x_wconf 84' lang='lat' dir='ltr'>sin</span> <span class='ocrx_word' id='word_1_336' title='bbox 1308 3384 1353 3420; x_wconf 85' lang='lat' dir='ltr'>de</span> <span class='ocrx_word' id='word_1_337' title='bbox 1381 3383 1522 3420; x_wconf 77' lang='lat' dir='ltr'>l&#39;annee</span> <span class='ocrx_word' id='word_1_338' title='bbox 1547 3384 1651 3420; x_wconf 80' lang='lat'>1502.</span> <span class='ocrx_word' id='word_1_339' title='bbox 1675 3382 1703 3420; x_wconf 92' lang='lat' dir='ltr'>ll</span> <span class='ocrx_word' id='word_1_340' title='bbox 1729 3395 1751 3420; x_wconf 86' lang='lat' dir='ltr'>a</span> <span class='ocrx_word' id='word_1_341' title='bbox 1775 3394 1867 3432; x_wconf 87' lang='lat' dir='ltr'>paru</span> <span class='ocrx_word' id='word_1_342' title='bbox 1893 3385 1973 3432; x_wconf 73' lang='lat' dir='ltr'>prc-</span> 
     </span>
     <span class='ocr_line' id='line_1_38' title="bbox 194 3441 1721 3492; baseline 0.001 -12"><span class='ocrx_word' id='word_1_343' title='bbox 194 3442 329 3480; x_wconf 83' lang='lat' dir='ltr'>ferable</span> <span class='ocrx_word' id='word_1_344' title='bbox 352 3442 398 3479; x_wconf 89' lang='lat' dir='ltr'>de</span> <span class='ocrx_word' id='word_1_345' title='bbox 418 3441 473 3479; x_wconf 92' lang='lat' dir='ltr'>les</span> <span class='ocrx_word' id='word_1_346' title='bbox 493 3442 615 3490; x_wconf 86' lang='lat' dir='ltr'>placer</span> <span class='ocrx_word' id='word_1_347' title='bbox 634 3443 694 3490; x_wconf 89' lang='lat' dir='ltr'>ici,</span> <span class='ocrx_word' id='word_1_348' title='bbox 715 3456 852 3482; x_wconf 87' lang='lat' dir='ltr'>comme</span> <span class='ocrx_word' id='word_1_349' title='bbox 873 3443 994 3491; x_wconf 81' lang='lat' dir='ltr'>pieces</span> <span class='ocrx_word' id='word_1_350' title='bbox 1014 3443 1351 3492; x_wconf 79' lang='lat' dir='ltr'>complementaires</span> <span class='ocrx_word' id='word_1_351' title='bbox 1370 3445 1392 3480; x_wconf 74' lang='lat' dir='ltr'>a</span> <span class='ocrx_word' id='word_1_352' title='bbox 1412 3455 1453 3480; x_wconf 92' lang='lat' dir='ltr'>ce</span> <span class='ocrx_word' id='word_1_353' title='bbox 1473 3443 1535 3491; x_wconf 91' lang='lat' dir='ltr'>qui</span> <span class='ocrx_word' id='word_1_354' title='bbox 1554 3444 1721 3492; x_wconf 75' lang='lat' dir='ltr'>precede.</span> 
     </span>
    </p>
   </div>
  </div>
 </body>
</html>
