2216 3886
141 290 346 332 [Decembre
368 287 459 326 1499]
574 283 742 320 RERUM
776 281 1078 318 URBANARUM
1112 281 1460 318 COMMENTARII.
1847 288 1918 323 593

148 395 588 454 quantumcumque
612 387 741 451 gravi
764 388 812 433 et
831 384 1137 447 excogitabili
1164 384 1309 432 etiam
1331 383 1598 432 subsidium
1619 385 1917 435 defensionis

144 472 253 521 fidei
272 476 440 520 contra
459 470 670 534 perfidos
691 471 868 517 Turcas
889 473 937 518 et
958 469 1076 517 alios
1099 468 1365 516 orthodoxe
1388 467 1500 516 fidei
1530 468 1695 517 hostes
1715 483 1918 518 conces-

144 572 238 615 sas,
264 559 311 603 et
327 555 510 602 litteras
529 553 737 616 desuper
757 553 1001 601 confectas
1023 568 1078 600 ac
1097 551 1258 616 sepius
1280 552 1566 616 approbatas
1586 568 1916 616 quascumque

143 640 330 687 litteras
366 637 510 686 etiam
548 636 960 700 derogatariarum
991 636 1308 700 degorativas,
1342 636 1582 695 fortioreS,
1617 636 1916 686 efficaciores

143 726 189 770 et
216 720 433 768 insolitas
457 735 512 767 ac
537 719 657 767 tales
690 719 818 782 quod
847 719 938 766 illis
964 719 1238 767 nullatenus
1266 719 1411 767 etiam
1442 735 1743 783 quacumque
1772 736 1919 769 causa

145 804 216 851 vel
244 802 427 850 ratione
455 802 600 850 etiam
634 801 775 848 simili
810 800 1105 849 defensionis
1135 800 1246 848 fidei
1275 801 1495 864 derogari
1527 802 1694 864 possit,
1719 819 1810 851 nec
1840 803 1919 852 ille

146 885 372 950 suspendi
400 885 604 943 valeant,
638 884 686 931 in
716 900 766 931 se
798 883 1093 941 contineant,
1125 883 1407 931 auctoritate
1436 885 1716 947 apostolica,
1752 889 1919 934 tenore

145 969 460 1032 presentium,
485 967 544 1015 de
566 966 767 1015 consilio
795 981 849 1012 ac
873 965 1074 1028 potestis
1103 965 1401 1028 plenitudine
1424 966 1658 1015 similibus
1691 983 1840 1030 usque
1861 968 1919 1014 ad

143 1054 323 1102 dictum
361 1066 539 1099 annum
574 1030 1027 1112 quinquagesimum
1061 1048 1248 1095 finitum
1281 1049 1498 1112 proxime
1527 1050 1763 1108 futurum,
1796 1050 1919 1098 dun-

148 1140 274 1183 taxat
295 1134 492 1183 omnino
513 1131 849 1195 suspendimus
869 1134 916 1178 et
938 1146 1197 1194 suspensas
1219 1147 1326 1180 esse
1348 1133 1548 1196 illasque
1570 1135 1769 1194 nemini,
1792 1137 1920 1185 dicto

146 1223 383 1281 tempore,
406 1217 626 1265 volumus
653 1213 924 1278 suffragari,
951 1213 1212 1262 districtius
1236 1215 1546 1278 prohibentes
1580 1219 1816 1282 predicari
1845 1221 1920 1269 vel

145 1301 393 1365 publicari,
429 1306 476 1348 et
508 1300 556 1346 in
593 1314 759 1347 earum
798 1300 1017 1362 pretextu
1050 1297 1264 1359 questori
1297 1298 1714 1364 eleemosynarum
1745 1302 1921 1365 aliquid

142 1385 391 1447 postulari,
425 1400 480 1431 ac
511 1382 815 1431 confessores
849 1380 1219 1428 concessionum
1255 1385 1301 1428 et
1331 1381 1609 1430 facultatum
1640 1384 1920 1448 hujusmodi

138 1468 299 1531 vigore
331 1467 541 1530 aliquem
572 1465 818 1512 absolvere
848 1479 1009 1528 posse.
1036 1463 1158 1519 Quin
1191 1463 1288 1512 imo
1317 1470 1588 1527 questores,
1614 1467 1920 1517 confessores

139 1554 186 1599 et
213 1550 541 1614 predicatores
576 1563 904 1612 quoscumque
938 1562 1026 1610 per
1053 1546 1272 1594 locorum
1307 1547 1578 1597 ordinarios
1611 1565 1640 1598 a
1669 1551 1918 1614 premissis

140 1633 369 1682 faciendis
387 1633 607 1680 volumus
629 1636 676 1680 et
697 1631 982 1679 mandamus
1003 1630 1302 1693 presentium
1318 1635 1485 1679 tenore
1505 1634 1738 1691 coerceri,
1755 1634 1922 1682 decer-

141 1722 312 1764 nentes
344 1715 711 1778 suspensionem
738 1713 1005 1777 predictam
1032 1719 1140 1777 post
1171 1719 1385 1762 octavam
1417 1715 1524 1762 festi
1553 1718 1920 1766 resurrectionis

144 1802 198 1846 D.
226 1801 282 1847 N.
307 1802 349 1846 J.
375 1801 425 1846 C.
448 1797 665 1861 proxime
696 1801 944 1845 venturam
977 1812 1116 1843 suum
1145 1796 1322 1845 debere
1351 1799 1510 1845 sortiri
1533 1799 1778 1848 effectum.
1806 1803 1923 1849 Pre-

145 1887 314 1945 parent
337 1897 453 1945 ergo
476 1880 815 1930 omnestcorda
844 1896 928 1927 sua
951 1879 1157 1927 Domino
1180 1883 1225 1928 et
1247 1895 1407 1928 mores
1429 1880 1477 1928 in
1504 1882 1678 1930 melius
1700 1899 1919 1931 commu-

141 1971 241 2013 tare
283 1970 536 2023 conentur,
566 1981 595 2011 a
625 1962 893 2011 malefactis
929 1962 1227 2020 abstineant,
1262 1963 1557 2011 satisfaciant
1595 1965 1802 2014 Domino
1835 1982 1921 2030 per

143 2046 408 2109 penitentie
440 2046 674 2104 dolorem,
698 2042 981 2091 humilitatis
1002 2043 1241 2107 spiritum,
1262 2059 1349 2107 per
1375 2045 1568 2093 contriti
1590 2046 1748 2094 cordis
1771 2049 1920 2096 sacri-

144 2132 326 2190 ficium,
360 2127 730 2193 cooperantibus
763 2127 1083 2191 eleemosynis
1112 2132 1159 2175 et
1189 2127 1676 2191 peregrinationibus,
1709 2134 1755 2178 et
1782 2130 1919 2179 adve-

141 2208 304 2263 niente
331 2212 523 2261 Domini
554 2227 680 2259 anno
701 2210 891 2275 jubilei,
917 2214 1192 2258 sanctorum
1222 2211 1402 2275 templa
1426 2211 1689 2272 visitantes,
1714 2230 1918 2277 quorum

140 2297 290 2345 millia
310 2297 408 2345 fere
437 2296 486 2343 in
516 2294 752 2343 memoria
779 2310 873 2341 una
902 2310 1013 2341 cum
1042 2293 1401 2357 gloriosissimis
1436 2296 1666 2358 apostolis
1699 2299 1840 2346 Petro
1873 2303 1921 2346 et

143 2380 291 2428 Paulo
325 2379 375 2426 in
396 2379 524 2426 dicta
553 2377 679 2426 Urbe
706 2377 1035 2440 requiescunt,
1065 2377 1146 2440 qui
1172 2381 1378 2425 mortem
1404 2393 1491 2440 pro
1519 2378 1694 2426 Christi
1722 2380 1917 2428 nomine

144 2462 359 2526 perpessi
391 2462 495 2524 ejus
531 2460 812 2524 conspectui
846 2476 1040 2523 semper
1072 2460 1317 2519 assistunt,
1350 2461 1700 2510 intercessores
1736 2462 1917 2511 habere

144 2549 437 2593 mereantur.
459 2546 520 2592 Ut
543 2548 703 2591 autem
725 2547 976 2606 presentes
996 2543 1154 2591 littere
1187 2542 1248 2590 ad
1281 2543 1495 2590 omnium
1522 2545 1740 2593 notitiam
1771 2545 1919 2593 dedu-

144 2632 330 2687 cantur,
355 2627 458 2675 illas
478 2627 527 2674 in
556 2627 700 2675 valvis
728 2626 1034 2675 basilicarum
1056 2627 1275 2692 ejusdem
1305 2626 1536 2690 principis
1567 2628 1914 2691 apostolorum,

141 2728 179 2758 s.
218 2711 416 2758 Joannis
449 2709 784 2758 Lateranensis
817 2709 876 2758 de
914 2710 1040 2757 dicta
1073 2709 1198 2757 Urbe
1235 2708 1382 2771 affigi,
1417 2712 1467 2756 ut
1506 2709 1717 2773 hi-quos
1759 2711 1917 2760 littere

142 2793 421 2858 hujusmodi
454 2798 770 2851 concernunt,
800 2793 927 2856 quod
958 2793 1017 2840 ad
1053 2793 1184 2856 ipsos
1219 2808 1317 2839 non
1348 2792 1672 2855 pervenirent,
1697 2798 1779 2843 aut
1810 2794 1917 2843 illos

142 2877 481 2941 ignoraverint,
507 2876 685 2924 nullam
707 2876 892 2939 possint
914 2875 1276 2924 excusationem
1299 2875 1585 2938 pretendere
1607 2876 1679 2925 vel
1697 2876 1920 2940 ignoran-

142 2960 257 3007 tiam
280 2960 506 3024 allegare,
534 2975 645 3007 cum
667 2975 762 3007 non
786 2959 845 3007 sit
866 2958 1122 3007 verisimile
1143 2958 1272 3021 quod
1293 2958 1408 3022 ipsis
1430 2964 1679 3008 remaneat
1704 2960 1918 3023 incogni-

142 3046 240 3089 tum
262 3042 392 3105 quod
411 3048 511 3089 tam
530 3047 752 3105 patenter
770 3042 913 3091 fuerit
933 3042 1246 3105 publicatum.

209 3125 491 3172 Mandamus
525 3123 672 3171 etiam
706 3122 1056 3171 venerabilibus
1091 3123 1316 3171 fratribus
1354 3121 1530 3170 nostris
1567 3121 1799 3169 universis
1831 3138 1916 3185 pa-

146 3208 385 3267 triarchis,
411 3205 649 3269 episcopis
671 3210 719 3253 et
739 3205 843 3253 aliis
869 3205 1086 3253 locorum
1109 3205 1361 3253 ordinariis
1388 3207 1440 3251 ut
1470 3203 1557 3266 ipsi
1582 3208 1629 3250 et
1658 3219 1746 3266 per
1772 3220 1823 3253 se
1844 3206 1916 3253 vel

142 3291 288 3339 alium
310 3305 395 3339 seu
417 3288 553 3347 alios,
577 3291 831 3351 postquam
850 3287 1131 3336 earumdem
1152 3286 1448 3352 presentium
1466 3285 1687 3333 notitiam
1703 3302 1917 3351 quoquo-

144 3373 259 3422 libet
290 3370 436 3420 modo
467 3369 749 3427 habuerint,
786 3369 1019 3431 aliquibus
1059 3369 1311 3417 dominicis
1345 3367 1513 3415 diebus
1551 3366 1621 3414 vel
1656 3367 1834 3417 festivis
1868 3371 1913 3417 iu

332 3483 363 3507 τ.
388 3482 422 3505 n.
1683 3471 1728 3505 38
