<?xml version="1.0" encoding="UTF-8"?>
<!DOCTYPE html PUBLIC "-//W3C//DTD XHTML 1.0 Transitional//EN"
    "http://www.w3.org/TR/xhtml1/DTD/xhtml1-transitional.dtd">
<html xmlns="http://www.w3.org/1999/xhtml" xml:lang="en" lang="en">
 <head>
  <title>
</title>
<meta http-equiv="Content-Type" content="text/html;charset=utf-8" />
  <meta name='ocr-system' content='tesseract 3.04.00' />
  <meta name='ocr-capabilities' content='ocr_page ocr_carea ocr_par ocr_line ocrx_word'/>
</head>
<body>
  <div class='ocr_page' id='page_1' title='image "./diariumsivererum02burcuoft_0204.png"; bbox 0 0 2222 3926; ppageno 0'>
   <div class='ocr_carea' id='block_1_1' title="bbox 292 327 2059 369">
    <p class='ocr_par' dir='ltr' id='par_1_1' title="bbox 292 327 2059 369">
     <span class='ocr_line' id='line_1_1' title="bbox 292 327 2059 369; baseline -0.004 -5"><span class='ocrx_word' id='word_1_1' title='bbox 292 328 360 365; x_wconf 83' lang='lat'>192</span> <span class='ocrx_word' id='word_1_2' title='bbox 893 327 1126 364; x_wconf 79' lang='lat' dir='ltr'>JOHANNIS</span> <span class='ocrx_word' id='word_1_3' title='bbox 1159 327 1456 369; x_wconf 83' lang='lat' dir='ltr'><strong>BURCHARDI,</strong></span> <span class='ocrx_word' id='word_1_4' title='bbox 1779 327 1942 367; x_wconf 81' lang='lat' dir='ltr'>[octobre</span> <span class='ocrx_word' id='word_1_5' title='bbox 1965 327 2059 366; x_wconf 72' lang='lat'><strong>1494]</strong></span> 
     </span>
    </p>
   </div>
   <div class='ocr_carea' id='block_1_2' title="bbox 294 424 2085 2403">
    <p class='ocr_par' dir='ltr' id='par_1_2' title="bbox 362 424 2060 492">
     <span class='ocr_line' id='line_1_2' title="bbox 362 424 2060 492; baseline -0.001 -16"><span class='ocrx_word' id='word_1_6' title='bbox 362 431 535 476; x_wconf 85' lang='lat' dir='ltr'>Datum</span> <span class='ocrx_word' id='word_1_7' title='bbox 569 432 719 477; x_wconf 91' lang='lat' dir='ltr'>Rome</span> <span class='ocrx_word' id='word_1_8' title='bbox 754 429 881 492; x_wconf 91' lang='lat' dir='ltr'>apud</span> <span class='ocrx_word' id='word_1_9' title='bbox 914 446 952 476; x_wconf 88' lang='lat' dir='ltr'>s.</span> <span class='ocrx_word' id='word_1_10' title='bbox 980 432 1192 487; x_wconf 90' lang='lat' dir='ltr'>Petrum,</span> <span class='ocrx_word' id='word_1_11' title='bbox 1218 428 1306 475; x_wconf 89' lang='lat' dir='ltr'>sub</span> <span class='ocrx_word' id='word_1_12' title='bbox 1327 425 1504 473; x_wconf 90' lang='lat' dir='ltr'>annulo</span> <span class='ocrx_word' id='word_1_13' title='bbox 1523 424 1794 487; x_wconf 90' lang='lat' dir='ltr'>piscatoris,</span> <span class='ocrx_word' id='word_1_14' title='bbox 1817 425 1892 474; x_wconf 91' lang='lat' dir='ltr'>die</span> <span class='ocrx_word' id='word_1_15' title='bbox 1927 431 2060 474; x_wconf 85' lang='lat' dir='ltr'>sexto</span> 
     </span>
    </p>

    <p class='ocr_par' dir='ltr' id='par_1_3' title="bbox 295 507 1894 637">
     <span class='ocr_line' id='line_1_3' title="bbox 295 507 1894 575; baseline -0.004 -14"><span class='ocrx_word' id='word_1_16' title='bbox 295 511 503 561; x_wconf 81' lang='lat' dir='ltr'>octobris</span> <span class='ocrx_word' id='word_1_17' title='bbox 531 515 671 570; x_wconf 86' lang='lat'><strong>1494,</strong></span> <span class='ocrx_word' id='word_1_18' title='bbox 696 511 1005 575; x_wconf 90' lang='lat' dir='ltr'>pontificatus</span> <span class='ocrx_word' id='word_1_19' title='bbox 1030 509 1318 558; x_wconf 81' lang='lat' dir='ltr'>sanctissimi</span> <span class='ocrx_word' id='word_1_20' title='bbox 1340 511 1395 555; x_wconf 90' lang='lat' dir='ltr'>D.</span> <span class='ocrx_word' id='word_1_21' title='bbox 1421 507 1569 554; x_wconf 89' lang='lat' dir='ltr'>nostri</span> <span class='ocrx_word' id='word_1_22' title='bbox 1592 523 1717 554; x_wconf 88' lang='lat' dir='ltr'>anno</span> <span class='ocrx_word' id='word_1_23' title='bbox 1735 508 1894 555; x_wconf 88' lang='lat' dir='ltr'>tertio.</span> 
     </span>
     <span class='ocr_line' id='line_1_4' title="bbox 1352 588 1685 637; baseline 0 0"><span class='ocrx_word' id='word_1_24' title='bbox 1352 592 1408 637; x_wconf 92' lang='lat' dir='ltr'>D.</span> <span class='ocrx_word' id='word_1_25' title='bbox 1449 588 1685 637; x_wconf 89' lang='lat' dir='ltr'>Floridus.</span> 
     </span>
    </p>

    <p class='ocr_par' dir='ltr' id='par_1_4' title="bbox 294 673 2085 976">
     <span class='ocr_line' id='line_1_5' title="bbox 361 673 2085 739; baseline -0.005 -12"><span class='ocrx_word' id='word_1_26' title='bbox 361 680 570 728; x_wconf 82' lang='lat' dir='ltr'>Affixum</span> <span class='ocrx_word' id='word_1_27' title='bbox 609 678 694 725; x_wconf 85' lang='lat' dir='ltr'>fuit</span> <span class='ocrx_word' id='word_1_28' title='bbox 734 675 982 738; x_wconf 80' lang='lat' dir='ltr'>originale,</span> <span class='ocrx_word' id='word_1_29' title='bbox 1020 675 1154 738; x_wconf 90' lang='lat' dir='ltr'>cujus</span> <span class='ocrx_word' id='word_1_30' title='bbox 1203 674 1342 737; x_wconf 90' lang='lat' dir='ltr'>copia</span> <span class='ocrx_word' id='word_1_31' title='bbox 1382 677 1655 737; x_wconf 82' lang='lat' dir='ltr'>preservata</span> <span class='ocrx_word' id='word_1_32' title='bbox 1693 678 1765 721; x_wconf 86' lang='lat' dir='ltr'>est</span> <span class='ocrx_word' id='word_1_33' title='bbox 1807 676 1976 732; x_wconf 91' lang='lat' dir='ltr'>Rome,</span> <span class='ocrx_word' id='word_1_34' title='bbox 2014 673 2085 739; x_wconf 67' lang='lat' dir='ltr'>in-</span> 
     </span>
     <span class='ocr_line' id='line_1_6' title="bbox 294 751 2066 823; baseline -0.003 -13"><span class='ocrx_word' id='word_1_35' title='bbox 294 762 437 810; x_wconf 86' lang='lat' dir='ltr'>valvis</span> <span class='ocrx_word' id='word_1_36' title='bbox 460 776 650 809; x_wconf 88' lang='lat' dir='ltr'>camere</span> <span class='ocrx_word' id='word_1_37' title='bbox 673 751 935 823; x_wconf 82' lang='lat' dir='ltr'>apostolice</span> <span class='ocrx_word' id='word_1_38' title='bbox 964 764 1012 806; x_wconf 91' lang='lat' dir='ltr'>et</span> <span class='ocrx_word' id='word_1_39' title='bbox 1045 759 1093 806; x_wconf 90' lang='lat' dir='ltr'>in</span> <span class='ocrx_word' id='word_1_40' title='bbox 1120 758 1223 806; x_wconf 88' lang='lat' dir='ltr'>acie</span> <span class='ocrx_word' id='word_1_41' title='bbox 1249 757 1405 821; x_wconf 91' lang='lat' dir='ltr'>campi</span> <span class='ocrx_word' id='word_1_42' title='bbox 1423 756 1562 804; x_wconf 87' lang='lat' dir='ltr'>Flore</span> <span class='ocrx_word' id='word_1_43' title='bbox 1591 761 1638 804; x_wconf 88' lang='lat' dir='ltr'>et</span> <span class='ocrx_word' id='word_1_44' title='bbox 1665 756 1769 804; x_wconf 89' lang='lat' dir='ltr'>aliis</span> <span class='ocrx_word' id='word_1_45' title='bbox 1798 757 1916 804; x_wconf 89' lang='lat' dir='ltr'>locis</span> <span class='ocrx_word' id='word_1_46' title='bbox 1938 756 1987 803; x_wconf 92' lang='lat' dir='ltr'>in</span> <span class='ocrx_word' id='word_1_47' title='bbox 2009 772 2066 805; x_wconf 88' lang='lat' dir='ltr'>ea</span> 
     </span>
     <span class='ocr_line' id='line_1_7' title="bbox 295 839 2069 908; baseline -0.004 -15"><span class='ocrx_word' id='word_1_48' title='bbox 295 844 541 908; x_wconf 76' lang='lat' dir='ltr'>expressis</span> <span class='ocrx_word' id='word_1_49' title='bbox 562 859 649 907; x_wconf 91' lang='lat' dir='ltr'>per</span> <span class='ocrx_word' id='word_1_50' title='bbox 670 842 899 891; x_wconf 80' lang='lat' dir='ltr'>SanctiSS.</span> <span class='ocrx_word' id='word_1_51' title='bbox 925 845 983 889; x_wconf 90' lang='lat' dir='ltr'>D.</span> <span class='ocrx_word' id='word_1_52' title='bbox 1010 841 1162 889; x_wconf 83' lang='lat' dir='ltr'>nostri</span> <span class='ocrx_word' id='word_1_53' title='bbox 1185 844 1311 904; x_wconf 90' lang='lat' dir='ltr'>Pape</span> <span class='ocrx_word' id='word_1_54' title='bbox 1333 855 1573 899; x_wconf 90' lang='lat' dir='ltr'>cursores,</span> <span class='ocrx_word' id='word_1_55' title='bbox 1599 839 1675 888; x_wconf 92' lang='lat' dir='ltr'>die</span> <span class='ocrx_word' id='word_1_56' title='bbox 1694 839 1806 887; x_wconf 91' lang='lat' dir='ltr'>lune</span> <span class='ocrx_word' id='word_1_57' title='bbox 1827 842 1855 886; x_wconf 90' lang='grc'><strong>6</strong></span> <span class='ocrx_word' id='word_1_58' title='bbox 1879 843 1925 888; x_wconf 89' lang='lat' dir='ltr'>et</span> <span class='ocrx_word' id='word_1_59' title='bbox 1946 855 2069 887; x_wconf 88' lang='lat' dir='ltr'>mar-</span> 
     </span>
     <span class='ocr_line' id='line_1_8' title="bbox 296 916 1610 976; baseline -0.005 -1"><span class='ocrx_word' id='word_1_60' title='bbox 296 929 354 976; x_wconf 88' lang='lat' dir='ltr'>tis</span> <span class='ocrx_word' id='word_1_61' title='bbox 379 932 403 974; x_wconf 89' lang='lat'>7</span> <span class='ocrx_word' id='word_1_62' title='bbox 425 926 609 974; x_wconf 87' lang='lat' dir='ltr'>mensis</span> <span class='ocrx_word' id='word_1_63' title='bbox 638 925 850 973; x_wconf 78' lang='lat' dir='ltr'>octobris</span> <span class='ocrx_word' id='word_1_64' title='bbox 877 929 1016 973; x_wconf 85' lang='lat'><strong>1494.</strong></span> <span class='ocrx_word' id='word_1_65' title='bbox 1607 916 1610 919; x_wconf 43' lang='lat'><strong>⁴</strong></span> 
     </span>
    </p>

    <p class='ocr_par' dir='ltr' id='par_1_5' title="bbox 299 1005 2075 1656">
     <span class='ocr_line' id='line_1_9' title="bbox 362 1005 2061 1072; baseline -0.003 -14"><span class='ocrx_word' id='word_1_66' title='bbox 362 1010 499 1058; x_wconf 89' lang='lat' dir='ltr'>Feria</span> <span class='ocrx_word' id='word_1_67' title='bbox 528 1012 714 1072; x_wconf 89' lang='lat' dir='ltr'>quarta,</span> <span class='ocrx_word' id='word_1_68' title='bbox 748 1012 775 1056; x_wconf 89' lang='lat'>8</span> <span class='ocrx_word' id='word_1_69' title='bbox 803 1008 985 1057; x_wconf 88' lang='lat' dir='ltr'>mensis</span> <span class='ocrx_word' id='word_1_70' title='bbox 1019 1007 1247 1066; x_wconf 89' lang='lat' dir='ltr'>octobris,</span> <span class='ocrx_word' id='word_1_71' title='bbox 1271 1009 1354 1055; x_wconf 90' lang='lat' dir='ltr'><strong>SS.</strong></span> <span class='ocrx_word' id='word_1_72' title='bbox 1389 1010 1446 1054; x_wconf 91' lang='lat' dir='ltr'>D.</span> <span class='ocrx_word' id='word_1_73' title='bbox 1471 1010 1638 1055; x_wconf 91' lang='lat' dir='ltr'>noster</span> <span class='ocrx_word' id='word_1_74' title='bbox 1658 1005 1901 1054; x_wconf 86' lang='lat' dir='ltr'>commisit</span> <span class='ocrx_word' id='word_1_75' title='bbox 1924 1010 2061 1055; x_wconf 91' lang='lat' dir='ltr'>Rmo.</span> 
     </span>
     <span class='ocr_line' id='line_1_10' title="bbox 299 1090 2070 1155; baseline -0.002 -13"><span class='ocrx_word' id='word_1_76' title='bbox 299 1096 354 1142; x_wconf 93' lang='lat' dir='ltr'>D.</span> <span class='ocrx_word' id='word_1_77' title='bbox 389 1093 617 1142; x_wconf 77' lang='lat' dir='ltr'>cardinali</span> <span class='ocrx_word' id='word_1_78' title='bbox 647 1091 1031 1155; x_wconf 76' lang='lat' dir='ltr'>Carthaginiensi</span> <span class='ocrx_word' id='word_1_79' title='bbox 1070 1091 1230 1154; x_wconf 91' lang='lat' dir='ltr'>legato</span> <span class='ocrx_word' id='word_1_80' title='bbox 1260 1090 1517 1154; x_wconf 87' lang='lat' dir='ltr'>Campanie</span> <span class='ocrx_word' id='word_1_81' title='bbox 1545 1106 1700 1153; x_wconf 91' lang='lat' dir='ltr'>nuper</span> <span class='ocrx_word' id='word_1_82' title='bbox 1728 1096 1890 1140; x_wconf 89' lang='lat' dir='ltr'>creato</span> <span class='ocrx_word' id='word_1_83' title='bbox 1918 1091 1966 1138; x_wconf 93' lang='lat' dir='ltr'>in</span> <span class='ocrx_word' id='word_1_84' title='bbox 1993 1106 2070 1138; x_wconf 83' lang='lat' dir='ltr'>se-</span> 
     </span>
     <span class='ocr_line' id='line_1_11' title="bbox 300 1174 2071 1239; baseline -0.002 -14"><span class='ocrx_word' id='word_1_85' title='bbox 300 1182 432 1226; x_wconf 86' lang='lat' dir='ltr'>creto</span> <span class='ocrx_word' id='word_1_86' title='bbox 467 1175 754 1224; x_wconf 86' lang='lat' dir='ltr'>consistorio</span> <span class='ocrx_word' id='word_1_87' title='bbox 795 1175 932 1239; x_wconf 89' lang='lat' dir='ltr'>cujus</span> <span class='ocrx_word' id='word_1_88' title='bbox 970 1174 1228 1223; x_wconf 78' lang='lat' dir='ltr'>creationis</span> <span class='ocrx_word' id='word_1_89' title='bbox 1260 1174 1388 1222; x_wconf 90' lang='lat' dir='ltr'>diem</span> <span class='ocrx_word' id='word_1_90' title='bbox 1422 1189 1520 1221; x_wconf 90' lang='lat' dir='ltr'>non</span> <span class='ocrx_word' id='word_1_91' title='bbox 1553 1174 1794 1234; x_wconf 72' lang='lat' dir='ltr'>annotavi,</span> <span class='ocrx_word' id='word_1_92' title='bbox 1831 1174 1943 1238; x_wconf 89' lang='lat' dir='ltr'>quia</span> <span class='ocrx_word' id='word_1_93' title='bbox 1974 1189 2071 1222; x_wconf 90' lang='lat' dir='ltr'>non</span> 
     </span>
     <span class='ocr_line' id='line_1_12' title="bbox 301 1256 2075 1320; baseline -0.002 -12"><span class='ocrx_word' id='word_1_94' title='bbox 301 1261 388 1308; x_wconf 86' lang='lat' dir='ltr'>fuit</span> <span class='ocrx_word' id='word_1_95' title='bbox 410 1276 468 1308; x_wconf 87' lang='lat' dir='ltr'>ex</span> <span class='ocrx_word' id='word_1_96' title='bbox 496 1259 783 1307; x_wconf 89' lang='lat' dir='ltr'>consistorio</span> <span class='ocrx_word' id='word_1_97' title='bbox 811 1258 871 1306; x_wconf 89' lang='lat' dir='ltr'>ad</span> <span class='ocrx_word' id='word_1_98' title='bbox 904 1258 1101 1306; x_wconf 90' lang='lat' dir='ltr'>domum</span> <span class='ocrx_word' id='word_1_99' title='bbox 1133 1257 1398 1305; x_wconf 84' lang='lat' dir='ltr'>associatus</span> <span class='ocrx_word' id='word_1_100' title='bbox 1420 1273 1448 1304; x_wconf 90' lang='lat' dir='ltr'>a</span> <span class='ocrx_word' id='word_1_101' title='bbox 1474 1256 1812 1316; x_wconf 89' lang='lat' dir='ltr'>cardinalibus,</span> <span class='ocrx_word' id='word_1_102' title='bbox 1834 1257 1961 1320; x_wconf 92' lang='lat' dir='ltr'>quod</span> <span class='ocrx_word' id='word_1_103' title='bbox 1984 1257 2075 1305; x_wconf 89' lang='lat' dir='ltr'>iret</span> 
     </span>
     <span class='ocr_line' id='line_1_13' title="bbox 301 1339 2074 1407; baseline -0.003 -15"><span class='ocrx_word' id='word_1_104' title='bbox 301 1345 361 1392; x_wconf 91' lang='lat' dir='ltr'>ad</span> <span class='ocrx_word' id='word_1_105' title='bbox 400 1344 696 1407; x_wconf 86' lang='lat' dir='ltr'>legationem</span> <span class='ocrx_word' id='word_1_106' title='bbox 737 1357 872 1389; x_wconf 88' lang='lat' dir='ltr'>suam</span> <span class='ocrx_word' id='word_1_107' title='bbox 904 1346 951 1390; x_wconf 92' lang='lat' dir='ltr'>et</span> <span class='ocrx_word' id='word_1_108' title='bbox 985 1341 1045 1389; x_wconf 89' lang='lat' dir='ltr'>ad</span> <span class='ocrx_word' id='word_1_109' title='bbox 1074 1341 1427 1389; x_wconf 90' lang='lat' dir='ltr'>Ferdinandum</span> <span class='ocrx_word' id='word_1_110' title='bbox 1461 1340 1620 1389; x_wconf 88' lang='lat' dir='ltr'>Sicilie</span> <span class='ocrx_word' id='word_1_111' title='bbox 1658 1356 1824 1404; x_wconf 88' lang='lat' dir='ltr'>regem</span> <span class='ocrx_word' id='word_1_112' title='bbox 1851 1339 2074 1404; x_wconf 91' lang='lat' dir='ltr'>Neapoli-</span> 
     </span>
     <span class='ocr_line' id='line_1_14' title="bbox 302 1423 2073 1476; baseline -0.004 0"><span class='ocrx_word' id='word_1_113' title='bbox 302 1432 465 1476; x_wconf 90' lang='lat' dir='ltr'>tanum</span> <span class='ocrx_word' id='word_1_114' title='bbox 501 1442 667 1475; x_wconf 86' lang='lat' dir='ltr'>versus</span> <span class='ocrx_word' id='word_1_115' title='bbox 700 1426 877 1473; x_wconf 90' lang='lat' dir='ltr'>Urbem</span> <span class='ocrx_word' id='word_1_116' title='bbox 913 1424 1185 1473; x_wconf 86' lang='lat' dir='ltr'>venientem</span> <span class='ocrx_word' id='word_1_117' title='bbox 1222 1424 1268 1472; x_wconf 91' lang='lat' dir='ltr'>in</span> <span class='ocrx_word' id='word_1_118' title='bbox 1310 1423 1580 1472; x_wconf 90' lang='lat' dir='ltr'>confinibus</span> <span class='ocrx_word' id='word_1_119' title='bbox 1618 1423 1817 1471; x_wconf 89' lang='lat' dir='ltr'>civitatis</span> <span class='ocrx_word' id='word_1_120' title='bbox 1857 1423 2073 1472; x_wconf 89' lang='lat' dir='ltr'>Terraci—</span> 
     </span>
     <span class='ocr_line' id='line_1_15' title="bbox 304 1506 2073 1573; baseline -0.002 -17"><span class='ocrx_word' id='word_1_121' title='bbox 304 1509 485 1567; x_wconf 87' lang='lat' dir='ltr'>nensis‚</span> <span class='ocrx_word' id='word_1_122' title='bbox 505 1509 745 1573; x_wconf 85' lang='lat' dir='ltr'>reciperet</span> <span class='ocrx_word' id='word_1_123' title='bbox 762 1507 1029 1556; x_wconf 89' lang='lat' dir='ltr'>honorifice</span> <span class='ocrx_word' id='word_1_124' title='bbox 1049 1512 1096 1556; x_wconf 89' lang='lat' dir='ltr'>et</span> <span class='ocrx_word' id='word_1_125' title='bbox 1112 1523 1261 1570; x_wconf 90' lang='lat' dir='ltr'>usque</span> <span class='ocrx_word' id='word_1_126' title='bbox 1278 1506 1338 1555; x_wconf 91' lang='lat' dir='ltr'>ad</span> <span class='ocrx_word' id='word_1_127' title='bbox 1359 1507 1597 1555; x_wconf 86' lang='lat' dir='ltr'>civitatem</span> <span class='ocrx_word' id='word_1_128' title='bbox 1616 1507 1816 1555; x_wconf 88' lang='lat' dir='ltr'>deberet</span> <span class='ocrx_word' id='word_1_129' title='bbox 1834 1506 2073 1555; x_wconf 89' lang='lat' dir='ltr'>associare</span> 
     </span>
     <span class='ocr_line' id='line_1_16' title="bbox 304 1597 597 1656; baseline -0.007 -15"><span class='ocrx_word' id='word_1_130' title='bbox 304 1597 518 1656; x_wconf 85' lang='lat' dir='ltr'>paratus.</span> <span class='ocrx_word' id='word_1_131' title='bbox 589 1606 597 1613; x_wconf 92' lang='lat'><strong>·</strong></span> 
     </span>
    </p>

    <p class='ocr_par' dir='ltr' id='par_1_6' title="bbox 302 1673 2079 2154">
     <span class='ocr_line' id='line_1_17' title="bbox 370 1673 2067 1739; baseline -0.001 -17"><span class='ocrx_word' id='word_1_132' title='bbox 370 1675 516 1739; x_wconf 87' lang='lat' dir='ltr'>Igitur</span> <span class='ocrx_word' id='word_1_133' title='bbox 549 1674 774 1722; x_wconf 89' lang='lat' dir='ltr'>mandato</span> <span class='ocrx_word' id='word_1_134' title='bbox 810 1676 893 1723; x_wconf 85' lang='lat' dir='ltr'><strong>SS.</strong></span> <span class='ocrx_word' id='word_1_135' title='bbox 929 1677 985 1721; x_wconf 94' lang='lat' dir='ltr'>D.</span> <span class='ocrx_word' id='word_1_136' title='bbox 1020 1674 1190 1732; x_wconf 87' lang='lat' dir='ltr'>nostri,</span> <span class='ocrx_word' id='word_1_137' title='bbox 1223 1674 1350 1723; x_wconf 89' lang='lat' dir='ltr'>idem</span> <span class='ocrx_word' id='word_1_138' title='bbox 1391 1673 1645 1721; x_wconf 90' lang='lat' dir='ltr'>cardinalis</span> <span class='ocrx_word' id='word_1_139' title='bbox 1676 1673 1753 1721; x_wconf 92' lang='lat' dir='ltr'>die</span> <span class='ocrx_word' id='word_1_140' title='bbox 1787 1673 1990 1733; x_wconf 86' lang='lat' dir='ltr'>sabbati,</span> <span class='ocrx_word' id='word_1_141' title='bbox 2019 1676 2067 1721; x_wconf 86' lang='lat'>11</span> 
     </span>
     <span class='ocr_line' id='line_1_18' title="bbox 308 1756 2077 1821; baseline -0.001 -15"><span class='ocrx_word' id='word_1_142' title='bbox 308 1759 534 1817; x_wconf 82' lang='lat' dir='ltr'>octobris,</span> <span class='ocrx_word' id='word_1_143' title='bbox 560 1758 608 1805; x_wconf 93' lang='lat' dir='ltr'>in</span> <span class='ocrx_word' id='word_1_144' title='bbox 634 1773 793 1816; x_wconf 91' lang='lat' dir='ltr'>mane,</span> <span class='ocrx_word' id='word_1_145' title='bbox 819 1757 997 1820; x_wconf 89' lang='lat' dir='ltr'>absque</span> <span class='ocrx_word' id='word_1_146' title='bbox 1028 1758 1339 1805; x_wconf 88' lang='lat' dir='ltr'>cardinalium</span> <span class='ocrx_word' id='word_1_147' title='bbox 1365 1756 1683 1804; x_wconf 85' lang='lat' dir='ltr'>associatione</span> <span class='ocrx_word' id='word_1_148' title='bbox 1706 1756 1964 1819; x_wconf 83' lang='lat' dir='ltr'>[profectus</span> <span class='ocrx_word' id='word_1_149' title='bbox 1986 1757 2077 1821; x_wconf 85' lang='lat' dir='ltr'>est]</span> 
     </span>
     <span class='ocr_line' id='line_1_19' title="bbox 307 1839 2071 1899; baseline -0.002 -9"><span class='ocrx_word' id='word_1_150' title='bbox 307 1846 354 1890; x_wconf 89' lang='lat' dir='ltr'>et</span> <span class='ocrx_word' id='word_1_151' title='bbox 377 1858 486 1889; x_wconf 91' lang='lat' dir='ltr'>cum</span> <span class='ocrx_word' id='word_1_152' title='bbox 507 1858 563 1889; x_wconf 89' lang='lat' dir='ltr'>eo</span> <span class='ocrx_word' id='word_1_153' title='bbox 584 1844 638 1889; x_wconf 92' lang='lat' dir='ltr'>D.</span> <span class='ocrx_word' id='word_1_154' title='bbox 657 1841 901 1889; x_wconf 89' lang='lat' dir='ltr'>Johannes</span> <span class='ocrx_word' id='word_1_155' title='bbox 920 1840 1069 1888; x_wconf 90' lang='lat' dir='ltr'>Maria</span> <span class='ocrx_word' id='word_1_156' title='bbox 1088 1841 1288 1889; x_wconf 91' lang='lat' dir='ltr'>clericus</span> <span class='ocrx_word' id='word_1_157' title='bbox 1307 1839 1710 1899; x_wconf 89' lang='lat' dir='ltr'>ceremoniarum,</span> <span class='ocrx_word' id='word_1_158' title='bbox 1730 1839 1888 1888; x_wconf 88' lang='lat' dir='ltr'>socius</span> <span class='ocrx_word' id='word_1_159' title='bbox 1907 1855 2042 1888; x_wconf 90' lang='lat' dir='ltr'>meus</span> <span class='ocrx_word' id='word_1_160' title='bbox 2061 1856 2071 1887; x_wconf 89' lang='lat'>:</span> 
     </span>
     <span class='ocr_line' id='line_1_20' title="bbox 302 1923 2079 1978; baseline -0.001 -6"><span class='ocrx_word' id='word_1_161' title='bbox 302 1925 391 1972; x_wconf 87' lang='lat' dir='ltr'>fuit</span> <span class='ocrx_word' id='word_1_162' title='bbox 422 1924 815 1972; x_wconf 90' lang='lat' dir='ltr'>commendatum</span> <span class='ocrx_word' id='word_1_163' title='bbox 849 1923 1007 1971; x_wconf 91' lang='lat' dir='ltr'>eidem</span> <span class='ocrx_word' id='word_1_164' title='bbox 1035 1927 1172 1971; x_wconf 91' lang='lat' dir='ltr'>Rmo.</span> <span class='ocrx_word' id='word_1_165' title='bbox 1200 1925 1255 1971; x_wconf 92' lang='lat' dir='ltr'>D.</span> <span class='ocrx_word' id='word_1_166' title='bbox 1282 1923 1511 1971; x_wconf 86' lang='lat' dir='ltr'>cardinali</span> <span class='ocrx_word' id='word_1_167' title='bbox 1542 1939 1568 1970; x_wconf 93' lang='lat' dir='ltr'>a</span> <span class='ocrx_word' id='word_1_168' title='bbox 1596 1924 1680 1971; x_wconf 86' lang='lat' dir='ltr'><strong>SS.</strong></span> <span class='ocrx_word' id='word_1_169' title='bbox 1706 1923 1763 1978; x_wconf 93' lang='lat' dir='ltr'>D.</span> <span class='ocrx_word' id='word_1_170' title='bbox 1794 1925 1959 1970; x_wconf 88' lang='lat' dir='ltr'>nostro</span> <span class='ocrx_word' id='word_1_171' title='bbox 1984 1926 2029 1970; x_wconf 87' lang='lat' dir='ltr'>et</span> <span class='ocrx_word' id='word_1_172' title='bbox 2051 1937 2079 1970; x_wconf 87' lang='lat' dir='ltr'>a</span> 
     </span>
     <span class='ocr_line' id='line_1_21' title="bbox 303 2004 2077 2070; baseline -0.002 -14"><span class='ocrx_word' id='word_1_173' title='bbox 303 2024 381 2056; x_wconf 91' lang='lat' dir='ltr'>me</span> <span class='ocrx_word' id='word_1_174' title='bbox 407 2007 537 2070; x_wconf 92' lang='lat' dir='ltr'>quod</span> <span class='ocrx_word' id='word_1_175' title='bbox 560 2007 737 2070; x_wconf 88' lang='lat' dir='ltr'>ubique</span> <span class='ocrx_word' id='word_1_176' title='bbox 760 2006 896 2055; x_wconf 90' lang='lat' dir='ltr'>daret</span> <span class='ocrx_word' id='word_1_177' title='bbox 927 2023 1124 2055; x_wconf 90' lang='lat' dir='ltr'>manum</span> <span class='ocrx_word' id='word_1_178' title='bbox 1146 2007 1393 2056; x_wconf 88' lang='lat' dir='ltr'>dexteram</span> <span class='ocrx_word' id='word_1_179' title='bbox 1420 2006 1548 2055; x_wconf 86' lang='lat' dir='ltr'>dicto</span> <span class='ocrx_word' id='word_1_180' title='bbox 1575 2005 1679 2069; x_wconf 90' lang='lat' dir='ltr'>regi</span> <span class='ocrx_word' id='word_1_181' title='bbox 1705 2004 1933 2064; x_wconf 87' lang='lat' dir='ltr'>venienti,</span> <span class='ocrx_word' id='word_1_182' title='bbox 1959 2009 2007 2054; x_wconf 94' lang='lat' dir='ltr'>et</span> <span class='ocrx_word' id='word_1_183' title='bbox 2029 2005 2077 2052; x_wconf 91' lang='lat' dir='ltr'>in</span> 
     </span>
     <span class='ocr_line' id='line_1_22' title="bbox 305 2090 1012 2154; baseline -0.003 -14"><span class='ocrx_word' id='word_1_184' title='bbox 305 2091 530 2140; x_wconf 90' lang='lat' dir='ltr'>omnibus</span> <span class='ocrx_word' id='word_1_185' title='bbox 553 2091 713 2154; x_wconf 91' lang='lat' dir='ltr'>ipsum</span> <span class='ocrx_word' id='word_1_186' title='bbox 733 2090 1012 2139; x_wconf 87' lang='lat' dir='ltr'>honoraret.</span> 
     </span>
    </p>

    <p class='ocr_par' dir='ltr' id='par_1_7' title="bbox 307 2157 2079 2403">
     <span class='ocr_line' id='line_1_23' title="bbox 369 2157 2079 2233; baseline -0.001 -12"><span class='ocrx_word' id='word_1_187' title='bbox 369 2174 508 2222; x_wconf 89' lang='lat' dir='ltr'>Feria</span> <span class='ocrx_word' id='word_1_188' title='bbox 529 2173 758 2233; x_wconf 90' lang='lat' dir='ltr'>secunda,</span> <span class='ocrx_word' id='word_1_189' title='bbox 789 2177 844 2221; x_wconf 89' lang='lat'>13</span> <span class='ocrx_word' id='word_1_190' title='bbox 875 2173 949 2221; x_wconf 91' lang='lat' dir='ltr'>die</span> <span class='ocrx_word' id='word_1_191' title='bbox 975 2174 1202 2233; x_wconf 79' lang='lat' dir='ltr'>octobriS,</span> <span class='ocrx_word' id='word_1_192' title='bbox 1228 2174 1467 2222; x_wconf 84' lang='lat' dir='ltr'>destructe</span> <span class='ocrx_word' id='word_1_193' title='bbox 1490 2178 1536 2222; x_wconf 90' lang='lat' dir='ltr'>et</span> <span class='ocrx_word' id='word_1_194' title='bbox 1566 2157 1751 2221; x_wconf 80' lang='lat' dir='ltr'>ruinate</span> <span class='ocrx_word' id='word_1_195' title='bbox 1773 2172 1970 2220; x_wconf 89' lang='lat' dir='ltr'>fuerunt</span> <span class='ocrx_word' id='word_1_196' title='bbox 1987 2171 2079 2220; x_wconf 91' lang='lat' dir='ltr'>due</span> 
     </span>
     <span class='ocr_line' id='line_1_24' title="bbox 307 2253 2078 2320; baseline -0.003 -15"><span class='ocrx_word' id='word_1_197' title='bbox 307 2257 478 2305; x_wconf 91' lang='lat' dir='ltr'>domus</span> <span class='ocrx_word' id='word_1_198' title='bbox 502 2257 660 2315; x_wconf 87' lang='lat' dir='ltr'>Urbis,</span> <span class='ocrx_word' id='word_1_199' title='bbox 684 2256 907 2304; x_wconf 90' lang='lat' dir='ltr'>videlicet</span> <span class='ocrx_word' id='word_1_200' title='bbox 928 2272 1024 2303; x_wconf 92' lang='lat' dir='ltr'>una</span> <span class='ocrx_word' id='word_1_201' title='bbox 1044 2256 1093 2303; x_wconf 90' lang='lat' dir='ltr'>in</span> <span class='ocrx_word' id='word_1_202' title='bbox 1121 2257 1316 2320; x_wconf 84' lang='lat' dir='ltr'>regione</span> <span class='ocrx_word' id='word_1_203' title='bbox 1340 2257 1571 2305; x_wconf 90' lang='lat' dir='ltr'>Columne</span> <span class='ocrx_word' id='word_1_204' title='bbox 1592 2255 1751 2319; x_wconf 89' lang='lat' dir='ltr'>posita</span> <span class='ocrx_word' id='word_1_205' title='bbox 1771 2257 1828 2302; x_wconf 93' lang='lat' dir='ltr'>D.</span> <span class='ocrx_word' id='word_1_206' title='bbox 1854 2253 2078 2317; x_wconf 89' lang='lat' dir='ltr'>Prosperi</span> 
     </span>
     <span class='ocr_line' id='line_1_25' title="bbox 310 2337 2077 2403; baseline -0.003 -15"><span class='ocrx_word' id='word_1_207' title='bbox 310 2340 559 2399; x_wconf 89' lang='lat' dir='ltr'>Columna,</span> <span class='ocrx_word' id='word_1_208' title='bbox 587 2344 633 2388; x_wconf 93' lang='lat' dir='ltr'>et</span> <span class='ocrx_word' id='word_1_209' title='bbox 655 2340 746 2387; x_wconf 89' lang='lat' dir='ltr'>alia</span> <span class='ocrx_word' id='word_1_210' title='bbox 766 2355 915 2403; x_wconf 88' lang='lat' dir='ltr'>prope</span> <span class='ocrx_word' id='word_1_211' title='bbox 939 2339 1136 2387; x_wconf 89' lang='lat' dir='ltr'>domum</span> <span class='ocrx_word' id='word_1_212' title='bbox 1155 2341 1278 2387; x_wconf 86' lang='lat' dir='ltr'>Rmi.</span> <span class='ocrx_word' id='word_1_213' title='bbox 1305 2343 1361 2388; x_wconf 93' lang='lat' dir='ltr'>D.</span> <span class='ocrx_word' id='word_1_214' title='bbox 1388 2339 1642 2388; x_wconf 91' lang='lat' dir='ltr'>cardinalis</span> <span class='ocrx_word' id='word_1_215' title='bbox 1665 2355 1704 2386; x_wconf 90' lang='lat' dir='ltr'>s.</span> <span class='ocrx_word' id='word_1_216' title='bbox 1729 2337 1936 2400; x_wconf 86' lang='lat' dir='ltr'>Georgii,</span> <span class='ocrx_word' id='word_1_217' title='bbox 1963 2337 2077 2384; x_wconf 93' lang='lat' dir='ltr'>olim</span> 
     </span>
    </p>
   </div>
   <div class='ocr_carea' id='block_1_3' title="bbox 306 2420 2080 2570">
    <p class='ocr_par' dir='ltr' id='par_1_8' title="bbox 306 2420 2080 2570">
     <span class='ocr_line' id='line_1_26' title="bbox 310 2420 2080 2488; baseline -0.003 -16"><span class='ocrx_word' id='word_1_218' title='bbox 310 2424 501 2472; x_wconf 83' lang='lat' dir='ltr'>comitis</span> <span class='ocrx_word' id='word_1_219' title='bbox 535 2422 815 2488; x_wconf 80' lang='lat' dir='ltr'>Hieronymi</span> <span class='ocrx_word' id='word_1_220' title='bbox 843 2421 1111 2483; x_wconf 79' lang='lat' dir='ltr'>Tuttaville,</span> <span class='ocrx_word' id='word_1_221' title='bbox 1141 2440 1227 2487; x_wconf 92' lang='lat' dir='ltr'>pro</span> <span class='ocrx_word' id='word_1_222' title='bbox 1259 2440 1316 2472; x_wconf 90' lang='lat' dir='ltr'>eo</span> <span class='ocrx_word' id='word_1_223' title='bbox 1351 2424 1479 2487; x_wconf 91' lang='lat' dir='ltr'>quod</span> <span class='ocrx_word' id='word_1_224' title='bbox 1505 2438 1602 2471; x_wconf 93' lang='lat' dir='ltr'>non</span> <span class='ocrx_word' id='word_1_225' title='bbox 1629 2424 1892 2486; x_wconf 87' lang='lat' dir='ltr'>paruerunt</span> <span class='ocrx_word' id='word_1_226' title='bbox 1921 2420 2080 2468; x_wconf 87' lang='lat' dir='ltr'>bando</span> 
     </span>
     <span class='ocr_line' id='line_1_27' title="bbox 306 2506 1120 2570; baseline 0 -16"><span class='ocrx_word' id='word_1_227' title='bbox 306 2522 461 2570; x_wconf 88' lang='lat' dir='ltr'>nuper</span> <span class='ocrx_word' id='word_1_228' title='bbox 480 2506 529 2553; x_wconf 92' lang='lat' dir='ltr'>in</span> <span class='ocrx_word' id='word_1_229' title='bbox 550 2507 695 2566; x_wconf 90' lang='lat' dir='ltr'>Urbe,</span> <span class='ocrx_word' id='word_1_230' title='bbox 717 2510 768 2554; x_wconf 89' lang='lat' dir='ltr'>ut</span> <span class='ocrx_word' id='word_1_231' title='bbox 790 2522 950 2570; x_wconf 88' lang='lat' dir='ltr'>supra,</span> <span class='ocrx_word' id='word_1_232' title='bbox 975 2506 1120 2555; x_wconf 88' lang='lat' dir='ltr'>facto.</span> 
     </span>
    </p>
   </div>
   <div class='ocr_carea' id='block_1_4' title="bbox 313 2589 2100 3317">
    <p class='ocr_par' dir='ltr' id='par_1_9' title="bbox 313 2589 2100 3317">
     <span class='ocr_line' id='line_1_28' title="bbox 372 2589 2077 2649; baseline -0.001 -13"><span class='ocrx_word' id='word_1_233' title='bbox 372 2590 515 2637; x_wconf 89' lang='lat' dir='ltr'>Feria</span> <span class='ocrx_word' id='word_1_234' title='bbox 533 2594 684 2649; x_wconf 86' lang='lat' dir='ltr'>sexta,</span> <span class='ocrx_word' id='word_1_235' title='bbox 713 2594 767 2637; x_wconf 87' lang='lat'>17</span> <span class='ocrx_word' id='word_1_236' title='bbox 798 2589 1028 2649; x_wconf 86' lang='lat' dir='ltr'>octobris,</span> <span class='ocrx_word' id='word_1_237' title='bbox 1053 2593 1163 2637; x_wconf 90' lang='lat' dir='ltr'>ante</span> <span class='ocrx_word' id='word_1_238' title='bbox 1190 2590 1361 2638; x_wconf 89' lang='lat' dir='ltr'>horam</span> <span class='ocrx_word' id='word_1_239' title='bbox 1387 2589 1678 2649; x_wconf 90' lang='lat' dir='ltr'>consistorii,</span> <span class='ocrx_word' id='word_1_240' title='bbox 1704 2591 1787 2638; x_wconf 88' lang='lat' dir='ltr'><strong>SS.</strong></span> <span class='ocrx_word' id='word_1_241' title='bbox 1814 2590 1868 2636; x_wconf 93' lang='lat' dir='ltr'><strong>D.</strong></span> <span class='ocrx_word' id='word_1_242' title='bbox 1894 2591 2077 2646; x_wconf 80' lang='lat' dir='ltr'>noster,</span> 
     </span>
     <span class='ocr_line' id='line_1_29' title="bbox 319 2672 2086 2737; baseline -0.002 -16"><span class='ocrx_word' id='word_1_243' title='bbox 319 2677 576 2736; x_wconf 87' lang='lat' dir='ltr'>antequam</span> <span class='ocrx_word' id='word_1_244' title='bbox 602 2673 753 2721; x_wconf 86' lang='lat' dir='ltr'>exiret</span> <span class='ocrx_word' id='word_1_245' title='bbox 775 2672 833 2721; x_wconf 93' lang='lat' dir='ltr'>de</span> <span class='ocrx_word' id='word_1_246' title='bbox 859 2688 1051 2721; x_wconf 88' lang='lat' dir='ltr'>camera</span> <span class='ocrx_word' id='word_1_247' title='bbox 1078 2689 1181 2733; x_wconf 86' lang='lat' dir='ltr'>sua,</span> <span class='ocrx_word' id='word_1_248' title='bbox 1206 2673 1518 2737; x_wconf 86' lang='lat' dir='ltr'>interrogavit</span> <span class='ocrx_word' id='word_1_249' title='bbox 1538 2689 1617 2722; x_wconf 93' lang='lat' dir='ltr'>me</span> <span class='ocrx_word' id='word_1_250' title='bbox 1639 2689 1698 2721; x_wconf 90' lang='lat' dir='ltr'>an</span> <span class='ocrx_word' id='word_1_251' title='bbox 1716 2676 1913 2736; x_wconf 89' lang='lat' dir='ltr'>propter</span> <span class='ocrx_word' id='word_1_252' title='bbox 1929 2685 2086 2719; x_wconf 90' lang='lat' dir='ltr'>reces-</span> 
     </span>
     <span class='ocr_line' id='line_1_30' title="bbox 313 2755 2082 2821; baseline -0.001 -18"><span class='ocrx_word' id='word_1_253' title='bbox 313 2772 418 2803; x_wconf 92' lang='lat' dir='ltr'>sum</span> <span class='ocrx_word' id='word_1_254' title='bbox 455 2757 580 2804; x_wconf 74' lang='lat' dir='ltr'>Rmi.</span> <span class='ocrx_word' id='word_1_255' title='bbox 615 2759 671 2804; x_wconf 93' lang='lat' dir='ltr'><strong>D.</strong></span> <span class='ocrx_word' id='word_1_256' title='bbox 707 2757 961 2804; x_wconf 89' lang='lat' dir='ltr'>cardinalis</span> <span class='ocrx_word' id='word_1_257' title='bbox 995 2757 1221 2805; x_wconf 88' lang='lat' dir='ltr'>Senensis</span> <span class='ocrx_word' id='word_1_258' title='bbox 1258 2758 1422 2820; x_wconf 89' lang='lat' dir='ltr'>legati,</span> <span class='ocrx_word' id='word_1_259' title='bbox 1459 2761 1622 2806; x_wconf 89' lang='lat' dir='ltr'>essent</span> <span class='ocrx_word' id='word_1_260' title='bbox 1654 2773 1739 2821; x_wconf 90' lang='lat' dir='ltr'>per</span> <span class='ocrx_word' id='word_1_261' title='bbox 1771 2755 2082 2805; x_wconf 89' lang='lat' dir='ltr'>Sanctitatem</span> 
     </span>
     <span class='ocr_line' id='line_1_31' title="bbox 315 2838 2083 2903; baseline -0.001 -19"><span class='ocrx_word' id='word_1_262' title='bbox 315 2853 451 2885; x_wconf 89' lang='lat' dir='ltr'>suam</span> <span class='ocrx_word' id='word_1_263' title='bbox 486 2838 688 2886; x_wconf 90' lang='lat' dir='ltr'>dicende</span> <span class='ocrx_word' id='word_1_264' title='bbox 729 2839 873 2903; x_wconf 88' lang='lat' dir='ltr'>aliqui</span> <span class='ocrx_word' id='word_1_265' title='bbox 904 2842 1145 2891; x_wconf 87' lang='lat' dir='ltr'>orationes</span> <span class='ocrx_word' id='word_1_266' title='bbox 1179 2847 1226 2888; x_wconf 83' lang='lat' dir='ltr'>et</span> <span class='ocrx_word' id='word_1_267' title='bbox 1261 2840 1352 2887; x_wconf 90' lang='lat' dir='ltr'>alie</span> <span class='ocrx_word' id='word_1_268' title='bbox 1391 2839 1667 2888; x_wconf 89' lang='lat' dir='ltr'>ceremonie</span> <span class='ocrx_word' id='word_1_269' title='bbox 1697 2838 1932 2887; x_wconf 85' lang='lat' dir='ltr'>faciende.</span> <span class='ocrx_word' id='word_1_270' title='bbox 1962 2839 2083 2884; x_wconf 90' lang='lat' dir='ltr'>Res-</span> 
     </span>
     <span class='ocr_line' id='line_1_32' title="bbox 314 2919 2084 2987; baseline -0.002 -19"><span class='ocrx_word' id='word_1_271' title='bbox 314 2920 460 2983; x_wconf 91' lang='lat' dir='ltr'>pondi</span> <span class='ocrx_word' id='word_1_272' title='bbox 490 2921 738 2968; x_wconf 86' lang='lat' dir='ltr'>Sanctitati</span> <span class='ocrx_word' id='word_1_273' title='bbox 769 2937 853 2971; x_wconf 88' lang='lat' dir='ltr'>sue</span> <span class='ocrx_word' id='word_1_274' title='bbox 882 2926 1010 2987; x_wconf 91' lang='lat' dir='ltr'>quod</span> <span class='ocrx_word' id='word_1_275' title='bbox 1033 2940 1146 2982; x_wconf 90' lang='lat' dir='ltr'>non,</span> <span class='ocrx_word' id='word_1_276' title='bbox 1172 2923 1255 2971; x_wconf 89' lang='lat' dir='ltr'>sed</span> <span class='ocrx_word' id='word_1_277' title='bbox 1281 2922 1415 2970; x_wconf 89' lang='lat' dir='ltr'>finito</span> <span class='ocrx_word' id='word_1_278' title='bbox 1445 2921 1747 2980; x_wconf 82' lang='lat' dir='ltr'>consistorio,</span> <span class='ocrx_word' id='word_1_279' title='bbox 1773 2921 1832 2968; x_wconf 93' lang='lat' dir='ltr'>ab</span> <span class='ocrx_word' id='word_1_280' title='bbox 1859 2919 2084 2967; x_wconf 89' lang='lat' dir='ltr'>omnibus</span> 
     </span>
     <span class='ocr_line' id='line_1_33' title="bbox 316 3001 2084 3069; baseline -0.001 -19"><span class='ocrx_word' id='word_1_281' title='bbox 316 3003 506 3051; x_wconf 86' lang='lat' dir='ltr'>RRmis.</span> <span class='ocrx_word' id='word_1_282' title='bbox 533 3005 634 3051; x_wconf 91' lang='lat' dir='ltr'><strong>DD.</strong></span> <span class='ocrx_word' id='word_1_283' title='bbox 666 3004 983 3053; x_wconf 89' lang='lat' dir='ltr'>cardinalibus</span> <span class='ocrx_word' id='word_1_284' title='bbox 1010 3010 1144 3054; x_wconf 85' lang='lat' dir='ltr'>extra</span> <span class='ocrx_word' id='word_1_285' title='bbox 1168 3009 1358 3069; x_wconf 87' lang='lat' dir='ltr'>portam</span> <span class='ocrx_word' id='word_1_286' title='bbox 1390 3003 1700 3052; x_wconf 88' lang='lat' dir='ltr'>associandus</span> <span class='ocrx_word' id='word_1_287' title='bbox 1729 3002 1886 3061; x_wconf 89' lang='lat' dir='ltr'>venit;</span> <span class='ocrx_word' id='word_1_288' title='bbox 1912 3001 2084 3050; x_wconf 90' lang='lat' dir='ltr'>deinde</span> 
     </span>
     <span class='ocr_line' id='line_1_34' title="bbox 320 3083 2087 3147; baseline -0.002 -14"><span class='ocrx_word' id='word_1_289' title='bbox 320 3085 380 3133; x_wconf 89' lang='lat' dir='ltr'>ad</span> <span class='ocrx_word' id='word_1_290' title='bbox 412 3086 747 3135; x_wconf 89' lang='lat' dir='ltr'>consistorium</span> <span class='ocrx_word' id='word_1_291' title='bbox 771 3090 854 3136; x_wconf 89' lang='lat' dir='ltr'><strong>SS.</strong></span> <span class='ocrx_word' id='word_1_292' title='bbox 877 3091 934 3136; x_wconf 93' lang='lat' dir='ltr'><strong>D.</strong></span> <span class='ocrx_word' id='word_1_293' title='bbox 959 3093 1124 3136; x_wconf 87' lang='lat' dir='ltr'>noster</span> <span class='ocrx_word' id='word_1_294' title='bbox 1150 3087 1231 3136; x_wconf 89' lang='lat' dir='ltr'>ivit</span> <span class='ocrx_word' id='word_1_295' title='bbox 1253 3092 1316 3147; x_wconf 88' lang='lat' dir='ltr'>et,</span> <span class='ocrx_word' id='word_1_296' title='bbox 1341 3086 1478 3135; x_wconf 90' lang='lat' dir='ltr'>finito</span> <span class='ocrx_word' id='word_1_297' title='bbox 1506 3085 1813 3144; x_wconf 89' lang='lat' dir='ltr'>consistorio,</span> <span class='ocrx_word' id='word_1_298' title='bbox 1845 3083 2087 3132; x_wconf 84' lang='lat' dir='ltr'>commisit</span> 
     </span>
     <span class='ocr_line' id='line_1_35' title="bbox 322 3167 2085 3234; baseline -0.002 -18"><span class='ocrx_word' id='word_1_299' title='bbox 322 3169 573 3218; x_wconf 89' lang='lat' dir='ltr'>Gullielmo</span> <span class='ocrx_word' id='word_1_300' title='bbox 597 3172 749 3218; x_wconf 91' lang='lat' dir='ltr'>Bosco</span> <span class='ocrx_word' id='word_1_301' title='bbox 772 3171 956 3219; x_wconf 88' lang='lat' dir='ltr'>cursori</span> <span class='ocrx_word' id='word_1_302' title='bbox 978 3171 1107 3234; x_wconf 89' lang='lat' dir='ltr'>quod</span> <span class='ocrx_word' id='word_1_303' title='bbox 1126 3171 1213 3219; x_wconf 88' lang='lat' dir='ltr'>iret</span> <span class='ocrx_word' id='word_1_304' title='bbox 1237 3171 1297 3218; x_wconf 90' lang='lat' dir='ltr'>ad</span> <span class='ocrx_word' id='word_1_305' title='bbox 1314 3173 1482 3218; x_wconf 89' lang='lat' dir='ltr'>Rotam</span> <span class='ocrx_word' id='word_1_306' title='bbox 1511 3171 1571 3218; x_wconf 90' lang='lat' dir='ltr'>ad</span> <span class='ocrx_word' id='word_1_307' title='bbox 1599 3170 1819 3219; x_wconf 90' lang='lat' dir='ltr'>dominos</span> <span class='ocrx_word' id='word_1_308' title='bbox 1841 3167 2085 3216; x_wconf 87' lang='lat' dir='ltr'>auditores</span> 
     </span>
     <span class='ocr_line' id='line_1_36' title="bbox 321 3231 2100 3317; baseline -0.001 -19"><span class='ocrx_word' id='word_1_309' title='bbox 321 3254 368 3298; x_wconf 94' lang='lat' dir='ltr'>et</span> <span class='ocrx_word' id='word_1_310' title='bbox 387 3251 455 3298; x_wconf 93' lang='lat' dir='ltr'>eis</span> <span class='ocrx_word' id='word_1_311' title='bbox 478 3268 562 3300; x_wconf 92' lang='lat' dir='ltr'>suo</span> <span class='ocrx_word' id='word_1_312' title='bbox 582 3252 778 3301; x_wconf 91' lang='lat' dir='ltr'>nomine</span> <span class='ocrx_word' id='word_1_313' title='bbox 800 3254 1050 3302; x_wconf 89' lang='lat' dir='ltr'>mandaret</span> <span class='ocrx_word' id='word_1_314' title='bbox 1064 3253 1192 3317; x_wconf 91' lang='lat' dir='ltr'>quod</span> <span class='ocrx_word' id='word_1_315' title='bbox 1209 3267 1306 3301; x_wconf 90' lang='lat' dir='ltr'>non</span> <span class='ocrx_word' id='word_1_316' title='bbox 1329 3257 1571 3302; x_wconf 88' lang='lat' dir='ltr'>servarent</span> <span class='ocrx_word' id='word_1_317' title='bbox 1587 3253 1877 3301; x_wconf 88' lang='lat' dir='ltr'>audientiam</span> <span class='ocrx_word' id='word_1_318' title='bbox 1891 3231 2100 3315; x_wconf 49' lang='lat' dir='ltr'>propter·</span> 
     </span>
    </p>
   </div>
   <div class='ocr_carea' id='block_1_5' title="bbox 322 3331 2088 3466">
    <p class='ocr_par' dir='ltr' id='par_1_10' title="bbox 322 3331 2088 3466">
     <span class='ocr_line' id='line_1_37' title="bbox 322 3331 2088 3400; baseline -0.002 -20"><span class='ocrx_word' id='word_1_319' title='bbox 322 3348 565 3382; x_wconf 88' lang='lat' dir='ltr'>recessum</span> <span class='ocrx_word' id='word_1_320' title='bbox 594 3335 716 3383; x_wconf 89' lang='lat' dir='ltr'>Rmi.</span> <span class='ocrx_word' id='word_1_321' title='bbox 743 3338 800 3384; x_wconf 85' lang='lat' dir='ltr'><strong>D.</strong></span> <span class='ocrx_word' id='word_1_322' title='bbox 833 3336 1087 3385; x_wconf 88' lang='lat' dir='ltr'>cardinalis</span> <span class='ocrx_word' id='word_1_323' title='bbox 1109 3336 1276 3400; x_wconf 87' lang='lat' dir='ltr'>legati;</span> <span class='ocrx_word' id='word_1_324' title='bbox 1299 3335 1462 3399; x_wconf 86' lang='lat' dir='ltr'>sicque</span> <span class='ocrx_word' id='word_1_325' title='bbox 1493 3341 1563 3386; x_wconf 85' lang='lat' dir='ltr'>est</span> <span class='ocrx_word' id='word_1_326' title='bbox 1592 3337 1789 3396; x_wconf 82' lang='lat' dir='ltr'>sactum,</span> <span class='ocrx_word' id='word_1_327' title='bbox 1814 3338 1862 3384; x_wconf 90' lang='lat' dir='ltr'>et</span> <span class='ocrx_word' id='word_1_328' title='bbox 1885 3331 2088 3381; x_wconf 86' lang='lat' dir='ltr'>nonfuit</span> 
     </span>
     <span class='ocr_line' id='line_1_38' title="bbox 325 3416 775 3466; baseline 0 -2"><span class='ocrx_word' id='word_1_329' title='bbox 325 3416 406 3464; x_wconf 90' lang='lat' dir='ltr'>illa</span> <span class='ocrx_word' id='word_1_330' title='bbox 424 3416 499 3465; x_wconf 92' lang='lat' dir='ltr'>die</span> <span class='ocrx_word' id='word_1_331' title='bbox 518 3418 775 3466; x_wconf 85' lang='lat' dir='ltr'>audientia.</span> 
     </span>
    </p>
   </div>
  </div>
 </body>
</html>
