2222 3926
114 330 335 371 [Aout1496]
556 332 725 369 RERUM
760 331 1065 368 URBANARUM
1097 331 1449 369 COMMENTARH.
1827 332 1897 369 323

116 448 173 480 ac
201 434 506 482 Germaniam
528 450 583 483 ac
604 450 908 498 quecumque
936 433 1029 482 alia
1048 433 1172 492 loca,
1198 433 1259 482 ad
1282 450 1375 497 que
1399 449 1487 482 nos
1518 434 1763 483 declinare
1785 450 1897 482 con-

120 517 297 581 tigerit,
323 518 615 566 sanctissimi
645 518 826 566 domini
854 518 1005 565 nostri
1035 515 1297 566 Alexandri
1321 533 1444 582 pape
1474 517 1596 566 sexti
1625 522 1673 566 et
1702 522 1896 582 aposto-

114 600 206 649 lice
238 601 363 649 sedis
395 601 584 665 legatus
602 602 661 651 de
681 602 852 661 latere,
877 601 1136 650 venerabili
1165 602 1213 648 in
1239 601 1431 649 Christo
1460 602 1601 665 patri,
1628 602 1715 650 Dei
1744 602 1896 666 gratia

117 684 344 748 episcopo
366 685 620 748 Eugubino
642 686 715 734 vel
737 687 842 750 ejus
865 685 1038 733 vicario
1060 685 1109 732 in
1129 684 1474 748 spiritualibus,
1499 685 1704 734 salutem
1726 690 1775 733 et
1799 685 1898 733 sin-

112 783 276 815 ceram
294 767 341 814 in
367 769 575 816 Domino
597 769 882 818 charitatem
905 785 913 816 :
941 769 1097 816 oblate
1129 769 1266 816 nobis
1288 785 1376 833 pro
1404 774 1539 833 parte
1569 769 1731 818 dilecti
1755 769 1892 817 nobis

111 849 160 896 in
182 850 390 909 Christo,
414 855 531 908 etc.,
557 852 692 899 Baldi
716 857 832 911 etc.,
864 858 911 900 et.
938 853 1120 901 Camilli
1149 857 1265 912 etc.,
1297 853 1543 917 petitionis
1570 853 1720 901 series
1744 853 1897 901 conti-

113 932 258 981 nebat
287 933 417 997 quod
443 934 533 997 ipsi
557 935 671 982 olim
698 936 974 999 ignorantes
1002 941 1330 996 asseruerunt,
1357 937 1670 1001 postmodum
1699 952 1812 984 vero
1840 937 1896 985 ad

112 1032 284 1080 preces
297 1032 462 1065 eorum
477 1018 558 1081 qui
572 1023 681 1067 suut
695 1019 941 1083 conjuncti
959 1024 1050 1067 etc.
1065 1058 1074 1079 ,
1093 1035 1202 1067 cum
1218 1025 1380 1068 autem
1396 1036 1493 1068 nou
1509 1020 1696 1085 possint
1716 1021 1896 1084 absque

115 1100 242 1148 sedis
270 1101 534 1164 apostolice
563 1102 922 1166 dispensatione
951 1104 1088 1167 cujus
1118 1103 1440 1152 aucthoritate
1470 1104 1716 1168 fungimur
1736 1104 1783 1151 in
1805 1104 1896 1151 hac

113 1189 268 1247 parte,
293 1190 564 1249 opportune
586 1186 839 1249 providere
862 1186 1189 1250 dignaremur.
1212 1189 1308 1235 Nos
1330 1187 1474 1250 igitur
1491 1187 1770 1251 hujusmodi
1790 1204 1898 1251 sup-

110 1267 355 1331 plicationi
387 1268 603 1332 ipsorum
633 1270 864 1318 inclinare
897 1270 1167 1333 cupientes,
1191 1270 1354 1333 vigore
1384 1271 1622 1319 facultatis
1657 1271 1794 1318 uobis
1820 1271 1899 1318 de-

112 1367 256 1415 super
274 1367 526 1411 concesse,
551 1353 973 1416 circumspectioni
994 1357 1146 1401 vestre
1169 1353 1227 1420 de
1249 1353 1405 1415 quain
1429 1353 1504 1400 his
1521 1359 1568 1401 et
1585 1354 1690 1401 aliis
1712 1354 1900 1417 specia-

109 1434 207 1483 lem
239 1434 289 1482 in
323 1435 530 1483 Domino
555 1435 781 1483 fiduciam
810 1436 1104 1494 obtinemus,
1129 1436 1479 1484 committimus
1509 1452 1599 1500 per
1623 1441 1895 1501 presentes,

111 1523 348 1581 quatenus
382 1517 421 1566 si
454 1522 527 1566 est
560 1518 642 1578 ita,
674 1519 895 1583 dictaque
930 1519 1106 1568 mulier
1136 1523 1336 1583 propter
1367 1519 1460 1567 hoc
1493 1526 1629 1584 rapta
1661 1537 1759 1568 non
1793 1520 1898 1569 fue-

113 1601 166 1648 rit
190 1607 306 1659 etc.,
326 1602 648 1650 aucthoritate
670 1603 936 1667 apostolica
957 1602 1281 1666 dispensetur,
1304 1602 1487 1666 prolem
1506 1608 1599 1652 etc.
1621 1607 1673 1651 ln
1692 1620 1899 1667 quorum

110 1684 256 1733 tidem
296 1690 342 1733 et
383 1685 714 1733 testimonium
752 1691 1005 1750 presentes
1044 1691 1235 1734 nostras
1280 1686 1445 1735 literas
1485 1688 1614 1747 fieri,
1650 1688 1897 1751 nostrique

112 1768 253 1832 sigilli
275 1769 438 1833 magni
461 1769 589 1817 soliti
607 1770 842 1833 jussimus
875 1775 922 1818 et
944 1770 1147 1818 fecimus
1174 1770 1471 1833 appensione
1503 1769 1696 1817 muniri.
1723 1773 1898 1818 Datum

111 1852 246 1910 Calii,
268 1868 395 1901 anno
418 1853 763 1901 incarnationis
786 1853 1027 1901 dominice
1054 1857 1196 1911 1496,
1218 1859 1384 1901 octavo
1407 1853 1513 1901 idus
1544 1853 1754 1917 augusti,
1777 1869 1899 1916 pon—

110 1933 318 1982 tificatus
339 1935 541 1999 predicti
563 1935 746 1983 domini
772 1936 921 1983 nostri
943 1952 1084 2000 pape,
1105 1951 1233 1982 anno
1258 1941 1426 1998 quarto
1447 1941 1459 1999 (
1472 1940 1531 1999 l).

178 2019 500 2068 Bernardinus
518 2024 632 2078 etc.,
653 2019 829 2066 dilecto
852 2018 991 2066 nobis
1007 2019 1056 2065 in
1069 2018 1260 2065 Christo
1277 2019 1535 2078 Ludovico,
1556 2020 1760 2068 salutem
1777 2024 1894 2076 etc.,

110 2103 155 2150 in
172 2103 380 2151 Domino
396 2104 742 2167 sempiternam
759 2106 851 2150 etc.
865 2102 980 2162 ,vite
997 2117 1051 2149 ac
1068 2117 1258 2149 morum
1274 2108 1390 2161 etc.,
1408 2103 1755 2166 consequentia
1771 2108 1894 2153 etc.,

108 2186 268 2250 vigore
289 2186 528 2234 facultatis
554 2186 694 2235 nobis
717 2187 925 2250 desuper
950 2201 1182 2234 concesse
1204 2186 1377 2249 harum
1401 2187 1525 2235 serie
1545 2192 1660 2247 etc.,
1679 2203 1770 2236 nec
1794 2204 1889 2235 non

107 2269 270 2318 omnia
304 2273 349 2318 et
380 2269 571 2333 singula
603 2270 842 2318 beneficia
874 2274 990 2329 etc.,
1020 2270 1190 2318 dantes
1219 2285 1386 2317 secum
1418 2274 1463 2318 et
1498 2287 1592 2318 una
1623 2287 1733 2319 cum
1768 2271 1895 2318 dicta

55 2379 69 2390 s
109 2352 316 2401 ecclesia
335 2352 674 2416 quodcumque
697 2354 823 2402 aliud
845 2358 961 2413 etc.,
988 2352 1241 2401 contrariis
1272 2353 1446 2401 ceteris
1476 2371 1572 2401 non
1595 2354 1896 2402 obstantibus

105 2437 427 2487 aucthoritate
449 2440 732 2502 apostolica,
756 2443 923 2488 tenore
953 2441 1271 2503 presentium,
1298 2441 1460 2504 vigore
1484 2438 1724 2486 facultatis
1751 2437 1891 2484 nobis

107 2521 315 2585 desuper
353 2538 381 2570 a
413 2522 601 2586 prefato
634 2525 691 2570 D.
724 2525 779 2571 N.
811 2539 937 2586 papa
970 2539 1200 2572 concesse
1235 2528 1282 2572 et
1320 2539 1465 2586 quam
1490 2523 1629 2585 juxta
1660 2520 1895 2568 indultum

111 2604 248 2652 nobis
277 2604 486 2670 desuper
513 2622 800 2655 concessum
828 2606 1042 2656 inserere
1068 2623 1164 2655 non
1192 2612 1434 2666 tenemur,
1457 2606 1516 2653 de
1549 2604 1747 2668 speciali
1769 2604 1895 2651 dono

108 2688 260 2750 gratie
281 2688 636 2752 dispensamus.
666 2690 857 2738 Proviso
884 2690 997 2738 etin
1019 2706 1226 2753 quorum
1248 2695 1365 2749 etc.,
1393 2691 1556 2738 datum
1581 2692 1676 2736 etc.

175 2771 504 2820 Bernardinus
539 2778 655 2833 etc.,
693 2773 883 2822 delecto
917 2773 1055 2821 nobis
1083 2774 1130 2820 in
1163 2774 1436 2822 Christo....
1475 2771 1816 2820 archidiacono
1847 2775 1892 2818 et

110 2855 279 2903 carolo
319 2855 557 2904 canonico
592 2871 647 2903 ac
682 2855 856 2904 vicario
887 2859 941 2903 R.
978 2858 1032 2903 P.
1065 2860 1178 2915 etc.,
1217 2856 1423 2903 salutem
1458 2860 1571 2911 etc.,
1608 2853 1658 2900 in
1689 2853 1892 2901 Domino

108 2938 454 3003 sempiternam
479 2945 595 2999 etc.,
624 2939 890 3003 apostolice
914 2939 1040 2988 sedis
1061 2939 1249 3003 legatus
1270 2940 1409 3004 cnjus
1432 2938 1480 2985 in
1495 2938 1587 2985 hac
1606 2942 1742 3001 parte
1765 2936 1892 2983 vices

104 3022 342 3086 gerimus,
379 3022 638 3071 clementia
677 3023 738 3070 ad
777 3023 999 3071 eamdem
1037 3038 1295 3087 personam
1332 3026 1440 3087 post
1479 3036 1732 3070 excessum
1772 3024 1886 3069 etc..

104 3104 332 3153 exhibita.
358 3106 407 3154 Si
436 3106 632 3169 quidem
661 3106 817 3170 ipsum
845 3108 899 3154 B.
925 3122 983 3154 ex
1011 3107 1395 3170 quibuscumque
1428 3101 1891 3153 excommnuicatio-

105 3187 178 3235 nis
201 3192 315 3247 etc.,
334 3187 426 3235 hac
445 3189 569 3236 serie
592 3188 830 3237 facultatis
855 3190 1013 3253 vigore
1039 3189 1175 3237 uobis
1197 3190 1405 3252 desuper
1426 3202 1657 3236 concesse
1677 3191 1724 3234 et
1745 3200 1888 3248 quam

155 3337 187 3373 1.
220 3337 321 3373 Dans
342 3347 382 3372 ce
404 3335 484 3372 bref
501 3339 537 3372 et
555 3336 650 3372 dans
678 3336 730 3372 les
759 3336 938 3381 suivants,
967 3337 1154 3374 Burchard
1181 3337 1327 3385 neglige
1356 3336 1406 3371 les
1433 3334 1704 3371 circonstauces
1731 3332 1888 3380 particu-

108 3395 228 3440 lieres,
249 3400 286 3432 et
305 3407 350 3431 ne
371 3395 490 3432 releve
517 3407 588 3444 que
617 3395 669 3432 les
695 3395 866 3432 fot-mules
894 3395 1083 3443 generales
1109 3396 1170 3444 qui
1191 3399 1365 3444 pourront
1392 3394 1439 3430 lui
1468 3393 1582 3429 servir
1608 3394 1629 3427 a
1654 3391 1687 3428 la
1708 3390 1887 3427 redaction

108 3455 245 3492 ‹l'actes
266 3454 497 3493 semblables.
