2228 3938
282 341 326 376 24
890 337 909 374 J
914 336 1091 374 OHANNI
1096 336 1121 373 S
1160 336 1456 384 BURCHARDI,
1737 337 1941 380 [Decembre
1963 339 2058 379 1492]

284 458 419 490 more
448 442 607 490 solito.
646 444 699 490 In
733 440 903 488 eadem
930 439 1143 499 basilica,
1189 439 1313 488 facta
1343 456 1431 504 per
1463 440 1734 488 cardinales
1770 440 2054 500 reverentIa,

282 524 428 572 iidem
452 529 498 573 et
519 524 690 588 prelati
712 539 881 572 omnes
919 528 1210 587 acceperunt
1233 528 1517 587 paramenta
1542 527 1792 583 consueta,
1818 523 1903 570 sed
1925 523 2057 571 inor-

283 608 462 667 dinate,
488 608 600 671 quia
621 608 979 671 quamprimum
1005 605 1147 667 primi
1176 605 1443 652 cardinales
1474 605 1796 654 reverentiam
1817 607 2055 667 fecerunt,

283 692 372 756 ipsi
387 707 472 740 sua
485 694 768 754 paramenta
784 692 1090 752 acceperunt,
1108 692 1154 735 et
1170 688 1293 735 male
1311 692 1490 748 tamen,
1507 689 1617 751 quia
1632 688 1873 740 debebant
1891 707 2062 756 expec-

282 778 409 823 tasse
447 789 699 837 quousque
734 788 904 821 omnes
941 770 1208 819 cardinales
1243 771 1560 819 reverentiam
1597 771 1841 833 fecissent,
1884 775 2058 825 deinde

287 858 428 907 simul
459 873 570 905 cum
595 856 930 905 assistentibus
953 854 1225 902 senioribus
1248 854 1462 903 diaconis
1482 861 1765 919 paramenta
1790 858 2058 922 accepisse3

280 942 541 990 lectionem
572 939 837 988 secundam
871 942 928 986 D.
969 937 1215 997 SenensiS,
1248 937 1436 985 tertiam
1460 939 1817 1003 NeapolitanuS,
1842 946 2062 1005 quartam

280 1042 319 1074 s.
338 1024 616 1082 Clementis,
633 1023 849 1086 quintam
862 1022 1153 1071 camerarius
1167 1021 1410 1079 dixerunt,
1430 1020 1635 1083 primam
1649 1027 1696 1070 et
1711 1023 1770 1070 ad
1782 1024 2066 1089 Maym‘ficat

281 1125 335 1157 ac
368 1109 604 1173 hymnum
640 1105 872 1154 intonavit
910 1106 1141 1170 pontifex,
1182 1108 1239 1153 D.
1279 1103 1578 1151 Bernardino
1611 1106 1847 1154 Gambara
1867 1107 2062 1156 subdia-

282 1207 405 1240 cono
426 1191 764 1254 preintonante
796 1188 1085 1251 antiphonas
1107 1203 1162 1234 ac
1191 1202 1287 1234 una
1305 1200 1495 1234 mecum
1519 1187 1576 1233 D.
1602 1188 1861 1235 Francisco
1891 1189 2061 1237 Brevio

281 1276 534 1340 hymnum.
573 1276 630 1321 D.
669 1272 940 1321 Fridericus
973 1270 1143 1319 habuit
1179 1270 1340 1317 locum
1379 1269 1505 1318 inter
1538 1268 1657 1316 duos
1684 1269 1880 1319 ultimos
1907 1271 2063 1319 cardi-

281 1358 414 1406 nales
437 1357 666 1405 diaconos
689 1355 987 1419 supradictos
1003 1356 1194 1418 paratos
1213 1372 1222 1411 ;
1247 1353 1339 1401 alia
1357 1368 1492 1402 more
1509 1352 1649 1401 solito
1669 1357 1779 1401 sunt
1791 1354 2057 1404 observata.

346 1442 571 1505 Appense
605 1440 799 1488 fuerunt
827 1439 1008 1487 circum
1044 1438 1188 1497 circa,
1233 1437 1401 1485 subtus
1438 1437 1682 1485 tribunam
1715 1453 1741 1486 a
1769 1437 1921 1486 tribus
1947 1439 2063 1488 late-

283 1525 414 1572 ribus
456 1539 600 1588 supra
634 1523 784 1572 altare
822 1523 977 1587 majus
1011 1521 1207 1570 basilice
1242 1520 1479 1584 predicte,
1515 1525 1658 1583 prout
1691 1521 1808 1568 alias
1843 1525 2062 1585 tempore

285 1607 415 1655 Pauli
435 1610 474 1655 lI
496 1607 743 1655 consuevit
763 1607 885 1666 fieri,
909 1605 1070 1653 tabule
1093 1604 1288 1667 antique
1311 1619 1455 1667 grece
1478 1604 1686 1668 depicte,
1706 1620 1793 1668 per
1814 1605 2063 1653 sacristam

283 1695 523 1750 nostrum,
568 1695 615 1739 et
654 1707 681 1738 a
717 1695 853 1753 parte
892 1705 1055 1737 versus
1096 1688 1364 1747 introitum,
1411 1687 1504 1735 due
1545 1687 1763 1735 lanterne
1803 1688 2062 1736 cristalline

287 1790 462 1838 magne
484 1774 724 1838 preciose,
751 1776 878 1837 Papa
900 1773 968 1820 sic
988 1772 1196 1820 volente.

350 1858 515 1906 Finitis
549 1857 779 1921 vesperis,
819 1859 946 1920 Papa
975 1855 1192 1904 ascendit
1220 1855 1469 1918 palatium,
1507 1869 1642 1901 more
1681 1860 1915 1904 consueto
1950 1871 2064 1919 por-

286 1947 431 2002 tatuS,
458 1946 505 1989 et
526 1941 714 1988 intravit
736 1956 822 2003 per
842 1939 976 1987 aulas
998 1939 1160 1987 solitas
1183 1938 1404 2001 antiquas
1425 1952 1669 1985 cameram
1690 1938 1946 2002 papagalli,
1981 1939 2062 1987 ubi

284 2025 516 2089 depositis
553 2023 700 2071 sacris
724 2023 955 2082 vestibus,
997 2021 1245 2085 assignare
1279 2020 1394 2068 fecit
1426 2035 1646 2068 cameras
1676 2036 1822 2068 novas
1858 2021 2062 2085 principi

286 2107 581 2171 supradicto,
619 2111 671 2153 ut
703 2106 750 2152 in
784 2105 853 2154 eis
888 2121 944 2153 ea
977 2109 1118 2153 nocte
1157 2104 1446 2167 quiesceret.
1486 2107 1654 2151 Parate
1678 2107 1840 2152 autem
1872 2104 2063 2152 fuerunt

286 2207 477 2240 camere
511 2190 615 2254 ipse
645 2189 967 2248 ornatissime,
999 2188 1158 2247 tertia,
1197 2191 1367 2251 quarta
1396 2190 1443 2235 et
1472 2186 1638 2249 quinta
1673 2187 1836 2235 veluto
1867 2187 2062 2235 alexan-

287 2274 423 2322 drino
451 2277 497 2321 et
531 2273 696 2320 celesti
730 2287 785 2319 ac
815 2271 929 2319 velis
965 2271 1195 2319 bruccato
1233 2285 1379 2318 aureo
1416 2269 1613 2334 paratis,
1648 2271 1861 2319 secunda
1898 2275 2060 2319 autem

285 2358 412 2406 lecto
435 2373 495 2405 ex
515 2357 672 2405 veluto
706 2356 994 2404 cremosino.
1030 2356 1150 2404 Dedi
1180 2356 1229 2403 in
1255 2355 1330 2402 his
1355 2355 1567 2419 vesperis
1591 2354 1752 2402 locum
1775 2353 1903 2401 inter
1922 2351 2064 2400 assis-

287 2444 442 2490 tentes
469 2443 594 2504 Pape
617 2443 671 2488 R.
711 2442 766 2487 D.
798 2440 1044 2502 Stephano
1072 2439 1438 2502 archiepiscopo
1470 2436 1765 2495 Patracensi,
1798 2451 1944 2500 quem
1974 2437 2060 2484 SS.

288 2528 344 2572 D.
370 2527 426 2573 N.
452 2524 500 2571 in
522 2524 826 2572 assistentem
848 2523 935 2570 sibi
957 2523 1233 2586 assumpsit.

357 2610 409 2655 In
430 2612 572 2656 nocte
595 2607 813 2670 sequenti
836 2606 963 2654 diem
985 2606 1271 2670 predictam,
1296 2606 1424 2655 circa
1451 2606 1597 2654 horas
1618 2604 1745 2652 inter
1765 2619 1852 2651 vm
1873 2607 1920 2651 et
1941 2619 2061 2661 vnn,

290 2693 372 2740 SS.
401 2694 456 2739 D.
478 2694 532 2739 N.
559 2694 752 2754 paratus
781 2705 916 2738 more
940 2690 1079 2738 solito
1102 2694 1148 2738 et
1175 2689 1296 2737 stola
1324 2705 1383 2738 ex
1407 2689 1554 2753 perlis
1580 2692 1626 2737 et
1649 2702 1802 2751 cappa
1823 2686 1881 2734 de
1902 2686 2062 2734 veluto

287 2776 559 2823 cremesino
578 2775 627 2822 in
648 2790 842 2823 camera
874 2774 1130 2838 papagalli,
1171 2773 1300 2822 venit
1334 2773 1395 2821 ad
1427 2772 1662 2836 capellam
1694 2771 1930 2835 majorem
1953 2770 2068 2818 soli-

289 2860 404 2916 tam,
430 2857 748 2905 cardinalibus
768 2857 926 2921 ipsum
954 2860 1133 2921 Papam
1168 2856 1480 2920 sequentibus
1505 2861 1552 2903 et
1586 2856 1712 2903 inter
1731 2854 1925 2902 ultimos
1947 2852 2068 2899 duos

286 2940 368 2987 ivit
388 2940 573 2988 medius
594 2940 816 3004 princeps
838 2940 1142 3003 supradictus
1162 2956 1172 2998 ;
1199 2939 1413 2987 fimbrias
1433 2938 1650 3000 pluvialis
1673 2936 1814 2984 simul
1834 2934 2063 2983 collectas

288 3021 491 3085 portavit
513 3023 568 3068 D.
589 3021 843 3086 episcopus
864 3021 1217 3070 Alexandrinus
1239 3020 1470 3068 assistens
1491 3038 1500 3077 3
1525 3023 1632 3082 post
1654 3017 1933 3082 pontificem
1956 3032 2067 3064 cru-

290 3120 396 3153 cem
418 3104 620 3167 portavit
642 3121 763 3152 unus
786 3105 1058 3152 auditorum
1085 3108 1207 3162 rote,
1243 3108 1441 3167 propter
1461 3101 1868 3149 subdiaconorum
1890 3099 2065 3148 absen-

291 3187 422 3246 tiam,
467 3191 512 3234 et
547 3202 715 3235 ensem
753 3204 863 3236 cum
890 3187 1108 3252 cappello
1139 3189 1196 3235 D.
1230 3185 1526 3248 Augustinus
1548 3184 1606 3231 de
1640 3182 2065 3242 Piccolominibus,

292 3269 506 3333 acolytus
547 3270 857 3332 apostolicus,
911 3271 972 3318 ad
1011 3270 1254 3318 sinistram
1294 3267 1529 3332 portantis
1573 3281 1769 3315 crucem
1813 3266 2064 3324 incedens,

289 3359 484 3416 propter
504 3353 790 3401 clericorum
823 3370 1016 3403 camere
1045 3353 1332 3402 absentiam.
1365 3354 1493 3415 Papa
1523 3350 1653 3398 dedit
1678 3349 2067 3398 benedictionem

289 3436 486 3486 dicturis
503 3436 762 3484 lectionem
784 3441 831 3485 et
853 3437 1182 3486 absolutiones
1203 3436 1321 3499 legit
1340 3451 1399 3483 ex
1418 3434 1561 3482 libro.
1578 3433 1788 3482 Primam
1807 3431 2066 3481 lectionem
