2222 3926
275 337 344 373 214
886 337 1116 374 JoHANNIS
1150 338 1442 379 RURCHARDI.
1730 339 1936 380 [Dffisseffllffss
1958 341 2048 381 ¹494]

276 440 404 503 qnod
427 454 544 487 nove
566 444 795 488 venerant
814 439 873 488 de
893 441 1134 489 voluntate
1157 441 1283 504 regis
1305 441 1506 488 Francie
1529 455 1674 502 super
1696 442 2047 504 compositione

276 528 323 571 et
345 523 603 571 concordia
629 523 848 572 facienda
875 538 1020 586 super
1038 523 1234 570 introitu
1266 538 1352 569 suo
1375 523 1434 569 ad
1456 522 1654 583 Urbem,
1678 522 1936 586 deputatus
1959 525 2048 574 suit

274 622 362 671 per
381 608 464 654 SS.
490 609 547 654 D.
569 610 787 654 nostrum
810 606 1073 654 mittendus
1096 607 1155 653 ad
1177 621 1342 669 regem
1365 605 1564 654 Francie
1587 605 1646 654 ad
1666 610 1879 655 castrum
1902 610 2049 655 Brac-

275 691 450 748 ohiani,
488 695 539 737 ut
571 691 673 753 ipse
704 706 789 737 rex
823 690 970 736 alium
1006 703 1146 735 suum
1181 688 1413 747 mitteret,
1450 703 1560 735 cum
1592 702 1688 751 quo
1726 689 1785 738 de
1821 690 1966 740 modo
2001 695 2050 738 et

274 774 480 822 adventu
502 772 629 835 regis
649 772 853 836 predicti
875 771 1175 820 tractandum
1196 775 1340 820 esset.

338 856 520 905 Eodem
556 871 717 916 mane,
761 858 844 904 SS.
887 858 942 903 D.
982 860 1165 916 noster,
1200 860 1460 919 antequam
1488 855 1674 905 veniret
1700 855 1760 904 ad
1791 856 2044 920 capellam,

273 940 548 988 convocavit
580 939 641 987 ad
671 956 722 989 se
756 955 925 988 omnes
955 939 1221 988 cardinales
1255 940 1303 987 in
1331 955 1524 988 camera
1557 939 1813 1004 papagalli,
1850 939 2046 1004 dempto

272 1024 513 1072 cardinale
542 1023 868 1073 Alexandrino
890 1023 1193 1072 celebraturo
1225 1040 1234 1071 :
1268 1039 1463 1072 causam
1483 1023 1613 1087 regis
1644 1023 1846 1072 Francie
1867 1039 2046 1088 propo-

273 1107 367 1155 suit
400 1107 447 1154 in
481 1107 724 1171 presentia
753 1107 888 1155 ducis
916 1107 1134 1156 Calabrie
1168 1123 1177 1155 :
1209 1106 1420 1171 acceptis
1447 1106 1621 1155 deinde
1656 1106 1806 1155 sacris
1832 1106 2045 1155 vestibus

270 1205 407 1238 more
429 1189 588 1251 solit0,
612 1191 743 1239 venit
763 1190 824 1238 ad
845 1190 1078 1254 capellam
1100 1191 1355 1254 majorem,
1386 1189 1467 1238 uhi
1495 1189 1642 1238 misse
1670 1189 1875 1238 solemni
1896 1190 2047 1238 inter-

270 1272 375 1334 fuit,
402 1289 545 1336 quam
565 1275 823 1324 celebravit
851 1277 1015 1322 Rmus.
1048 1277 1104 1322 D.
1139 1273 1394 1322 cardinalis
1423 1273 1801 1333 Alexandrinus;
1831 1287 1929 1321 non
1957 1272 2045 1321 fuit

271 1375 431 1409 sermo
457 1376 467 1407 :
493 1358 542 1406 in
562 1358 678 1418 fine,
698 1361 827 1423 Papa
848 1357 979 1407 dedit
1006 1357 1405 1406 interessentibus
1423 1356 1745 1421 indulgentias
1772 1371 1891 1419 quas
1918 1355 2048 1405 cele-

271 1442 414 1490 brans
436 1441 692 1506 publicavit
726 1459 735 1488 ε
768 1456 954 1500 ensem,
979 1445 1076 1489 tam
1097 1439 1331 1490 veniendo
1354 1439 1415 1488 ad
1434 1440 1668 1504 capellam
1689 1455 1830 1504 quam
1854 1439 1966 1488 inde
1987 1440 2048 1488 ad

270 1541 513 1574 cameram
536 1525 1026 1588 redeundo‚'portavit
1043 1528 1153 1573 ante
1176 1539 1371 1573 crucem
1390 1525 1448 1572 D.
1471 1523 1756 1572 Octavianus
1774 1523 1833 1572 de
1852 1525 2046 1572 Genna-

271 1609 372 1668 riis,
397 1624 590 1657 camere
613 1607 876 1672 apostolice
899 1608 1121 1657 clericus.

337 1694 484 1742 Missa
508 1693 661 1753 finita,
686 1693 900 1757 pontifex
926 1693 975 1741 in
1008 1709 1201 1742 camera
1220 1694 1476 1758 papagalli‚
1501 1692 1732 1756 depositis
1766 1693 1915 1741 sacris
1944 1709 2047 1741 ves-

274 1778 416 1838 tibus,
445 1782 560 1826 ante
578 1777 745 1826 sedem
773 1793 910 1825 suam
940 1781 1091 1836 stans,
1121 1778 1297 1826 ducem
1325 1776 1541 1826 Calabrie
1569 1791 1733 1824 coram
1765 1791 1816 1825 se
1841 1780 2047 1825 stantem

271 1876 514 1925 pancerea
539 1865 587 1908 et
608 1860 881 1909 schinieriis
903 1865 1124 1909 ornatum
1149 1877 1265 1909 ense
1294 1865 1341 1909 et
1365 1860 1576 1926 pugione
1605 1859 1833 1921 cinctum,
1858 1865 2045 1926 secrete

272 1945 504 1993 allocutus
530 1949 604 1993 est
632 1944 710 2010 (1),
743 1944 966 1993 omnibus
1000 1945 1319 1994 cardinalibus
1354 1944 1536 1993 circum
1555 1944 1808 2003 stantibUS,
1840 1943 1921 2008 qui
1944 1947 2047 1992 tan-

272 2029 381 2078 dem
399 2030 574 2093 pedem
593 2033 639 2077 et
659 2045 857 2077 manum
879 2031 1007 2093 Pape
1032 2029 1290 2088 osculatuS,
1315 2033 1541 2092 receptus
1562 2044 1649 2092 per
1672 2030 1852 2092 Papam
1870 2027 1929 2076 ad
1947 2028 2045 2075 oris

274 2112 512 2173 osculum,
553 2112 753 2161 recessit
792 2112 1055 2161 associatus
1089 2128 1117 2160 a
1149 2112 1340 2161 RRmis.
1365 2112 1687 2162 cardinalibus
1708 2110 2042 2176 Neapolitan0‚

320 2274 353 2310 1.
385 2288 402 2306 «
490 2272 535 2308 Et
555 2274 654 2308 cussi
674 2272 706 2308 el
727 2283 835 2308 zorno
862 2272 906 2308 de
931 2272 1046 2309 Nadal
1065 2273 1133 2308 che
1158 2272 1194 2309 fo
1220 2284 1241 2309 a
1266 2272 1303 2308 di
1322 2272 1368 2310 25
1388 2272 1604 2319 dezembrio,
1627 2272 1660 2309 el
1679 2273 1879 2320 Pontefice,
1900 2274 1991 2312 ditto
2010 2274 2045 2311 la

274 2343 394 2367 :nossa
414 2331 451 2367 in
471 2331 506 2367 la
527 2342 594 2367 sua
613 2331 788 2379 cappella,
812 2331 952 2368 chiamo
972 2344 1056 2368 esso
1076 2331 1303 2368 Ferdinando
1318 2332 1419 2368 Duca
1437 2331 1474 2367 di
1494 2331 1672 2378 Calavria,
1693 2336 1728 2369 et
1747 2344 1768 2369 a
1784 2331 1904 2381 quello
1922 2345 2044 2370 messe

273 2401 345 2427 nna
364 2391 504 2427 baretta
524 2390 569 2426 de
589 2401 690 2436 varo,
710 2390 814 2427 fodra
831 2391 876 2427 de
894 2402 994 2436 varo,
1015 2395 1137 2427 tamen
1157 2402 1217 2427 era
1236 2390 1273 2426 di
1291 2390 1438 2436 velluto,
1460 2390 1497 2427 in
1517 2394 1626 2437 testa,
1648 2395 1684 2428 et
1703 2390 1725 2427 li
1743 2391 1819 2428 fece
1840 2391 1991 2441 spinger
2010 2392 2045 2429 la

272 2451 385 2499 spada
404 2463 425 2487 a
444 2450 517 2487 ladi
543 2449 795 2487 investendolo
821 2450 869 2486 dil
889 2449 1019 2487 ducato
1046 2450 1080 2486 di
1107 2450 1272 2488 Calavria
1297 2455 1332 2488 et
1356 2463 1378 2487 a
1396 2450 1517 2498 quello
1540 2453 1607 2488 uso
1633 2455 1761 2500 queste
1779 2451 1915 2500 parole,
1937 2451 2043 2489 lacri-

271 2511 401 2547 mando
428 2523 447 2546 e
476 2522 548 2547 uno
575 2510 617 2546 el'
636 2509 741 2556 altro,
763 2513 798 2546 et
823 2510 855 2546 el
885 2511 984 2547 Duca
1010 2511 1034 2546 li
1063 2523 1124 2548 era
1148 2511 1294 2549 davanti
1320 2511 1357 2548 in
1383 2511 1605 2557 zenochioni,
1628 2516 1664 2548 et
1688 2511 1788 2548 disse
1811 2523 1819 2548 :
1848 2511 2044 2565 Ducahflol

271 2575 395 2606 nostro
423 2568 624 2615 carissimo,
646 2570 778 2606 audate
799 2573 835 2606 et
862 2573 954 2606 state
980 2570 1015 2606 di
1042 2570 1138 2607 bona
1162 2570 1298 2618 voglia‚
1320 2571 1386 2607 che
1411 2571 1564 2607 havemo
1591 2581 1764 2619 speranza
1789 2581 1834 2606 ne
1860 2569 1894 2607 lo
1921 2575 2044 2608 eterno

271 2629 373 2666 lddio
393 2641 438 2666 ne
458 2629 598 2666 aiutera
620 2640 628 2665 :
649 2629 695 2665 Et
713 2628 737 2664 li
763 2629 861 2666 dette
882 2628 915 2665 la
940 2629 1186 2676 beneditione,
1208 2629 1426 2667 offerendosi
1452 2630 1489 2666 in
1515 2629 1601 2678 ogni
1622 2641 1719 2674 cosa,
1741 2634 1777 2667 et
1797 2629 1916 2677 quello
1941 2629 2045 2667 lacri-

270 2690 400 2725 mando
421 2688 566 2725 licentio
587 2692 622 2725 et
641 2688 774 2725 scr1sse
802 2701 852 2725 un
872 2689 981 2726 breve
1009 2690 1043 2726 al
1068 2702 1106 2726 re
1125 2689 1315 2738 Alphonso
1339 2701 1441 2726 zerca
1459 2694 1590 2738 questa
1609 2688 1741 2737 partita
1766 2689 1803 2725 di
1823 2701 1890 2726 suo
1910 2689 1984 2728 fiol.
2002 2690 2045 2726 El

270 2748 353 2796 qual
381 2749 482 2784 Duca
509 2748 631 2786 statim
657 2752 819 2785 montato
839 2761 860 2786 a
879 2749 1015 2786 cavallo
1035 2762 1103 2786 con
1130 2749 1166 2786 el
1188 2750 1259 2798 sig.
1281 2748 1448 2797 Virginio
1474 2748 1607 2795 Orsini,
1629 2752 1734 2785 conte
1760 2748 1797 2784 di
1822 2748 2042 2797 Petigliano,

269 2809 369 2844 Zuan
391 2808 533 2844 Iacomo
554 2808 590 2844 di
610 2808 750 2844 Traulzi
770 2810 962 2845 marchexe
984 2809 1018 2845 di
1038 2810 1195 2846 Pescara
1214 2813 1251 2846 et
1275 2808 1355 2845 altri
1374 2806 1591 2845 conduttieri
1611 2818 1679 2844 con
1701 2807 1859 2855 squadre
1878 2819 1980 2844 zerca
1996 2808 2045 2844 22

270 2872 307 2903 et
334 2867 426 2902 1500
451 2866 552 2911 santi,
581 2866 698 2903 ussite
726 2867 760 2902 di
785 2867 902 2904 Roma
930 2872 1215 2916 accompagnato
1241 2866 1300 2903 dal
1325 2865 1485 2903 cardinal
1510 2866 1666 2903 Ascanio
1693 2877 1760 2903 suo
1785 2865 1911 2911 barba,
2008 2865 2043 2902 lo

269 2927 365 2962 ando
385 2924 621 2962 confortando
641 2925 715 2962 fino
735 2926 839 2963 fuora
858 2926 894 2962 di
914 2926 947 2962 le
966 2930 1069 2975 porte
1086 2926 1121 2962 di
1135 2926 1264 2972 Roma,
1286 2929 1322 2962 et
1341 2925 1378 2960 in
1393 2924 1587 2972 quelzorno
1610 2924 1774 2961 medemo
1801 2923 1833 2960 el
1853 2924 1955 2960 Duca
1973 2935 2040 2960 con

270 2990 360 3021 tutte
381 2986 413 3022 le
432 2988 534 3021 zente
553 2984 748 3021 cavalcono
768 2985 840 3022 mia
860 2987 905 3022 18
925 2998 946 3022 a
965 2998 1037 3022 uno
1058 2985 1135 3023 loco
1161 2985 1198 3022 di
1224 2985 1259 3021 la
1285 2983 1432 3021 Chiesia
1458 2983 1636 3020 chiamato
1662 2982 1772 3020 Teoli.
1797 2998 1815 3016 »
1901 2983 1951 3021 M.
1973 2983 2039 3020 Sa-

270 3049 370 3091 nuto,
392 3046 444 3080 La
465 3045 596 3090 Sped„
617 3056 653 3092 p.
677 3045 760 3080 161.
780 3045 830 3080 Le
855 3046 954 3092 Pape
973 3044 1061 3081 etait
1086 3045 1118 3081 si
1144 3044 1278 3092 effraye
1306 3044 1351 3080 de
1376 3043 1410 3079 Ia
1439 3054 1556 3080 venue
1576 3043 1624 3078 du
1651 3042 1704 3079 roi
1723 3043 1768 3078 de
1794 3042 1929 3079 France
1956 3042 2043 3091 qu’il

269 3104 367 3140 avait,
400 3106 515 3151 songe
547 3106 569 3141 a
608 3115 648 3140 se
679 3103 806 3141 retirer
834 3115 921 3140 avec
946 3103 981 3140 la
1006 3104 1104 3140 curie
1136 3106 1267 3151 aupres
1294 3103 1343 3138 du
1374 3102 1428 3140 roi
1454 3102 1499 3138 de
1531 3101 1678 3150 Naples.
1711 3102 1762 3138 Le
1789 3101 1911 3138 sultan
1934 3101 2043 3138 Zizim

269 3163 389 3201 ‹levait
423 3166 497 3200 etre
535 3163 694 3200 enferme
734 3163 826 3199 dans
862 3162 896 3198 la
933 3162 1098 3199 citadelle
1123 3163 1167 3198 de
1195 3162 1305 3199 Gaete
1343 3173 1431 3198 sous
1473 3161 1507 3198 la
1533 3162 1645 3209 garde
1683 3161 1729 3198 de
1755 3161 1868 3198 Cesar
1893 3161 2039 3210 Borgia.

269 3223 361 3270 Voy.
391 3222 558 3268 Theiner‚
595 3224 715 3260 Codeoe
740 3223 995 3270 diplomaticus
1020 3223 1183 3259 Dominii
1208 3224 1418 3269 temporalis
1448 3223 1485 3260 S.
1513 3223 1631 3265 Sedis,
1659 3223 1770 3268 t.111‚
1796 3235 1838 3259 no
1856 3234 2040 3269 ccccxxvi,

268 3295 304 3331 p.
325 3283 408 3319 510.
433 3297 452 3316 «
474 3282 640 3330 Capitula
659 3282 805 3319 foederis
826 3281 919 3319 inter
937 3281 1182 3319 Alexandrum
1203 3281 1278 3319 PP.
1298 3281 1360 3327 VI,
1382 3286 1418 3318 et
1436 3281 1704 3318 Ferdinandum
1718 3282 1763 3318 de
1781 3281 1966 3330 Aragonia
1978 3293 2042 3331 pro

269 3353 307 3378 se
329 3346 364 3378 et
383 3354 470 3389 rege
489 3341 622 3379 Siciliae
644 3354 710 3379 suo
730 3346 831 3391 patre
849 3341 938 3378 inita
957 3342 1002 3378 ad
1020 3342 1174 3379 tuendos
1195 3341 1354 3378 ecclesiae
1374 3341 1480 3379 Rom.
1503 3344 1621 3378 status
1641 3345 1766 3378 contra
1784 3353 1909 3389 regem
1927 3341 2039 3378 Fran-

267 3412 390 3437 corum
410 3405 446 3437 et
465 3401 509 3437 de
530 3401 639 3438 Zizim
660 3401 803 3439 sultano
818 3401 854 3438 in
874 3414 1028 3450 regnum
1042 3401 1174 3439 Siciliae
1188 3401 1451 3447 transferendo,
1467 3405 1566 3441 etc...
1584 3403 1644 3449 (ex
1657 3399 1855 3450 originali).
1872 3401 1912 3438 In
1926 3399 2042 3439 Roma

267 3471 288 3495 a
308 3460 344 3496 di
362 3460 557 3497 vinticinco
576 3461 622 3498 de
641 3462 833 3500 decembro
853 3462 998 3510 1495f4.
1014 3476 1033 3495 »
