2202 3926
279 348 347 383 118
880 345 1113 384 JOHANNIS
1145 346 1439 391 BURCHARDI,
1820 349 2047 392 [Avr111494]

279 450 338 498 de
358 449 642 512 Acquaviva,
660 448 991 498 marchionem
1010 450 1220 510 Martini,
1239 465 1467 514 magnum
1494 449 1832 498 siniscalchum
1848 452 1983 515 regni
2002 457 2047 501 et

279 533 512 580 Jacobum
540 532 886 591 Caracciolum‚
912 533 1139 581 comitem
1176 536 1491 595 Burgensem‚
1527 532 1865 581 cancellarium
1891 533 2044 598 regni,

281 616 359 680 qui
382 616 605 664 eumdem
632 616 845 679 legatum
878 615 927 662 in
956 615 1150 663 Civitate
1185 616 1423 662 Suessana
1453 613 1781 675 honorarent3
1807 620 1916 681 post
1942 616 2048 665 illos

281 703 336 747 R.
362 699 409 747 in
432 699 620 747 Christo
641 703 828 761 patrem
859 701 916 745 D.
949 698 1249 760 Alphonsum
1280 697 1338 746 de
1361 698 1618 760 Aragonia,
1642 703 1870 761 nepotem
1900 700 2044 764 regis,

282 783 360 845 qui
383 782 563 830 dictum
586 781 799 844 legatum
816 779 866 826 in
887 779 1076 828 civitate
1112 782 1333 843 Capuana
1358 781 1630 845 reciperent
1653 782 1838 831 honore
1866 783 2046 845 debito,

283 864 552 913 successive
594 863 971 911 illustrissimum
1012 865 1116 910 Don
1153 863 1447 911 Fridericum
1482 865 1541 913 de
1577 866 1819 929 Aragonia
1851 866 2047 915 fratrem

282 959 440 1006 suum,
464 946 733 1012 principem
757 947 1003 995 Altamure
1021 946 1158 1010 regni
1177 946 1530 1007 admirandum,
1555 950 1652 997 RR.
1670 948 1720 996 in
1744 948 1931 998 Christo
1954 951 2045 997 ΡΡ.

282 1032 381 1079 DD.
411 1029 722 1080 vincentium
753 1028 1136 1078 Acherontinum
1167 1032 1214 1077 et
1245 1029 1567 1078 Alexandrum
1601 1035 1764 1080 sancte
1799 1031 2042 1092 Severine,

282 1113 690 1176 archiepiscopos,
711 1113 957 1161 Matheum
984 1112 1341 1174 Gravinensem,
1368 1113 1643 1177 Scipionem
1670 1115 2047 1164 Tricaricensem

283 1197 537 1261 episcopos
580 1202 627 1245 et
671 1196 955 1260 magnificos
998 1198 1098 1243 DD.
1144 1196 1413 1245 Johannem
1460 1196 1518 1244 de
1563 1199 1778 1246 Guevara
1823 1198 2047 1247 comitem

284 1279 526 1339 Potentie,
567 1279 788 1328 Carolum
834 1282 1113 1327 Pannonem
1157 1280 1383 1328 comitem
1428 1279 1659 1339 Venafre,
1695 1280 1943 1346 Aloysium
1989 1281 2048 1330 de

284 1362 522 1411 Gesualdo
545 1362 771 1411 comitem
800 1365 1080 1422 Comanum,
1106 1367 1153 1411 et
1179 1364 1434 1427 Trajanum
1462 1364 1790 1412 Caracciolum
1813 1364 1873 1430 (1)
1898 1365 2050 1413 comi-

285 1450 383 1492 tem
415 1446 749 1506 Brienzanum,
778 1446 858 1509 qui
882 1445 1107 1494 eumdem
1133 1446 1346 1510 legatum
1374 1449 1551 1497 Averse
1564 1449 1889 1510 honorarent;
1920 1451 2046 1514 quod

280 1544 367 1592 per
386 1529 619 1593 singulos,
636 1530 775 1594 juxta
793 1528 1074 1577 mandatum
1091 1531 1218 1593 regis
1240 1530 1308 1579 eis
1330 1530 1510 1592 datum,
1535 1532 1716 1581 factum
1738 1538 1827 1582 est.

348 1612 487 1661 Feria
522 1616 690 1676 quarta
722 1612 902 1660 mensis
935 1613 1097 1676 aprilis
1127 1614 1348 1677 predicti,
1370 1620 1566 1664 vocatus
1602 1616 1670 1665 fui
1705 1619 1763 1666 ad
1797 1619 2050 1668 serenissi-

282 1714 414 1746 mum
435 1712 601 1761 regem
627 1696 929 1760 Alphonsum
951 1695 1012 1743 ad
1038 1700 1249 1744 castrum
1276 1699 1477 1758 Novum,
1501 1699 1582 1748 ubi
1610 1715 1773 1748 coram
1799 1701 2048 1765 Majestate

283 1797 369 1830 sua
396 1781 702 1840 constitutus,
730 1780 773 1827 ei
805 1783 959 1827 totum
988 1778 1201 1827 officium
1231 1782 1557 1830 coronationis
1590 1798 1674 1831 sue
1707 1784 1907 1833 recitavi
1940 1801 2050 1833 cum

281 1866 558 1915 ostensione
588 1863 988 1922 reverentiarum,
1019 1861 1430 1926 genuflexionum,
1460 1863 1836 1913 denudationum
1867 1866 2051 1914 brachii

282 1957 327 2000 et
358 1946 1003 2013 spatularum,pprestationis
1024 1947 1429 2010 juramentorum,
1459 1949 1838 2012 prostrationum
1871 1954 1918 1998 et
1947 1965 2053 1999 om-

279 2034 411 2082 nium
433 2031 638 2080 aliorum
659 2031 707 2078 in
727 2031 832 2094 ipso
855 2029 1015 2079 officio
1037 2029 1351 2093 agendorum,
1374 2030 1423 2078 in
1436 2031 1839 2095 paucissimorum
1855 2048 2051 2081 suorum

278 2117 557 2165 intimorum
591 2118 638 2163 et
670 2118 970 2163 secretorum
1002 2114 1264 2178 presentia.
1303 2115 1522 2163 Decrevit
1554 2119 1669 2162 tunc
1706 2116 1933 2179 Majestas
1967 2132 2052 2165 sua

281 2198 644 2248 coronationem
665 2197 837 2261 ipsam,
862 2196 1089 2260 quoniam
1110 2197 1226 2244 alias
1248 2197 1298 2245 in
1325 2197 1541 2246 kalendis
1569 2198 1730 2245 martii
1756 2198 1861 2246 fieri
1884 2198 2052 2246 decre-

281 2286 431 2343 verat,
454 2286 501 2330 et
534 2280 709 2329 deinde
737 2280 797 2328 ad
822 2279 1115 2328 dominicam
1151 2296 1218 2328 1111
1248 2280 1466 2344 ejusdem
1495 2280 1676 2329 mensis
1707 2287 2049 2345 prorogaverat

278 2369 475 2431 propter
494 2364 806 2424 dominicam,
829 2364 889 2411 ad
921 2364 1049 2412 diem
1076 2363 1198 2428 jovis
1227 2367 1443 2411 octavam
1472 2363 1653 2412 mensis
1685 2364 1797 2411 maii
1831 2364 2051 2428 proxime

279 2448 445 2508 futuri,
468 2463 562 2512 qua
580 2447 670 2496 erit
690 2447 867 2495 festum
887 2446 1198 2495 Ascensionis
1224 2447 1472 2495 salvatoris
1494 2450 1551 2495 D.
1582 2450 1638 2496 N.
1668 2450 1782 2496 Jesu
1803 2448 1977 2496 Christi
2005 2453 2053 2498 et

278 2531 588 2597 apparitionis
610 2547 649 2579 S.
673 2530 920 2579 Michaelis
942 2530 1237 2594 archangeli,
1269 2530 1544 2591 transferre,
1570 2534 1616 2578 et
1638 2530 1766 2594 quod
1786 2531 1889 2594 ipsa
1911 2546 2052 2580 coro-

279 2616 408 2665 natio
439 2616 522 2664 fiat
552 2615 640 2663 sub
673 2614 834 2663 officio
860 2618 907 2662 et
939 2614 1088 2662 missa
1116 2613 1223 2661 festi
1254 2615 1562 2663 Ascensionis
1582 2614 1879 2679 hujusmodi,
1909 2622 2051 2682 prout

278 2699 785 2747 convenientissimum
814 2701 916 2746 erat
941 2714 949 2745 :
981 2701 1029 2745 et
1057 2700 1112 2744 D.
1146 2698 1397 2746 Leonardo
1425 2700 1573 2747 Como
1601 2699 1771 2747 intimo
1800 2715 1887 2748 suo
1915 2715 2050 2748 com-

277 2783 407 2830 misit
434 2783 563 2846 quod
592 2799 742 2830 unum
769 2781 1051 2829 mantellum
1082 2780 1140 2828 de
1177 2780 1485 2830 ciambelotto
1519 2783 1790 2831 cremesino
1818 2798 1928 2832 cum
1963 2799 2049 2831 suo

277 2865 477 2929 capucio
500 2870 546 2913 et
566 2868 713 2912 u'num
740 2864 1002 2928 diploidem
1026 2863 1233 2911 sericum
1264 2863 1431 2912 donari
1453 2864 1570 2912 mihi
1597 2864 1780 2913 faceret
1807 2881 1894 2928 pro
1915 2866 2050 2928 regio

278 2949 464 2996 honore
486 2948 765 3007 deferenda,
790 2963 877 3011 pro
909 2947 1082 3011 quibus
1105 2946 1342 3010 Majestati
1373 2963 1459 2995 sua
1491 2947 1669 3011 gratias
1703 2947 1797 3011 egi,
1828 2951 1875 2996 et
1905 2947 1965 2995 ab
1991 2963 2048 2996 eo

281 3033 479 3080 recessi.

348 3114 500 3164 Habui
524 3117 683 3162 autem
706 3113 985 3162 schedulam
1007 3129 1035 3162 a
1054 3114 1249 3162 domino
1275 3117 1332 3163 D.
1361 3115 1610 3162 Leonardo
1639 3130 1783 3180 super
1802 3114 2049 3180 premissis

277 3188 557 3262 hujusmodi
580 3197 757 3246 tenoris
782 3214 792 3245 ε

327 3348 360 3385 1.
387 3346 539 3394 Trajano
566 3346 768 3383 Caraeciolo
796 3347 884 3383 etait
908 3347 1030 3395 prince
1056 3346 1269 3391 d’Avellino‚
1297 3346 1415 3383 c'etait
1442 3347 1612 3384 Giacomo
1638 3346 1844 3384 Caraceiolo
1870 3345 1934 3394 qui
1959 3345 2045 3382 etait

279 3409 394 3443 comte
421 3405 662 3451 dessrienza3
690 3405 713 3441 il
739 3419 763 3455 y
789 3404 885 3442 avait
910 3406 1008 3443 aussi
1036 3417 1084 3442 un
1117 3404 1286 3442 Giacomo
1317 3404 1522 3443 Caracciolo
1554 3410 1670 3444 comte
1703 3404 1915 3443 d’Avellino.
1949 3403 2039 3452 Voy.

279 3465 504 3510 Summonte,
524 3468 551 3502 t.
576 3464 638 3510 III,
660 3464 720 3501 liv.
742 3477 778 3510 v,
800 3476 834 3512 p.
856 3464 982 3502 541-3.
