2216 3886
145 354 250 395 [Mars
273 353 365 392 1498]
603 347 769 385 RERUM
798 346 1098 383 URBANARUM
1131 347 1478 385 COMMENTARH.
1858 355 1928 390 435

218 453 356 503 Feria
387 457 538 511 sexta,
564 455 591 499 9
622 449 797 509 martii,
835 449 893 499 de
924 449 1150 498 mandato
1182 453 1238 498 D.
1271 450 1606 514 gubernatoris
1644 452 1796 512 Urbis,
1824 470 1928 501 sus-

149 538 284 603 pensi
307 536 650 600 sueruntjuxta
662 538 860 598 pontem
882 549 921 580 S.
940 533 1110 597 Angeli
1133 533 1193 581 ad
1208 533 1449 582 sinistram
1469 535 1702 583 venientis
1720 535 1778 584 de
1802 537 1927 584 Urbe

149 621 359 684 quinque
388 619 601 667 latrones
632 622 680 665 et
707 622 893 680 septem
922 616 1046 665 inter
1074 632 1238 665 eorum
1268 633 1409 665 crura
1435 618 1612 666 mitrati
1642 622 1823 668 stantes
1844 618 1923 683 (1).

217 701 467 750 Dominica
486 700 699 749 secunda
716 699 1102 762 quadragesime,
1121 715 1211 762 que
1234 700 1320 747 fuit
1342 704 1391 747 11
1417 700 1529 749 dicti
1549 702 1729 749 mensis
1747 702 1926 761 martii,

151 790 205 834 R.
242 788 293 833 P.
325 787 383 832 D.
417 783 707 846 Stephanus,
733 782 987 845 episcopus
1015 784 1328 842 Cattacensis,
1355 786 1438 832 SS.
1467 786 1522 831 D.
1547 787 1601 833 N.
1630 801 1751 849 pape
1783 785 1928 834 assis-

151 875 274 926 tens,
300 865 559 916 celebravit
581 865 775 912 missam
798 864 1039 928 publicam
1070 864 1116 910 in
1142 865 1343 928 capella,
1370 869 1499 929 Papa
1519 872 1744 929 presente
1771 884 1779 914 :
1806 868 1927 916 infra

150 952 406 1016 epistolam
427 949 554 997 venit
576 948 636 996 ad
663 947 884 996 eamdem
904 947 1138 1016 capellam
1163 950 1328 995 Rmus.
1356 951 1412 995 D.
1438 949 1692 996 cardinalis
1714 950 1930 998 Valenti-

152 1052 241 1083 nus
262 1035 360 1099 qui,
382 1050 410 1082 a
430 1033 550 1081 festo
573 1029 922 1079 Purificationis
944 1017 1176 1078 inclusive
1199 1031 1336 1089 citra,
1359 1030 1406 1077 in
1426 1047 1481 1079 ea
1502 1047 1597 1080 non
1617 1033 1773 1080 fuerat
1793 1049 1802 1091 3
1829 1049 1930 1082 ser-

149 1134 344 1167 monem
362 1116 474 1165 fecit
488 1117 773 1179 procurator
793 1111 972 1159 ordinis
995 1111 1237 1159 minorum
1253 1128 1262 1170 ;
1281 1111 1374 1158 alia
1394 1111 1647 1160 observata
1666 1117 1775 1161 sunt
1791 1129 1926 1162 more

151 1202 310 1251 solito.

220 1283 473 1333 Dominica
499 1282 640 1330 tertia
665 1279 1050 1344 quadragesime,
1077 1295 1168 1342 que
1191 1279 1278 1327 fuit
1303 1284 1359 1328 18
1382 1281 1563 1329 mensis
1584 1282 1760 1341 martii,
1795 1286 1849 1330 R.
1875 1285 1927 1330 P.

153 1371 208 1416 D.
246 1368 586 1430 Hieronymus,
620 1352 876 1427 episcopus
906 1362 1293 1421 Assisinatensis,
1327 1364 1587 1413 celebravit
1617 1366 1815 1413 missam
1844 1382 1933 1429 pu-

150 1450 325 1499 blicam
346 1450 394 1496 in
416 1448 632 1512 predicta
648 1446 850 1510 capella,
876 1448 1005 1509 Papa
1023 1452 1268 1509 presente.
1296 1448 1581 1495 Sermonem
1603 1448 1716 1497 fecit
1738 1449 1932 1512 quidam

148 1522 321 1582 fratrer
342 1531 523 1580 ordinis
547 1530 899 1579 Heremitarum
922 1546 961 1577 s.
985 1529 1240 1593 Augustini
1261 1545 1348 1593 pro
1370 1536 1685 1594 procuratore
1707 1533 1930 1592 absente3

152 1617 246 1666 alia
265 1632 401 1665 more
430 1615 586 1663 solito.

215 1704 268 1748 In
290 1705 435 1748 nocte
455 1697 702 1762 preterita,
728 1698 857 1746 circa
875 1697 1047 1745 horam
1071 1701 1306 1756 octavam,
1331 1697 1448 1745 obiit
1470 1698 1595 1746 bone
1618 1700 1851 1748 memorie
1874 1702 1929 1747 D.

151 1783 398 1831 Johannes
432 1781 491 1830 de
525 1784 733 1829 Fuentes
768 1780 944 1840 Salida,
983 1781 1238 1844 episcopus
1273 1781 1667 1839 lnteramnensis,
1705 1783 1935 1847 magister

153 1867 325 1914 domus
367 1864 491 1912 Rmi.
535 1866 592 1911 D.
635 1863 889 1911 cardinalis
926 1863 1167 1913 Valentini
1210 1865 1347 1927 cujus
1388 1880 1561 1928 corpus
1599 1865 1694 1912 sive
1732 1865 1936 1913 cadaver

152 1949 296 1997 hodie
330 1947 459 1996 circa
486 1947 659 1995 horam
690 1946 972 2010 vigesimam
1007 1962 1152 1994 unam
1185 1951 1428 2010 portatum
1463 1947 1551 1994 fuit
1584 1947 1644 1995 ad
1678 1947 1933 1996 ecclesiam

153 2049 191 2079 s,
226 2031 391 2080 Jacobi
427 2030 749 2094 Hispanorum
778 2029 1127 2093 sepeliendum,
1159 2045 1293 2078 more
1322 2030 1462 2078 solito
1493 2031 1783 2079 associatum
1814 2048 1841 2080 a
1862 2032 1934 2080 fa-

154 2115 282 2163 milia
320 2117 447 2177 Pape
484 2117 531 2161 et
570 2113 776 2176 plurium
814 2112 1160 2170 cardinalium3
1200 2113 1337 2177 cujus
1378 2113 1539 2161 anima
1574 2114 1845 2176 requiescat
1885 2115 1933 2161 in

153 2213 291 2261 pace.
319 2200 492 2245 Amen.

219 2275 356 2330 Feria
383 2280 566 2344 quinta,
602 2283 662 2327 22
693 2279 874 2328 mensis
899 2279 1075 2339 martii,
1107 2279 1237 2328 circa
1264 2280 1435 2328 horam
1464 2281 1742 2344 vigesimam
1767 2297 1930 2340 unam,

154 2367 207 2413 R.
239 2365 287 2413 in
313 2364 501 2412 Christo
531 2366 581 2411 Ρ.
618 2366 675 2410 D.
707 2363 882 2411 Paulus
909 2362 968 2411 de
991 2365 1170 2427 Campo
1193 2366 1405 2427 Fregoso
1438 2364 1558 2412 tituli
1588 2381 1627 2411 s.
1662 2365 1778 2413 Sixti
1799 2383 1935 2429 pres-

154 2449 291 2513 byter
317 2447 571 2496 cardinalis
598 2446 992 2511 archiepiscopus
1019 2448 1292 2506 Januensis,
1324 2448 1543 2512 spiritum
1572 2449 1778 2498 reddidit
1799 2466 1934 2498 crea-

155 2531 269 2589 tori,
295 2531 432 2594 cujus
453 2531 614 2578 anima
633 2529 901 2593 requiescat
919 2530 967 2577 in
988 2547 1106 2593 pace
1129 2531 1208 2595 (2).

223 2617 326 2671 Quo
349 2613 595 2672 defuncto,
626 2613 754 2661 venit
774 2613 835 2661 ad
856 2614 958 2677 ejus
981 2614 1178 2662 domum
1202 2618 1257 2662 D.
1288 2616 1533 2664 Johannes
1554 2619 1773 2675 Ferrera,
1799 2616 1935 2663 cubi-

156 2697 363 2745 cularius
386 2699 470 2745 SS.
496 2699 553 2744 D.
582 2698 638 2744 N.
663 2711 784 2760 pape
808 2697 1078 2745 ordinarius
1106 2698 1185 2761 qui
1206 2699 1446 2747 mandavit
1471 2700 1598 2762 quod
1626 2698 1789 2747 omnia
1808 2698 1936 2747 bona

155 2797 241 2845 per
276 2780 560 2829 defunctum
599 2780 763 2828 relicta
798 2780 1096 2829 haberentur
1137 2782 1226 2828 sub
1263 2782 1359 2830 sida
1391 2783 1626 2841 custodia,
1667 2788 1714 2831 et
1750 2783 1935 2846 accepit

154 2863 470 2913 inventarium
503 2864 688 2927 argenti
720 2867 766 2912 et
797 2863 998 2912 aliorum
1031 2865 1285 2913 bonorum.
1323 2868 1426 2914 Duo
1459 2866 1771 2930 parafrenarii
1806 2869 1932 2929 Papo

203 3047 236 3084 1.
256 3047 306 3083 Le
326 3047 522 3086 chaumont
544 3048 655 3086 (l'etre
681 3052 818 3097 exposc'·
841 3061 888 3085 au
914 3048 1017 3097 pilori
1043 3062 1131 3086 avec
1157 3061 1227 3086 nne
1253 3050 1357 3087 mitre
1383 3052 1428 3088 «le
1454 3052 1580 3100 papier
1606 3064 1668 3088 sur
1695 3051 1728 3088 la
1754 3055 1824 3088 tete
1849 3051 1935 3088 etait

159 3105 416 3154 specialement
434 3107 574 3156 inflige,
595 3120 640 3144 en
665 3108 802 3144 France
823 3112 859 3144 et
884 3120 928 3144 en
956 3108 1070 3154 Italic,
1091 3121 1163 3145 aux
1190 3110 1405 3156 faussaires,
1427 3115 1464 3147 et
1482 3123 1527 3147 en
1549 3111 1732 3158 Espagne,
1755 3123 1827 3146 aux
1847 3123 1932 3146 con-

157 3165 308 3201 damnes
329 3177 375 3201 au
399 3165 472 3211 feu,
494 3179 586 3214 pour
610 3167 764 3214 heresie,
786 3180 850 3216 par
876 3167 1133 3215 l'Inquisition.
1162 3169 1255 3218 Voy.
1278 3171 1335 3206 Du
1361 3169 1485 3217 Gange
1512 3182 1559 3205 au
1584 3173 1659 3205 mot
1678 3172 1790 3207 Μίίνιι
1810 3181 1933 3218 papy-

158 3235 275 3261 recca.

204 3286 239 3321 2.
270 3299 288 3317 «
388 3284 456 3320 Era
489 3284 733 3334 arziepiscopo
759 3286 795 3322 di
827 3287 960 3332 Zenoa,
982 3299 1043 3322 era
1069 3298 1202 3334 povero
1222 3287 1396 3333 cardinal,
1425 3292 1461 3323 et
1491 3287 1572 3323 avia
1597 3288 1715 3335 pocha
1739 3287 1871 3324 intrate
1899 3291 1934 3322 et

158 3343 390 3394 longamente
415 3347 510 3380 stato
535 3343 702 3382 amalato.
724 3345 767 3381 Et
792 3345 829 3381 in
850 3346 927 3382 loco
955 3357 1034 3390 suo,
1055 3346 1236 3383 mediante
1263 3346 1295 3383 el
1320 3345 1502 3382 cardinale
1527 3344 1699 3392 Ascanio,
1724 3346 1814 3384 (litto
1840 3345 1930 3382 arzi-

159 3402 362 3439 vrscovado
381 3401 417 3437 di
439 3402 559 3438 Zenoa
579 3401 610 3438 el
631 3414 724 3452 papa
734 3403 768 3441 lo
784 3405 866 3441 dete
886 3417 907 3441 a
929 3416 1000 3441 nno
1021 3404 1199 3442 chiamato
1214 3405 1368 3449 Sforzin,
1384 3404 1535 3441 savorito
1555 3404 1591 3440 di
1613 3404 1703 3442 [litto
1723 3405 1894 3443 cardinal.
1914 3422 1931 3437 »

165 3461 318 3506 Sanuto,
341 3465 366 3498 t.
387 3461 415 3504 1,
437 3459 504 3498 col.
526 3462 609 3498 925.
