<?xml version="1.0" encoding="UTF-8"?>
<!DOCTYPE html PUBLIC "-//W3C//DTD XHTML 1.0 Transitional//EN"
    "http://www.w3.org/TR/xhtml1/DTD/xhtml1-transitional.dtd">
<html xmlns="http://www.w3.org/1999/xhtml" xml:lang="en" lang="en">
 <head>
  <title>
</title>
<meta http-equiv="Content-Type" content="text/html;charset=utf-8" />
  <meta name='ocr-system' content='tesseract 3.04.00' />
  <meta name='ocr-capabilities' content='ocr_page ocr_carea ocr_par ocr_line ocrx_word'/>
</head>
<body>
  <div class='ocr_page' id='page_1' title='image "./diariumsivererum02burcuoft_0414.png"; bbox 0 0 2248 3906; ppageno 0'>
   <div class='ocr_carea' id='block_1_1' title="bbox 349 334 2119 383">
    <p class='ocr_par' dir='ltr' id='par_1_1' title="bbox 349 334 2119 383">
     <span class='ocr_line' id='line_1_1' title="bbox 349 334 2119 383; baseline 0.002 -10"><span class='ocrx_word' id='word_1_1' title='bbox 349 337 422 373; x_wconf 79' lang='lat'>402</span> <span class='ocrx_word' id='word_1_2' title='bbox 956 335 1188 373; x_wconf 84' lang='lat' dir='ltr'><strong>JOHANNIS</strong></span> <span class='ocrx_word' id='word_1_3' title='bbox 1222 334 1516 382; x_wconf 70' lang='lat' dir='ltr'>BURfflARDI,</span> <span class='ocrx_word' id='word_1_4' title='bbox 1783 337 2004 381; x_wconf 82' lang='lat' dir='ltr'>[Septembre</span> <span class='ocrx_word' id='word_1_5' title='bbox 2024 343 2119 383; x_wconf 80' lang='lat'><strong>1497]</strong></span> 
     </span>
    </p>
   </div>
   <div class='ocr_carea' id='block_1_2' title="bbox 340 437 2168 3243">
    <p class='ocr_par' dir='ltr' id='par_1_2' title="bbox 345 437 2121 982">
     <span class='ocr_line' id='line_1_2' title="bbox 347 437 2115 503; baseline 0.003 -17"><span class='ocrx_word' id='word_1_6' title='bbox 347 437 438 486; x_wconf 93' lang='lat' dir='ltr'>sibi</span> <span class='ocrx_word' id='word_1_7' title='bbox 465 437 605 501; x_wconf 89' lang='lat' dir='ltr'>copia</span> <span class='ocrx_word' id='word_1_8' title='bbox 629 437 754 485; x_wconf 93' lang='lat' dir='ltr'>illius</span> <span class='ocrx_word' id='word_1_9' title='bbox 780 453 867 502; x_wconf 91' lang='lat' dir='ltr'>per</span> <span class='ocrx_word' id='word_1_10' title='bbox 896 438 1137 486; x_wconf 89' lang='lat' dir='ltr'>notarium</span> <span class='ocrx_word' id='word_1_11' title='bbox 1165 438 1450 500; x_wconf 89' lang='lat' dir='ltr'>subscripta,</span> <span class='ocrx_word' id='word_1_12' title='bbox 1484 441 1531 485; x_wconf 90' lang='lat' dir='ltr'>et</span> <span class='ocrx_word' id='word_1_13' title='bbox 1560 451 1739 485; x_wconf 92' lang='lat' dir='ltr'>nomen</span> <span class='ocrx_word' id='word_1_14' title='bbox 1769 442 1817 485; x_wconf 88' lang='lat' dir='ltr'>et</span> <span class='ocrx_word' id='word_1_15' title='bbox 1846 454 2115 503; x_wconf 81' lang='lat' dir='ltr'>cognomen</span> 
     </span>
     <span class='ocr_line' id='line_1_3' title="bbox 345 519 2117 589; baseline 0.001 -20"><span class='ocrx_word' id='word_1_16' title='bbox 345 521 669 585; x_wconf 78' lang='lat' dir='ltr'>procuratoris</span> <span class='ocrx_word' id='word_1_17' title='bbox 691 524 737 569; x_wconf 92' lang='lat' dir='ltr'>et</span> <span class='ocrx_word' id='word_1_18' title='bbox 757 520 930 569; x_wconf 88' lang='lat' dir='ltr'>notarii</span> <span class='ocrx_word' id='word_1_19' title='bbox 953 521 1012 568; x_wconf 91' lang='lat' dir='ltr'>de</span> <span class='ocrx_word' id='word_1_20' title='bbox 1034 520 1102 568; x_wconf 91' lang='lat' dir='ltr'>eis</span> <span class='ocrx_word' id='word_1_21' title='bbox 1120 520 1292 582; x_wconf 85' lang='lat' dir='ltr'>rogati,</span> <span class='ocrx_word' id='word_1_22' title='bbox 1317 534 1406 567; x_wconf 89' lang='lat' dir='ltr'>nec</span> <span class='ocrx_word' id='word_1_23' title='bbox 1428 535 1515 582; x_wconf 89' lang='lat' dir='ltr'>per</span> <span class='ocrx_word' id='word_1_24' title='bbox 1533 519 1581 566; x_wconf 92' lang='lat' dir='ltr'>id</span> <span class='ocrx_word' id='word_1_25' title='bbox 1603 519 1797 582; x_wconf 91' lang='lat' dir='ltr'>quidem</span> <span class='ocrx_word' id='word_1_26' title='bbox 1818 537 1925 569; x_wconf 90' lang='lat' dir='ltr'>eam</span> <span class='ocrx_word' id='word_1_27' title='bbox 1946 538 2117 589; x_wconf 88' lang='lat' dir='ltr'>accep-</span> 
     </span>
     <span class='ocr_line' id='line_1_4' title="bbox 346 601 2116 667; baseline 0.002 -16"><span class='ocrx_word' id='word_1_28' title='bbox 346 607 467 652; x_wconf 90' lang='lat' dir='ltr'>taret</span> <span class='ocrx_word' id='word_1_29' title='bbox 493 603 566 651; x_wconf 89' lang='lat' dir='ltr'>vel</span> <span class='ocrx_word' id='word_1_30' title='bbox 595 619 788 666; x_wconf 87' lang='lat' dir='ltr'>quoquo</span> <span class='ocrx_word' id='word_1_31' title='bbox 826 602 969 650; x_wconf 92' lang='lat' dir='ltr'>modo</span> <span class='ocrx_word' id='word_1_32' title='bbox 1001 602 1292 661; x_wconf 88' lang='lat' dir='ltr'>admitteret,</span> <span class='ocrx_word' id='word_1_33' title='bbox 1334 601 1418 650; x_wconf 90' lang='lat' dir='ltr'>sed</span> <span class='ocrx_word' id='word_1_34' title='bbox 1447 617 1504 650; x_wconf 86' lang='lat' dir='ltr'>ea</span> <span class='ocrx_word' id='word_1_35' title='bbox 1538 602 1703 650; x_wconf 90' lang='lat' dir='ltr'>habita</span> <span class='ocrx_word' id='word_1_36' title='bbox 1738 603 1786 650; x_wconf 92' lang='lat' dir='ltr'>in</span> <span class='ocrx_word' id='word_1_37' title='bbox 1813 604 1969 667; x_wconf 90' lang='lat' dir='ltr'>prima</span> <span class='ocrx_word' id='word_1_38' title='bbox 2004 622 2116 654; x_wconf 87' lang='lat' dir='ltr'>can-</span> 
     </span>
     <span class='ocr_line' id='line_1_5' title="bbox 346 684 2114 748; baseline 0.003 -16"><span class='ocrx_word' id='word_1_39' title='bbox 346 685 539 733; x_wconf 87' lang='lat' dir='ltr'>cellaria</span> <span class='ocrx_word' id='word_1_40' title='bbox 569 685 789 748; x_wconf 80' lang='lat' dir='ltr'>sequenti</span> <span class='ocrx_word' id='word_1_41' title='bbox 828 684 888 732; x_wconf 89' lang='lat' dir='ltr'>ad</span> <span class='ocrx_word' id='word_1_42' title='bbox 916 700 1112 748; x_wconf 89' lang='lat' dir='ltr'>parcum</span> <span class='ocrx_word' id='word_1_43' title='bbox 1141 700 1227 748; x_wconf 89' lang='lat' dir='ltr'>pro</span> <span class='ocrx_word' id='word_1_44' title='bbox 1256 684 1569 747; x_wconf 81' lang='lat' dir='ltr'>responsione</span> <span class='ocrx_word' id='word_1_45' title='bbox 1601 685 1689 732; x_wconf 91' lang='lat' dir='ltr'>sibi</span> <span class='ocrx_word' id='word_1_46' title='bbox 1729 686 1885 735; x_wconf 88' lang='lat' dir='ltr'>danda</span> <span class='ocrx_word' id='word_1_47' title='bbox 1923 689 2114 738; x_wconf 83' lang='lat' dir='ltr'>rediret.</span> 
     </span>
     <span class='ocr_line' id='line_1_6' title="bbox 348 766 2119 830; baseline 0.003 -16"><span class='ocrx_word' id='word_1_48' title='bbox 348 770 405 815; x_wconf 91' lang='lat' dir='ltr'>Et</span> <span class='ocrx_word' id='word_1_49' title='bbox 438 783 581 830; x_wconf 89' lang='lat' dir='ltr'>super</span> <span class='ocrx_word' id='word_1_50' title='bbox 611 766 687 814; x_wconf 91' lang='lat' dir='ltr'>his</span> <span class='ocrx_word' id='word_1_51' title='bbox 718 766 941 814; x_wconf 89' lang='lat' dir='ltr'>omnibus</span> <span class='ocrx_word' id='word_1_52' title='bbox 972 766 1214 829; x_wconf 86' lang='lat' dir='ltr'>requisivit</span> <span class='ocrx_word' id='word_1_53' title='bbox 1244 766 1512 830; x_wconf 88' lang='lat' dir='ltr'>predictum</span> <span class='ocrx_word' id='word_1_54' title='bbox 1540 767 1851 817; x_wconf 87' lang='lat' dir='ltr'>substitutum</span> <span class='ocrx_word' id='word_1_55' title='bbox 1880 771 2119 820; x_wconf 88' lang='lat' dir='ltr'>notarium</span> 
     </span>
     <span class='ocr_line' id='line_1_7' title="bbox 350 848 2121 914; baseline 0.003 -16"><span class='ocrx_word' id='word_1_56' title='bbox 350 849 637 899; x_wconf 79' lang='lat' dir='ltr'>cancellarie</span> <span class='ocrx_word' id='word_1_57' title='bbox 671 854 947 914; x_wconf 87' lang='lat' dir='ltr'>presentem</span> <span class='ocrx_word' id='word_1_58' title='bbox 981 854 1031 897; x_wconf 88' lang='lat' dir='ltr'>ut</span> <span class='ocrx_word' id='word_1_59' title='bbox 1072 848 1279 912; x_wconf 87' lang='lat' dir='ltr'>desuper</span> <span class='ocrx_word' id='word_1_60' title='bbox 1311 849 1399 914; x_wconf 89' lang='lat' dir='ltr'>ipsi</span> <span class='ocrx_word' id='word_1_61' title='bbox 1431 850 1618 913; x_wconf 84' lang='lat' dir='ltr'>regenti</span> <span class='ocrx_word' id='word_1_62' title='bbox 1652 852 1912 901; x_wconf 88' lang='lat' dir='ltr'>conficeret</span> <span class='ocrx_word' id='word_1_63' title='bbox 1930 853 2121 903; x_wconf 64' lang='lat' dir='ltr'>„instru-</span> 
     </span>
     <span class='ocr_line' id='line_1_8' title="bbox 348 938 582 982; baseline -0.009 0"><span class='ocrx_word' id='word_1_64' title='bbox 348 938 582 982; x_wconf 90' lang='lat' dir='ltr'>mentum.</span> 
     </span>
    </p>

    <p class='ocr_par' dir='ltr' id='par_1_3' title="bbox 340 1016 2168 3243">
     <span class='ocr_line' id='line_1_9' title="bbox 412 1016 2119 1080; baseline 0.002 -15"><span class='ocrx_word' id='word_1_65' title='bbox 412 1017 552 1066; x_wconf 89' lang='lat' dir='ltr'>Feria</span> <span class='ocrx_word' id='word_1_66' title='bbox 577 1019 762 1080; x_wconf 90' lang='lat' dir='ltr'>quarta,</span> <span class='ocrx_word' id='word_1_67' title='bbox 794 1018 821 1063; x_wconf 88' lang='lat'>6</span> <span class='ocrx_word' id='word_1_68' title='bbox 851 1016 1156 1080; x_wconf 81' lang='lat' dir='ltr'>septembriS,</span> <span class='ocrx_word' id='word_1_69' title='bbox 1187 1016 1236 1064; x_wconf 92' lang='lat' dir='ltr'>in</span> <span class='ocrx_word' id='word_1_70' title='bbox 1260 1031 1421 1076; x_wconf 91' lang='lat' dir='ltr'>mane,</span> <span class='ocrx_word' id='word_1_71' title='bbox 1452 1017 1615 1065; x_wconf 88' lang='lat' dir='ltr'>RRmi.</span> <span class='ocrx_word' id='word_1_72' title='bbox 1651 1020 1751 1065; x_wconf 92' lang='lat' dir='ltr'>DD.</span> <span class='ocrx_word' id='word_1_73' title='bbox 1785 1019 2051 1068; x_wconf 83' lang='lat' dir='ltr'>cardinales</span> <span class='ocrx_word' id='word_1_74' title='bbox 2073 1021 2119 1069; x_wconf 91' lang='lat' dir='ltr'>in</span> 
     </span>
     <span class='ocr_line' id='line_1_10' title="bbox 349 1099 2119 1163; baseline 0.002 -14"><span class='ocrx_word' id='word_1_75' title='bbox 349 1100 476 1149; x_wconf 91' lang='lat' dir='ltr'>Urbe</span> <span class='ocrx_word' id='word_1_76' title='bbox 516 1100 776 1148; x_wconf 87' lang='lat' dir='ltr'>existentes</span> <span class='ocrx_word' id='word_1_77' title='bbox 816 1099 1089 1163; x_wconf 87' lang='lat' dir='ltr'>equitarunt</span> <span class='ocrx_word' id='word_1_78' title='bbox 1142 1100 1202 1148; x_wconf 88' lang='lat' dir='ltr'>ad</span> <span class='ocrx_word' id='word_1_79' title='bbox 1246 1100 1592 1148; x_wconf 89' lang='lat' dir='ltr'>monasterium</span> <span class='ocrx_word' id='word_1_80' title='bbox 1633 1099 1773 1148; x_wconf 84' lang='lat' dir='ltr'>beate</span> <span class='ocrx_word' id='word_1_81' title='bbox 1812 1101 1958 1149; x_wconf 88' lang='lat' dir='ltr'>Marie</span> <span class='ocrx_word' id='word_1_82' title='bbox 1998 1117 2119 1152; x_wconf 88' lang='lat' dir='ltr'>nove</span> 
     </span>
     <span class='ocr_line' id='line_1_11' title="bbox 347 1182 2120 1248; baseline 0.002 -18"><span class='ocrx_word' id='word_1_83' title='bbox 347 1182 589 1247; x_wconf 88' lang='lat' dir='ltr'>recepturi</span> <span class='ocrx_word' id='word_1_84' title='bbox 628 1185 821 1230; x_wconf 88' lang='lat' dir='ltr'>Rmum.</span> <span class='ocrx_word' id='word_1_85' title='bbox 865 1183 922 1230; x_wconf 89' lang='lat' dir='ltr'>D.</span> <span class='ocrx_word' id='word_1_86' title='bbox 964 1182 1257 1231; x_wconf 83' lang='lat' dir='ltr'>cardinalem</span> <span class='ocrx_word' id='word_1_87' title='bbox 1292 1182 1600 1232; x_wconf 88' lang='lat' dir='ltr'>Valentinum</span> <span class='ocrx_word' id='word_1_88' title='bbox 1633 1198 1788 1246; x_wconf 89' lang='lat' dir='ltr'>nuper</span> <span class='ocrx_word' id='word_1_89' title='bbox 1824 1184 1884 1231; x_wconf 89' lang='lat' dir='ltr'>ad</span> <span class='ocrx_word' id='word_1_90' title='bbox 1915 1201 2120 1248; x_wconf 82' lang='lat' dir='ltr'>regnum</span> 
     </span>
     <span class='ocr_line' id='line_1_12' title="bbox 347 1265 2120 1330; baseline 0 -15"><span class='ocrx_word' id='word_1_91' title='bbox 347 1266 717 1330; x_wconf 88' lang='lat' dir='ltr'>Neapolitanum</span> <span class='ocrx_word' id='word_1_92' title='bbox 761 1266 822 1314; x_wconf 87' lang='lat' dir='ltr'>ad</span> <span class='ocrx_word' id='word_1_93' title='bbox 869 1266 1198 1314; x_wconf 91' lang='lat' dir='ltr'>coronandum</span> <span class='ocrx_word' id='word_1_94' title='bbox 1245 1265 1607 1315; x_wconf 90' lang='lat' dir='ltr'>serenissimum</span> <span class='ocrx_word' id='word_1_95' title='bbox 1653 1267 1937 1315; x_wconf 89' lang='lat' dir='ltr'>Federicum</span> <span class='ocrx_word' id='word_1_96' title='bbox 1995 1268 2120 1315; x_wconf 93' lang='lat' dir='ltr'>illius</span> 
     </span>
     <span class='ocr_line' id='line_1_13' title="bbox 348 1349 2121 1413; baseline 0.002 -17"><span class='ocrx_word' id='word_1_97' title='bbox 348 1365 532 1413; x_wconf 86' lang='lat' dir='ltr'>regem,</span> <span class='ocrx_word' id='word_1_98' title='bbox 560 1349 773 1413; x_wconf 86' lang='lat' dir='ltr'>legatum</span> <span class='ocrx_word' id='word_1_99' title='bbox 802 1349 861 1397; x_wconf 92' lang='lat' dir='ltr'>de</span> <span class='ocrx_word' id='word_1_100' title='bbox 886 1349 1053 1410; x_wconf 86' lang='lat' dir='ltr'>latere,</span> <span class='ocrx_word' id='word_1_101' title='bbox 1084 1350 1285 1397; x_wconf 92' lang='lat' dir='ltr'>missum</span> <span class='ocrx_word' id='word_1_102' title='bbox 1315 1349 1397 1412; x_wconf 89' lang='lat'>(1),</span> <span class='ocrx_word' id='word_1_103' title='bbox 1429 1349 1509 1412; x_wconf 90' lang='lat' dir='ltr'>qui</span> <span class='ocrx_word' id='word_1_104' title='bbox 1536 1349 1642 1398; x_wconf 91' lang='lat' dir='ltr'>heri</span> <span class='ocrx_word' id='word_1_105' title='bbox 1664 1365 1771 1398; x_wconf 88' lang='lat' dir='ltr'>sero</span> <span class='ocrx_word' id='word_1_106' title='bbox 1793 1350 1904 1399; x_wconf 91' lang='lat' dir='ltr'>inde</span> <span class='ocrx_word' id='word_1_107' title='bbox 1934 1350 1994 1398; x_wconf 88' lang='lat' dir='ltr'>ad</span> <span class='ocrx_word' id='word_1_108' title='bbox 2021 1350 2121 1399; x_wconf 89' lang='lat' dir='ltr'>dic-</span> 
     </span>
     <span class='ocr_line' id='line_1_14' title="bbox 349 1431 2119 1497; baseline 0.001 -17"><span class='ocrx_word' id='word_1_109' title='bbox 349 1436 449 1480; x_wconf 94' lang='lat' dir='ltr'>tum</span> <span class='ocrx_word' id='word_1_110' title='bbox 479 1433 823 1481; x_wconf 88' lang='lat' dir='ltr'>monasterium</span> <span class='ocrx_word' id='word_1_111' title='bbox 851 1431 1082 1491; x_wconf 80' lang='lat' dir='ltr'>redierat3</span> <span class='ocrx_word' id='word_1_112' title='bbox 1107 1434 1280 1496; x_wconf 88' lang='lat' dir='ltr'>quibus</span> <span class='ocrx_word' id='word_1_113' title='bbox 1300 1433 1403 1497; x_wconf 93' lang='lat' dir='ltr'>ipse</span> <span class='ocrx_word' id='word_1_114' title='bbox 1424 1432 1677 1480; x_wconf 87' lang='lat' dir='ltr'>cardinalis</span> <span class='ocrx_word' id='word_1_115' title='bbox 1699 1433 1981 1482; x_wconf 86' lang='lat' dir='ltr'>Valentinus</span> <span class='ocrx_word' id='word_1_116' title='bbox 2012 1449 2119 1482; x_wconf 89' lang='lat' dir='ltr'>suc-</span> 
     </span>
     <span class='ocr_line' id='line_1_15' title="bbox 350 1513 2118 1578; baseline 0.001 -16"><span class='ocrx_word' id='word_1_117' title='bbox 350 1513 550 1574; x_wconf 90' lang='lat' dir='ltr'>cessive,</span> <span class='ocrx_word' id='word_1_118' title='bbox 576 1514 774 1578; x_wconf 86' lang='lat' dir='ltr'>singulis</span> <span class='ocrx_word' id='word_1_119' title='bbox 794 1515 1092 1563; x_wconf 87' lang='lat' dir='ltr'>venientibus</span> <span class='ocrx_word' id='word_1_120' title='bbox 1114 1515 1174 1563; x_wconf 89' lang='lat' dir='ltr'>ad</span> <span class='ocrx_word' id='word_1_121' title='bbox 1193 1520 1399 1578; x_wconf 88' lang='lat' dir='ltr'>portam,</span> <span class='ocrx_word' id='word_1_122' title='bbox 1425 1516 1483 1563; x_wconf 90' lang='lat' dir='ltr'>ad</span> <span class='ocrx_word' id='word_1_123' title='bbox 1502 1515 1650 1578; x_wconf 91' lang='lat' dir='ltr'>pedes</span> <span class='ocrx_word' id='word_1_124' title='bbox 1673 1516 1909 1564; x_wconf 89' lang='lat' dir='ltr'>scalarum</span> <span class='ocrx_word' id='word_1_125' title='bbox 1931 1516 2118 1565; x_wconf 89' lang='lat' dir='ltr'>obviam</span> 
     </span>
     <span class='ocr_line' id='line_1_16' title="bbox 347 1597 2119 1662; baseline 0 -16"><span class='ocrx_word' id='word_1_126' title='bbox 347 1597 475 1646; x_wconf 89' lang='lat' dir='ltr'>venit</span> <span class='ocrx_word' id='word_1_127' title='bbox 501 1603 549 1646; x_wconf 94' lang='lat' dir='ltr'>et</span> <span class='ocrx_word' id='word_1_128' title='bbox 569 1613 652 1646; x_wconf 91' lang='grc'>665</span> <span class='ocrx_word' id='word_1_129' title='bbox 679 1614 828 1662; x_wconf 86' lang='lat' dir='ltr'>usque</span> <span class='ocrx_word' id='word_1_130' title='bbox 854 1598 914 1646; x_wconf 90' lang='lat' dir='ltr'>ad</span> <span class='ocrx_word' id='word_1_131' title='bbox 940 1598 1101 1647; x_wconf 91' lang='lat' dir='ltr'>locum</span> <span class='ocrx_word' id='word_1_132' title='bbox 1129 1599 1458 1662; x_wconf 80' lang='lat' dir='ltr'>capitularem,</span> <span class='ocrx_word' id='word_1_133' title='bbox 1493 1614 1627 1646; x_wconf 91' lang='lat' dir='ltr'>more</span> <span class='ocrx_word' id='word_1_134' title='bbox 1656 1598 1794 1646; x_wconf 90' lang='lat' dir='ltr'>solito</span> <span class='ocrx_word' id='word_1_135' title='bbox 1821 1603 2040 1662; x_wconf 89' lang='lat' dir='ltr'>paratum</span> <span class='ocrx_word' id='word_1_136' title='bbox 2071 1603 2119 1647; x_wconf 94' lang='lat' dir='ltr'>et</span> 
     </span>
     <span class='ocr_line' id='line_1_17' title="bbox 348 1681 2114 1742; baseline -0.001 -12"><span class='ocrx_word' id='word_1_137' title='bbox 348 1685 590 1742; x_wconf 90' lang='lat' dir='ltr'>ornatum,</span> <span class='ocrx_word' id='word_1_138' title='bbox 611 1682 839 1730; x_wconf 88' lang='lat' dir='ltr'>conduxit</span> <span class='ocrx_word' id='word_1_139' title='bbox 860 1698 944 1729; x_wconf 90' lang='lat' dir='ltr'>seu</span> <span class='ocrx_word' id='word_1_140' title='bbox 965 1681 1233 1730; x_wconf 87' lang='lat' dir='ltr'>associavit.</span> <span class='ocrx_word' id='word_1_141' title='bbox 1260 1681 1446 1729; x_wconf 88' lang='lat' dir='ltr'>Primus</span> <span class='ocrx_word' id='word_1_142' title='bbox 1468 1681 1556 1728; x_wconf 87' lang='lat' dir='ltr'>fuit</span> <span class='ocrx_word' id='word_1_143' title='bbox 1577 1681 1831 1729; x_wconf 89' lang='lat' dir='ltr'>cardinalis</span> <span class='ocrx_word' id='word_1_144' title='bbox 1853 1682 2079 1729; x_wconf 88' lang='lat' dir='ltr'>Senensis</span> <span class='ocrx_word' id='word_1_145' title='bbox 2104 1698 2114 1729; x_wconf 74' lang='grc' dir='ltr'>ε</span> 
     </span>
     <span class='ocr_line' id='line_1_18' title="bbox 346 1763 2116 1827; baseline 0 -16"><span class='ocrx_word' id='word_1_146' title='bbox 346 1763 584 1813; x_wconf 87' lang='lat' dir='ltr'>intrarunt</span> <span class='ocrx_word' id='word_1_147' title='bbox 612 1780 723 1812; x_wconf 91' lang='lat' dir='ltr'>cum</span> <span class='ocrx_word' id='word_1_148' title='bbox 752 1765 1027 1825; x_wconf 85' lang='lat' dir='ltr'>Valentino,</span> <span class='ocrx_word' id='word_1_149' title='bbox 1072 1767 1287 1814; x_wconf 87' lang='lat' dir='ltr'>Senense</span> <span class='ocrx_word' id='word_1_150' title='bbox 1324 1764 1610 1823; x_wconf 81' lang='lat' dir='ltr'>associante,</span> <span class='ocrx_word' id='word_1_151' title='bbox 1642 1763 1702 1811; x_wconf 88' lang='lat' dir='ltr'>ad</span> <span class='ocrx_word' id='word_1_152' title='bbox 1721 1764 1896 1812; x_wconf 80' lang='lat' dir='ltr'>locum</span> <span class='ocrx_word' id='word_1_153' title='bbox 1927 1763 2116 1827; x_wconf 91' lang='lat' dir='ltr'>predic-</span> 
     </span>
     <span class='ocr_line' id='line_1_19' title="bbox 345 1848 2120 1912; baseline 0.001 -17"><span class='ocrx_word' id='word_1_154' title='bbox 345 1850 446 1895; x_wconf 90' lang='lat' dir='ltr'>tum</span> <span class='ocrx_word' id='word_1_155' title='bbox 476 1850 582 1896; x_wconf 92' lang='lat' dir='ltr'>Don</span> <span class='ocrx_word' id='word_1_156' title='bbox 614 1848 866 1896; x_wconf 88' lang='lat' dir='ltr'>Goffredus</span> <span class='ocrx_word' id='word_1_157' title='bbox 898 1848 1090 1912; x_wconf 87' lang='lat' dir='ltr'>Borgia,</span> <span class='ocrx_word' id='word_1_158' title='bbox 1125 1850 1207 1896; x_wconf 88' lang='lat' dir='ltr'>SS.</span> <span class='ocrx_word' id='word_1_159' title='bbox 1242 1851 1298 1895; x_wconf 90' lang='lat' dir='ltr'>D.</span> <span class='ocrx_word' id='word_1_160' title='bbox 1331 1850 1386 1895; x_wconf 88' lang='lat' dir='ltr'>N.</span> <span class='ocrx_word' id='word_1_161' title='bbox 1419 1862 1542 1911; x_wconf 89' lang='lat' dir='ltr'>pape</span> <span class='ocrx_word' id='word_1_162' title='bbox 1572 1862 1724 1911; x_wconf 91' lang='lat' dir='ltr'>nepos</span> <span class='ocrx_word' id='word_1_163' title='bbox 1754 1862 1812 1895; x_wconf 89' lang='lat' dir='ltr'>ex</span> <span class='ocrx_word' id='word_1_164' title='bbox 1843 1862 2007 1896; x_wconf 91' lang='lat' dir='ltr'>sorore</span> <span class='ocrx_word' id='word_1_165' title='bbox 2033 1863 2120 1896; x_wconf 89' lang='lat' dir='ltr'>sua</span> 
     </span>
     <span class='ocr_line' id='line_1_20' title="bbox 345 1930 2118 1995; baseline 0.001 -17"><span class='ocrx_word' id='word_1_166' title='bbox 345 1930 525 1979; x_wconf 89' lang='lat' dir='ltr'>carnali</span> <span class='ocrx_word' id='word_1_167' title='bbox 546 1930 754 1995; x_wconf 82' lang='lat' dir='ltr'>genituS,</span> <span class='ocrx_word' id='word_1_168' title='bbox 789 1936 927 1995; x_wconf 89' lang='lat' dir='ltr'>pater</span> <span class='ocrx_word' id='word_1_169' title='bbox 954 1931 1080 1979; x_wconf 91' lang='lat' dir='ltr'>Rmi.</span> <span class='ocrx_word' id='word_1_170' title='bbox 1114 1933 1169 1979; x_wconf 91' lang='lat' dir='ltr'>D.</span> <span class='ocrx_word' id='word_1_171' title='bbox 1205 1930 1459 1979; x_wconf 88' lang='lat' dir='ltr'>cardinalis</span> <span class='ocrx_word' id='word_1_172' title='bbox 1484 1931 1542 1979; x_wconf 94' lang='lat' dir='ltr'>de</span> <span class='ocrx_word' id='word_1_173' title='bbox 1568 1930 1759 1994; x_wconf 83' lang='lat' dir='ltr'>Borgia,</span> <span class='ocrx_word' id='word_1_174' title='bbox 1784 1930 1976 1994; x_wconf 88' lang='lat' dir='ltr'>quidam</span> <span class='ocrx_word' id='word_1_175' title='bbox 1998 1931 2118 1980; x_wconf 87' lang='lat' dir='ltr'>alius</span> 
     </span>
     <span class='ocr_line' id='line_1_21' title="bbox 344 2014 2120 2080; baseline 0 -18"><span class='ocrx_word' id='word_1_176' title='bbox 344 2014 690 2076; x_wconf 90' lang='lat' dir='ltr'>nobilissimus,</span> <span class='ocrx_word' id='word_1_177' title='bbox 731 2019 892 2064; x_wconf 88' lang='lat' dir='ltr'>orator</span> <span class='ocrx_word' id='word_1_178' title='bbox 928 2016 1055 2080; x_wconf 86' lang='lat' dir='ltr'>regis</span> <span class='ocrx_word' id='word_1_179' title='bbox 1090 2015 1316 2079; x_wconf 90' lang='lat' dir='ltr'>Hispanie</span> <span class='ocrx_word' id='word_1_180' title='bbox 1347 2014 1516 2075; x_wconf 88' lang='lat' dir='ltr'>laicus,</span> <span class='ocrx_word' id='word_1_181' title='bbox 1552 2019 1715 2063; x_wconf 89' lang='lat' dir='ltr'>orator</span> <span class='ocrx_word' id='word_1_182' title='bbox 1742 2017 2038 2064; x_wconf 86' lang='lat' dir='ltr'>Venetorum</span> <span class='ocrx_word' id='word_1_183' title='bbox 2071 2019 2120 2063; x_wconf 90' lang='lat' dir='ltr'>et</span> 
     </span>
     <span class='ocr_line' id='line_1_22' title="bbox 347 2098 2118 2164; baseline -0.001 -17"><span class='ocrx_word' id='word_1_184' title='bbox 347 2099 602 2163; x_wconf 90' lang='lat' dir='ltr'>episcopus</span> <span class='ocrx_word' id='word_1_185' title='bbox 636 2099 902 2164; x_wconf 87' lang='lat' dir='ltr'>Paphensis</span> <span class='ocrx_word' id='word_1_186' title='bbox 937 2115 946 2147; x_wconf 89' lang='lat'><strong>:</strong></span> <span class='ocrx_word' id='word_1_187' title='bbox 976 2099 1121 2163; x_wconf 88' lang='lat' dir='ltr'>primi</span> <span class='ocrx_word' id='word_1_188' title='bbox 1147 2099 1240 2146; x_wconf 94' lang='lat' dir='ltr'>duo</span> <span class='ocrx_word' id='word_1_189' title='bbox 1271 2102 1318 2146; x_wconf 90' lang='lat' dir='ltr'>et</span> <span class='ocrx_word' id='word_1_190' title='bbox 1348 2098 1498 2145; x_wconf 91' lang='lat' dir='ltr'>ultimi</span> <span class='ocrx_word' id='word_1_191' title='bbox 1527 2098 1622 2146; x_wconf 93' lang='lat' dir='ltr'>duo</span> <span class='ocrx_word' id='word_1_192' title='bbox 1657 2098 1885 2146; x_wconf 88' lang='lat' dir='ltr'>sederunt</span> <span class='ocrx_word' id='word_1_193' title='bbox 1913 2098 1973 2146; x_wconf 90' lang='lat' dir='ltr'>ad</span> <span class='ocrx_word' id='word_1_194' title='bbox 2002 2098 2118 2146; x_wconf 87' lang='lat' dir='ltr'>dex-</span> 
     </span>
     <span class='ocr_line' id='line_1_23' title="bbox 350 2180 2113 2245; baseline -0.001 -16"><span class='ocrx_word' id='word_1_195' title='bbox 350 2186 499 2230; x_wconf 88' lang='lat' dir='ltr'>teram</span> <span class='ocrx_word' id='word_1_196' title='bbox 535 2182 756 2230; x_wconf 87' lang='lat' dir='ltr'>intrantis</span> <span class='ocrx_word' id='word_1_197' title='bbox 796 2183 979 2230; x_wconf 88' lang='lat' dir='ltr'>dictum</span> <span class='ocrx_word' id='word_1_198' title='bbox 1010 2183 1189 2241; x_wconf 91' lang='lat' dir='ltr'>locum,</span> <span class='ocrx_word' id='word_1_199' title='bbox 1221 2182 1270 2229; x_wconf 90' lang='lat' dir='ltr'>in</span> <span class='ocrx_word' id='word_1_200' title='bbox 1309 2197 1367 2229; x_wconf 92' lang='grc'>66</span> <span class='ocrx_word' id='word_1_201' title='bbox 1401 2182 1618 2245; x_wconf 91' lang='lat' dir='ltr'>apposito</span> <span class='ocrx_word' id='word_1_202' title='bbox 1647 2181 1830 2229; x_wconf 89' lang='lat' dir='ltr'>directo</span> <span class='ocrx_word' id='word_1_203' title='bbox 1867 2180 2113 2240; x_wconf 86' lang='lat' dir='ltr'>cardinali,</span> 
     </span>
     <span class='ocr_line' id='line_1_24' title="bbox 346 2263 2117 2314; baseline -0.001 -2"><span class='ocrx_word' id='word_1_204' title='bbox 346 2280 425 2313; x_wconf 93' lang='lat' dir='ltr'>me</span> <span class='ocrx_word' id='word_1_205' title='bbox 458 2265 650 2313; x_wconf 89' lang='lat' dir='ltr'>interim</span> <span class='ocrx_word' id='word_1_206' title='bbox 682 2265 731 2313; x_wconf 93' lang='lat' dir='ltr'>in</span> <span class='ocrx_word' id='word_1_207' title='bbox 764 2266 968 2314; x_wconf 88' lang='lat' dir='ltr'>ecclesia</span> <span class='ocrx_word' id='word_1_208' title='bbox 1000 2265 1112 2314; x_wconf 92' lang='lat' dir='ltr'>dicti</span> <span class='ocrx_word' id='word_1_209' title='bbox 1144 2264 1422 2313; x_wconf 90' lang='lat' dir='ltr'>monasterii</span> <span class='ocrx_word' id='word_1_210' title='bbox 1456 2265 1690 2313; x_wconf 88' lang='lat' dir='ltr'>existente</span> <span class='ocrx_word' id='word_1_211' title='bbox 1725 2269 1771 2312; x_wconf 91' lang='lat' dir='ltr'>et</span> <span class='ocrx_word' id='word_1_212' title='bbox 1804 2263 2001 2312; x_wconf 89' lang='lat' dir='ltr'>missam</span> <span class='ocrx_word' id='word_1_213' title='bbox 2031 2279 2117 2312; x_wconf 91' lang='lat' dir='ltr'>au-</span> 
     </span>
     <span class='ocr_line' id='line_1_25' title="bbox 347 2344 2111 2411; baseline -0.001 -16"><span class='ocrx_word' id='word_1_214' title='bbox 347 2347 507 2396; x_wconf 90' lang='lat' dir='ltr'>diente</span> <span class='ocrx_word' id='word_1_215' title='bbox 530 2352 577 2397; x_wconf 95' lang='lat' dir='ltr'>et</span> <span class='ocrx_word' id='word_1_216' title='bbox 598 2348 728 2397; x_wconf 90' lang='lat' dir='ltr'>socio</span> <span class='ocrx_word' id='word_1_217' title='bbox 749 2365 859 2397; x_wconf 90' lang='lat' dir='ltr'>meo</span> <span class='ocrx_word' id='word_1_218' title='bbox 882 2349 1009 2397; x_wconf 90' lang='lat' dir='ltr'>dicta</span> <span class='ocrx_word' id='word_1_219' title='bbox 1029 2349 1217 2397; x_wconf 90' lang='lat' dir='ltr'>vidente</span> <span class='ocrx_word' id='word_1_220' title='bbox 1240 2353 1286 2397; x_wconf 93' lang='lat' dir='ltr'>et</span> <span class='ocrx_word' id='word_1_221' title='bbox 1309 2349 1496 2408; x_wconf 88' lang='lat' dir='ltr'>silente,</span> <span class='ocrx_word' id='word_1_222' title='bbox 1522 2363 1632 2395; x_wconf 92' lang='lat' dir='ltr'>cum</span> <span class='ocrx_word' id='word_1_223' title='bbox 1655 2347 1714 2396; x_wconf 92' lang='lat' dir='ltr'>sit</span> <span class='ocrx_word' id='word_1_224' title='bbox 1734 2346 1835 2411; x_wconf 82' lang='lat' dir='ltr'>ipse</span> <span class='ocrx_word' id='word_1_225' title='bbox 1858 2344 2111 2410; x_wconf 81' lang='lat' dir='ltr'>Hispanus.</span> 
     </span>
     <span class='ocr_line' id='line_1_26' title="bbox 346 2429 2118 2495; baseline -0.002 -15"><span class='ocrx_word' id='word_1_226' title='bbox 346 2433 734 2495; x_wconf 87' lang='lat' dir='ltr'>Supervenerunt</span> <span class='ocrx_word' id='word_1_227' title='bbox 764 2432 936 2481; x_wconf 91' lang='lat' dir='ltr'>deinde</span> <span class='ocrx_word' id='word_1_228' title='bbox 970 2449 1008 2480; x_wconf 94' lang='grc'>5.</span> <span class='ocrx_word' id='word_1_229' title='bbox 1046 2432 1272 2481; x_wconf 88' lang='lat' dir='ltr'>Praxedis</span> <span class='ocrx_word' id='word_1_230' title='bbox 1309 2436 1355 2481; x_wconf 91' lang='lat' dir='ltr'>et</span> <span class='ocrx_word' id='word_1_231' title='bbox 1389 2432 1642 2480; x_wconf 86' lang='lat' dir='ltr'>Grimanus</span> <span class='ocrx_word' id='word_1_232' title='bbox 1675 2430 1939 2479; x_wconf 88' lang='lat' dir='ltr'>cardinales</span> <span class='ocrx_word' id='word_1_233' title='bbox 1975 2429 2056 2493; x_wconf 89' lang='lat' dir='ltr'>qui</span> <span class='ocrx_word' id='word_1_234' title='bbox 2089 2445 2118 2478; x_wconf 90' lang='lat' dir='ltr'>a</span> 
     </span>
     <span class='ocr_line' id='line_1_27' title="bbox 343 2512 2116 2580; baseline -0.002 -16"><span class='ocrx_word' id='word_1_235' title='bbox 343 2514 599 2564; x_wconf 88' lang='lat' dir='ltr'>Valentino</span> <span class='ocrx_word' id='word_1_236' title='bbox 624 2515 824 2578; x_wconf 86' lang='lat' dir='ltr'>recepti,</span> <span class='ocrx_word' id='word_1_237' title='bbox 848 2515 988 2580; x_wconf 86' lang='lat' dir='ltr'>juxta</span> <span class='ocrx_word' id='word_1_238' title='bbox 1015 2516 1280 2563; x_wconf 87' lang='lat' dir='ltr'>Senensem</span> <span class='ocrx_word' id='word_1_239' title='bbox 1309 2530 1359 2563; x_wconf 93' lang='lat' dir='ltr'>se</span> <span class='ocrx_word' id='word_1_240' title='bbox 1388 2515 1699 2574; x_wconf 87' lang='lat' dir='ltr'>collocarunt,</span> <span class='ocrx_word' id='word_1_241' title='bbox 1725 2519 1773 2562; x_wconf 90' lang='lat' dir='ltr'>et</span> <span class='ocrx_word' id='word_1_242' title='bbox 1799 2518 1960 2562; x_wconf 90' lang='lat' dir='ltr'>orator</span> <span class='ocrx_word' id='word_1_243' title='bbox 1989 2512 2116 2578; x_wconf 85' lang='lat' dir='ltr'>regis</span> 
     </span>
     <span class='ocr_line' id='line_1_28' title="bbox 345 2597 2115 2664; baseline 0.002 -19"><span class='ocrx_word' id='word_1_244' title='bbox 345 2597 572 2661; x_wconf 89' lang='lat' dir='ltr'>Hispanie</span> <span class='ocrx_word' id='word_1_245' title='bbox 601 2598 662 2646; x_wconf 88' lang='lat' dir='ltr'>ad</span> <span class='ocrx_word' id='word_1_246' title='bbox 682 2598 926 2646; x_wconf 88' lang='lat' dir='ltr'>sinistram</span> <span class='ocrx_word' id='word_1_247' title='bbox 953 2598 1195 2648; x_wconf 89' lang='lat' dir='ltr'>Valentini</span> <span class='ocrx_word' id='word_1_248' title='bbox 1223 2599 1303 2662; x_wconf 89' lang='lat' dir='ltr'>qui</span> <span class='ocrx_word' id='word_1_249' title='bbox 1335 2598 1555 2647; x_wconf 92' lang='lat' dir='ltr'>ultimum</span> <span class='ocrx_word' id='word_1_250' title='bbox 1581 2598 1744 2647; x_wconf 92' lang='lat' dir='ltr'>locum</span> <span class='ocrx_word' id='word_1_251' title='bbox 1770 2599 1966 2648; x_wconf 91' lang='lat' dir='ltr'>tenebat</span> <span class='ocrx_word' id='word_1_252' title='bbox 1990 2616 1999 2646; x_wconf 75' lang='grc' dir='ltr'><strong><em>ε</em></strong></span> <span class='ocrx_word' id='word_1_253' title='bbox 2025 2613 2115 2664; x_wconf 85' lang='lat' dir='ltr'>ego</span> 
     </span>
     <span class='ocr_line' id='line_1_29' title="bbox 343 2679 2112 2746; baseline 0.002 -20"><span class='ocrx_word' id='word_1_254' title='bbox 343 2679 392 2726; x_wconf 93' lang='lat' dir='ltr'>id</span> <span class='ocrx_word' id='word_1_255' title='bbox 412 2680 728 2744; x_wconf 82' lang='lat' dir='ltr'>prospicienS,</span> <span class='ocrx_word' id='word_1_256' title='bbox 755 2679 835 2743; x_wconf 89' lang='lat' dir='ltr'>qui</span> <span class='ocrx_word' id='word_1_257' title='bbox 856 2686 965 2744; x_wconf 86' lang='lat' dir='ltr'>post</span> <span class='ocrx_word' id='word_1_258' title='bbox 986 2681 1138 2728; x_wconf 91' lang='lat' dir='ltr'>dictos</span> <span class='ocrx_word' id='word_1_259' title='bbox 1161 2680 1428 2730; x_wconf 90' lang='lat' dir='ltr'>cardinales</span> <span class='ocrx_word' id='word_1_260' title='bbox 1449 2683 1719 2746; x_wconf 90' lang='lat' dir='ltr'>predictum</span> <span class='ocrx_word' id='word_1_261' title='bbox 1744 2682 1905 2731; x_wconf 92' lang='lat' dir='ltr'>locum</span> <span class='ocrx_word' id='word_1_262' title='bbox 1926 2681 2112 2741; x_wconf 87' lang='lat' dir='ltr'>intravi,</span> 
     </span>
     <span class='ocr_line' id='line_1_30' title="bbox 343 2763 2168 2830; baseline 0.001 -20"><span class='ocrx_word' id='word_1_263' title='bbox 343 2763 525 2825; x_wconf 86' lang='lat' dir='ltr'>rogavi,</span> <span class='ocrx_word' id='word_1_264' title='bbox 562 2767 608 2811; x_wconf 93' lang='lat' dir='ltr'>et</span> <span class='ocrx_word' id='word_1_265' title='bbox 644 2763 769 2812; x_wconf 90' lang='lat' dir='ltr'>bene</span> <span class='ocrx_word' id='word_1_266' title='bbox 801 2763 912 2822; x_wconf 91' lang='lat' dir='ltr'>feci,</span> <span class='ocrx_word' id='word_1_267' title='bbox 959 2764 1070 2827; x_wconf 89' lang='lat' dir='ltr'>quia</span> <span class='ocrx_word' id='word_1_268' title='bbox 1104 2763 1386 2813; x_wconf 86' lang='lat' dir='ltr'>indecenter</span> <span class='ocrx_word' id='word_1_269' title='bbox 1421 2765 1652 2814; x_wconf 86' lang='lat' dir='ltr'>sedebant</span> <span class='ocrx_word' id='word_1_270' title='bbox 1689 2782 1856 2814; x_wconf 92' lang='lat' dir='ltr'>omnes</span> <span class='ocrx_word' id='word_1_271' title='bbox 1891 2764 2110 2830; x_wconf 88' lang='lat' dir='ltr'>predicti,</span> <span class='ocrx_word' id='word_1_272' title='bbox 2165 2798 2168 2802; x_wconf 86' lang='lat'><em>-</em></span> 
     </span>
     <span class='ocr_line' id='line_1_31' title="bbox 341 2844 2114 2911; baseline 0.002 -20"><span class='ocrx_word' id='word_1_273' title='bbox 341 2844 497 2907; x_wconf 90' lang='lat' dir='ltr'>primo</span> <span class='ocrx_word' id='word_1_274' title='bbox 517 2850 758 2893; x_wconf 89' lang='lat' dir='ltr'>oratorem</span> <span class='ocrx_word' id='word_1_275' title='bbox 781 2846 1119 2909; x_wconf 86' lang='lat' dir='ltr'>Hispaniarum</span> <span class='ocrx_word' id='word_1_276' title='bbox 1138 2851 1190 2894; x_wconf 92' lang='lat' dir='ltr'>ut</span> <span class='ocrx_word' id='word_1_277' title='bbox 1208 2846 1371 2895; x_wconf 91' lang='lat' dir='ltr'>locum</span> <span class='ocrx_word' id='word_1_278' title='bbox 1384 2847 1541 2911; x_wconf 89' lang='lat' dir='ltr'>ipsum</span> <span class='ocrx_word' id='word_1_279' title='bbox 1565 2848 1645 2911; x_wconf 91' lang='lat' dir='ltr'>qui</span> <span class='ocrx_word' id='word_1_280' title='bbox 1659 2863 1747 2911; x_wconf 90' lang='lat' dir='ltr'>pro</span> <span class='ocrx_word' id='word_1_281' title='bbox 1764 2847 1877 2896; x_wconf 91' lang='lat' dir='ltr'>solis</span> <span class='ocrx_word' id='word_1_282' title='bbox 1895 2847 2114 2895; x_wconf 86' lang='lat' dir='ltr'>cardina-</span> 
     </span>
     <span class='ocr_line' id='line_1_32' title="bbox 341 2926 2113 2992; baseline 0.002 -18"><span class='ocrx_word' id='word_1_283' title='bbox 341 2926 465 2975; x_wconf 90' lang='lat' dir='ltr'>libus</span> <span class='ocrx_word' id='word_1_284' title='bbox 485 2932 680 2992; x_wconf 88' lang='lat' dir='ltr'>paratus</span> <span class='ocrx_word' id='word_1_285' title='bbox 706 2932 851 2987; x_wconf 90' lang='lat' dir='ltr'>esset,</span> <span class='ocrx_word' id='word_1_286' title='bbox 876 2927 1044 2976; x_wconf 86' lang='lat' dir='ltr'>exiret.</span> <span class='ocrx_word' id='word_1_287' title='bbox 1072 2931 1195 2992; x_wconf 84' lang='lat' dir='ltr'>Egre</span> <span class='ocrx_word' id='word_1_288' title='bbox 1218 2929 1320 2976; x_wconf 89' lang='lat' dir='ltr'>tulit</span> <span class='ocrx_word' id='word_1_289' title='bbox 1341 2929 1389 2976; x_wconf 89' lang='lat' dir='ltr'>id</span> <span class='ocrx_word' id='word_1_290' title='bbox 1414 2929 1549 2978; x_wconf 87' lang='lat' dir='ltr'>valde</span> <span class='ocrx_word' id='word_1_291' title='bbox 1570 2929 1672 2992; x_wconf 92' lang='lat' dir='ltr'>ipse</span> <span class='ocrx_word' id='word_1_292' title='bbox 1701 2933 1861 2979; x_wconf 87' lang='lat' dir='ltr'>orator</span> <span class='ocrx_word' id='word_1_293' title='bbox 1888 2934 1935 2978; x_wconf 93' lang='lat' dir='ltr'>et</span> <span class='ocrx_word' id='word_1_294' title='bbox 1957 2929 2113 2978; x_wconf 89' lang='lat' dir='ltr'>dictus</span> 
     </span>
     <span class='ocr_line' id='line_1_33' title="bbox 341 3011 2113 3076; baseline 0.002 -18"><span class='ocrx_word' id='word_1_295' title='bbox 341 3011 579 3060; x_wconf 84' lang='lat' dir='ltr'>Joffredus</span> <span class='ocrx_word' id='word_1_296' title='bbox 604 3011 917 3060; x_wconf 90' lang='lat' dir='ltr'>nihilominus</span> <span class='ocrx_word' id='word_1_297' title='bbox 944 3027 1054 3060; x_wconf 91' lang='lat' dir='ltr'>cum</span> <span class='ocrx_word' id='word_1_298' title='bbox 1076 3012 1350 3073; x_wconf 89' lang='lat' dir='ltr'>Valentino,</span> <span class='ocrx_word' id='word_1_299' title='bbox 1376 3013 1689 3076; x_wconf 88' lang='lat' dir='ltr'>Neapolitano</span> <span class='ocrx_word' id='word_1_300' title='bbox 1704 3018 1802 3062; x_wconf 90' lang='lat' dir='ltr'>ets.</span> <span class='ocrx_word' id='word_1_301' title='bbox 1820 3012 1984 3061; x_wconf 89' lang='lat' dir='ltr'>Crucis</span> <span class='ocrx_word' id='word_1_302' title='bbox 2007 3028 2113 3061; x_wconf 87' lang='lat' dir='ltr'>car-</span> 
     </span>
     <span class='ocr_line' id='line_1_34' title="bbox 342 3092 2112 3156; baseline 0.002 -15"><span class='ocrx_word' id='word_1_303' title='bbox 342 3092 576 3142; x_wconf 90' lang='lat' dir='ltr'>dinalibus</span> <span class='ocrx_word' id='word_1_304' title='bbox 614 3095 756 3143; x_wconf 90' lang='lat' dir='ltr'>simul</span> <span class='ocrx_word' id='word_1_305' title='bbox 790 3095 1085 3144; x_wconf 90' lang='lat' dir='ltr'>venientibus</span> <span class='ocrx_word' id='word_1_306' title='bbox 1127 3096 1313 3144; x_wconf 90' lang='lat' dir='ltr'>obviam</span> <span class='ocrx_word' id='word_1_307' title='bbox 1350 3095 1502 3144; x_wconf 91' lang='lat' dir='ltr'>iturus</span> <span class='ocrx_word' id='word_1_308' title='bbox 1536 3096 1694 3145; x_wconf 90' lang='lat' dir='ltr'>locum</span> <span class='ocrx_word' id='word_1_309' title='bbox 1735 3095 1902 3156; x_wconf 86' lang='lat' dir='ltr'>exiret,</span> <span class='ocrx_word' id='word_1_310' title='bbox 1939 3096 2112 3144; x_wconf 88' lang='lat' dir='ltr'>iterum</span> 
     </span>
     <span class='ocr_line' id='line_1_35' title="bbox 340 3172 2111 3243; baseline 0.002 -19"><span class='ocrx_word' id='word_1_311' title='bbox 340 3172 542 3226; x_wconf 85' lang='lat' dir='ltr'>honeste</span> <span class='ocrx_word' id='word_1_312' title='bbox 577 3193 660 3226; x_wconf 92' lang='lat' dir='ltr'>eos</span> <span class='ocrx_word' id='word_1_313' title='bbox 695 3179 971 3227; x_wconf 92' lang='lat' dir='ltr'>commonui</span> <span class='ocrx_word' id='word_1_314' title='bbox 1005 3178 1066 3227; x_wconf 92' lang='lat' dir='ltr'>ad</span> <span class='ocrx_word' id='word_1_315' title='bbox 1099 3179 1390 3227; x_wconf 90' lang='lat' dir='ltr'>cardinalem</span> <span class='ocrx_word' id='word_1_316' title='bbox 1420 3179 1576 3243; x_wconf 90' lang='lat' dir='ltr'>ipsum</span> <span class='ocrx_word' id='word_1_317' title='bbox 1607 3179 1935 3228; x_wconf 89' lang='lat' dir='ltr'>comitandum</span> <span class='ocrx_word' id='word_1_318' title='bbox 1969 3194 2111 3242; x_wconf 91' lang='lat' dir='ltr'>quem</span> 
     </span>
    </p>
   </div>
   <div class='ocr_carea' id='block_1_3' title="bbox 336 3325 2110 3484">
    <p class='ocr_par' dir='ltr' id='par_1_4' title="bbox 336 3325 2110 3484">
     <span class='ocr_line' id='line_1_36' title="bbox 390 3325 2110 3377; baseline 0.001 -14"><span class='ocrx_word' id='word_1_319' title='bbox 390 3327 423 3364; x_wconf 89' lang='lat'>1.</span> <span class='ocrx_word' id='word_1_320' title='bbox 451 3325 545 3374; x_wconf 78' lang='lat' dir='ltr'>Voy.</span> <span class='ocrx_word' id='word_1_321' title='bbox 576 3325 737 3373; x_wconf 82' lang='lat' dir='ltr'>Rinaldi,</span> <span class='ocrx_word' id='word_1_322' title='bbox 764 3339 800 3375; x_wconf 89' lang='lat' dir='ltr'>p.</span> <span class='ocrx_word' id='word_1_323' title='bbox 835 3329 918 3372; x_wconf 80' lang='lat'>267,</span> <span class='ocrx_word' id='word_1_324' title='bbox 947 3335 1004 3364; x_wconf 78' lang='lat'>11⁰³</span> <span class='ocrx_word' id='word_1_325' title='bbox 1034 3328 1123 3365; x_wconf 83' lang='lat'>9-14</span> <span class='ocrx_word' id='word_1_326' title='bbox 1157 3331 1193 3364; x_wconf 89' lang='lat' dir='ltr'>et</span> <span class='ocrx_word' id='word_1_327' title='bbox 1224 3328 1317 3365; x_wconf 86' lang='lat' dir='ltr'>dans</span> <span class='ocrx_word' id='word_1_328' title='bbox 1349 3327 1483 3377; x_wconf 84' lang='lat' dir='ltr'>Lunig,</span> <span class='ocrx_word' id='word_1_329' title='bbox 1518 3328 1636 3365; x_wconf 72' lang='lat' dir='ltr'>eodem</span> <span class='ocrx_word' id='word_1_330' title='bbox 1666 3329 1781 3366; x_wconf 68' lang='lat' dir='ltr'>Italiae</span> <span class='ocrx_word' id='word_1_331' title='bbox 1814 3328 1980 3376; x_wconf 68' lang='lat' dir='ltr'>diplom„</span> <span class='ocrx_word' id='word_1_332' title='bbox 2009 3332 2035 3366; x_wconf 83' lang='lat' dir='ltr'>t.</span> <span class='ocrx_word' id='word_1_333' title='bbox 2064 3325 2110 3374; x_wconf 92' lang='lat' dir='ltr'>II,</span> 
     </span>
     <span class='ocr_line' id='line_1_37' title="bbox 336 3384 2110 3437; baseline 0.001 -14"><span class='ocrx_word' id='word_1_334' title='bbox 336 3391 373 3423; x_wconf 79' lang='grc'>11.</span> <span class='ocrx_word' id='word_1_335' title='bbox 394 3398 542 3431; x_wconf 82' lang='lat' dir='ltr'>cxxxm,</span> <span class='ocrx_word' id='word_1_336' title='bbox 565 3384 633 3423; x_wconf 89' lang='lat' dir='ltr'>col.</span> <span class='ocrx_word' id='word_1_337' title='bbox 659 3387 763 3431; x_wconf 88' lang='lat'>1310,</span> <span class='ocrx_word' id='word_1_338' title='bbox 786 3387 818 3424; x_wconf 88' lang='lat' dir='ltr'>le</span> <span class='ocrx_word' id='word_1_339' title='bbox 838 3387 919 3424; x_wconf 83' lang='lat' dir='ltr'>bref</span> <span class='ocrx_word' id='word_1_340' title='bbox 935 3388 984 3424; x_wconf 90' lang='lat' dir='ltr'>du</span> <span class='ocrx_word' id='word_1_341' title='bbox 1009 3388 1109 3435; x_wconf 79' lang='lat' dir='ltr'>Pape</span> <span class='ocrx_word' id='word_1_342' title='bbox 1130 3399 1175 3424; x_wconf 88' lang='lat' dir='ltr'>au</span> <span class='ocrx_word' id='word_1_343' title='bbox 1202 3387 1255 3424; x_wconf 92' lang='lat' dir='ltr'>roi</span> <span class='ocrx_word' id='word_1_344' title='bbox 1276 3387 1501 3435; x_wconf 79' lang='lat' dir='ltr'>Ferdinand3</span> <span class='ocrx_word' id='word_1_345' title='bbox 1534 3400 1573 3425; x_wconf 89' lang='lat' dir='ltr'>ce</span> <span class='ocrx_word' id='word_1_346' title='bbox 1593 3387 1675 3425; x_wconf 81' lang='lat' dir='ltr'>bref</span> <span class='ocrx_word' id='word_1_347' title='bbox 1695 3387 1791 3426; x_wconf 89' lang='lat' dir='ltr'>n’est</span> <span class='ocrx_word' id='word_1_348' title='bbox 1817 3399 1883 3437; x_wconf 86' lang='lat' dir='ltr'>pas</span> <span class='ocrx_word' id='word_1_349' title='bbox 1903 3388 2022 3425; x_wconf 75' lang='lat' dir='ltr'>donne</span> <span class='ocrx_word' id='word_1_350' title='bbox 2045 3399 2110 3436; x_wconf 84' lang='lat' dir='ltr'>par</span> 
     </span>
     <span class='ocr_line' id='line_1_38' title="bbox 337 3445 1075 3484; baseline 0.003 -2"><span class='ocrx_word' id='word_1_351' title='bbox 337 3445 497 3484; x_wconf 79' lang='lat' dir='ltr'>Rinaldi.</span> <span class='ocrx_word' id='word_1_352' title='bbox 1072 3454 1075 3457; x_wconf 88' lang='lat'>&#39;</span> 
     </span>
    </p>
   </div>
  </div>
 </body>
</html>
