2202 3926
281 336 349 372 116
886 338 1120 376 JOHANNIS
1155 339 1451 385 BURCHARDI,
1833 341 1942 381 [Avril
1964 343 2057 383 1494]

280 437 455 500 respice
477 453 618 501 super
636 438 763 486 hunc
781 441 1024 504 famulum
1045 449 1181 489 tuum
1201 441 1470 489 Johannem
1491 440 1820 504 presbyterum
1846 441 2058 489 cardina-

281 520 399 579 lem,·
415 529 469 568 ut
486 530 674 570 cunctas
693 524 1080 588 conyreqationes
1098 525 1186 572 sibi
1206 524 1488 581 commissas,
1508 523 1700 585 spiritus
1713 523 1868 587 qratie
1885 523 2059 571 salute-

281 604 345 651 ris
373 612 417 652 et
444 606 493 652 in
523 607 693 654 virtute
718 607 806 654 sibi
835 607 1134 669 complaceat,
1156 613 1445 670 perpetuum
1474 606 1516 653 ei
1545 621 1697 654 rorem
1727 605 2059 655 benedictionis

283 696 362 736 tue
382 689 604 753 infunde.
629 689 729 736 Per
754 690 995 737 Christum
1011 690 1275 737 Dominum
1295 697 1525 737 nostrum.
1551 688 1728 737 Amen.

350 775 470 820 Tum
501 773 675 820 chorus
705 772 833 820 dicat
861 773 1176 836 antiphonam
1201 789 1210 820 :
1234 773 1373 821 Saloe
1397 772 1618 839 defensor
1632 773 1807 836 patrie,
1838 773 2060 822 Gaudens

286 855 520 920 triumpho
530 855 696 920 qlorie,
708 856 883 904 Nitens
898 864 954 904 ut
962 873 1150 920 qemma
1157 857 1424 920 presulum,
1438 855 1639 904 Almum
1655 856 1849 904 concede
1861 857 2058 905 exitum.

349 938 558 988 Januari
604 941 917 1001 sanctissime,
945 939 1021 988 ‘ut
1064 941 1113 988 in
1158 956 1376 1004 schremo
1418 940 1645 1000 culmine,
1689 956 1794 988 vero
1830 940 2065 1004 possimus

286 1024 466 1072 lumine
499 1033 712 1072 nostrum
734 1039 946 1087 perenne
974 1025 1210 1087 premium
1239 1024 1400 1072 Deum
1432 1024 1675 1072 authorem
1712 1024 1924 1072 omnium
1955 1039 2066 1071 con-

287 1108 521 1171 templari,
547 1109 819 1167 clarissime,
843 1124 924 1156 ora
936 1123 1029 1170 pro
1052 1109 1201 1168 nobis,
1234 1108 1363 1156 beate
1388 1107 1611 1168 Januari,
1640 1116 1694 1156 ut
1721 1108 1856 1172 diqni
1883 1107 2065 1173 efficia-

286 1207 392 1238 mur
404 1191 795 1254 promissionibus
821 1190 1013 1238 Christi.
1059 1189 1061 1191 ’
1136 1203 1138 1205 ’
1823 1176 1825 1179 ’

352 1275 549 1323 Interim
586 1275 715 1338 quod
753 1274 1019 1323 versiculus
1057 1289 1168 1323 cum
1208 1275 1517 1340 responsorio
1548 1259 1786 1339 premisso
1815 1274 2059 1333 dicuntur,

287 1358 438 1422 surgit
474 1358 687 1422 legatus,
731 1362 778 1407 et
815 1357 1003 1406 accedit
1040 1359 1101 1406 ἃᾶ
1145 1374 1296 1407 cornu
1338 1359 1543 1424 epistole
1585 1359 1766 1419 altaris,
1804 1357 1886 1406 ubi
1928 1363 2060 1406 stans

286 1442 477 1490 detecto
517 1441 671 1506 capite
713 1441 774 1490 ἃᾶ
805 1441 962 1505 ipsum
1001 1442 1152 1491 altare
1195 1458 1379 1503 versuS,
1419 1442 1534 1491 dicit
1570 1458 1630 1491 ex
1666 1442 1788 1491 libro
1835 1441 1885 1489 in
1923 1439 2058 1489 alteri

286 1526 442 1590 posito
477 1543 488 1575 :
748 1528 751 1530 ’

1062 1613 1283 1660 OremuS.

357 1693 556 1742 Gloriosi
567 1695 805 1758 pontificis
827 1703 872 1741 et
889 1695 1113 1757 martyris
1134 1693 1358 1742 Januarii
1372 1694 1588 1759 fidelium
1611 1702 1804 1755 mentes,
1828 1693 2052 1754 Domine,

287 1778 558 1826 excellentia
578 1778 1027 1826 commemorationis
1049 1777 1257 1837 irradiet,
1280 1786 1336 1825 ut
1351 1779 1473 1825 sicut
1484 1779 1638 1842 yloria
1659 1762 1897 1843 ineffabili
1915 1778 2059 1825 subli-

286 1870 460 1919 matur,
485 1862 549 1908 ita
570 1861 724 1908 aditus
745 1862 905 1924 patrie
925 1861 1144 1908 salutaris
1165 1861 1271 1924 ejus
1291 1861 1422 1910 nobis
1449 1849 1776 1910 intercessione
1789 1850 2053 1928 pandatur,

277 1960 369 2007 per
394 1945 635 1992 Christum
648 1944 717 1992 D.
741 1945 811 1992 N.
835 1944 1013 1993 Amen.

351 2031 470 2076 Tum
485 2028 672 2092 legatus
687 2028 917 2092 procedat
937 2029 996 2076 ad
1013 2028 1228 2077 medium
1248 2030 1409 2078 altaris
1432 2033 1480 2078 et
1498 2033 1645 2090 stanS,
1667 2029 1859 2078 detecto
1882 2029 2056 2094 capite,

285 2128 451 2160 versus
479 2112 541 2160 ad
573 2128 768 2161 crucem
795 2127 930 2160 suam
963 2112 1105 2173 dicat,
1131 2129 1183 2161 se
1209 2104 1443 2177 signando
1474 2130 1610 2162 more
1636 2114 1795 2173 solito,
1825 2118 1872 2162 et
1905 2113 2055 2162 choro

287 2196 609 2260 respondente
632 2212 641 2244 :
665 2197 740 2244 Sit
767 2211 936 2244 nomen
962 2195 1161 2244 Domini
1186 2196 1476 2245 benedictum
1498 2214 1556 2245 ea?
1581 2198 1666 2245 hoc
1694 2213 1822 2244 nunc
1842 2204 1888 2244 et
1910 2213 2059 2260 usque

288 2280 337 2327 in
357 2280 511 2327 secula
531 2280 810 2327 seculorum.

351 2363 667 2427 Adjutorium
685 2372 899 2412 nostrum
920 2363 969 2411 in
986 2362 1174 2412 nomine
1193 2363 1406 2422 Domini,

358 2449 453 2505 Qui
471 2449 587 2513 fecit
608 2449 756 2496 celum
780 2456 827 2496 et
843 2456 1035 2496 terram.

352 2531 613 2579 Benedicat
631 2548 715 2579 nos
737 2532 1026 2595 omnipotens
1040 2530 1192 2592 Deus‘‚
1210 2533 1375 2592 Pater,
1397 2533 1549 2581 Filius
1564 2540 1608 2580 et
1620 2532 1828 2595 Spiritus
1848 2537 2056 2578 sanctus.

355 2615 555 2681 (Populo
576 2631 605 2664 a
626 2615 829 2664 sinistris
850 2615 898 2662 in
920 2616 1167 2665 dexteram
1187 2615 1519 2680 benedicens.)
1541 2644 1606 2651 —
1626 2615 1677 2676 11).
1706 2614 1877 2662 Amen.

354 2699 697 2748 Benedictione
735 2699 861 2759 data,
897 2699 1083 2763 legatus
1117 2700 1352 2749 concedat
1381 2698 1780 2748 interessentibus
1811 2689 2065 2763 indulgen-

289 2784 378 2831 tias
410 2783 554 2830 trium
585 2798 840 2840 annorum,
874 2798 993 2845 quas
1021 2798 1144 2830 unus
1179 2799 1238 2831 ex
1275 2783 1535 2846 capellanis
1572 2784 1670 2831 suis
1705 2782 1778 2831 vel
1811 2778 2061 2849 canonicis

290 2864 491 2915 ecclesie
514 2865 826 2928 Neapolitano
847 2866 1025 2930 populo
1048 2866 1307 2914 denunciet
1327 2866 1377 2913 in
1397 2866 1526 2915 hunc
1547 2867 1746 2915 modum
1769 2880 1778 2911 :

357 2970 380 2994 «
418 2949 455 2996 Il
482 2950 595 2996 Rev.
621 2948 670 2994 in
703 2948 855 2996 Cristo
885 2948 1032 3012 padre
1062 2953 1110 2997 et
1143 2949 1354 3011 signore,
1377 2936 1568 3012 signore
1596 2948 1826 2997 Giovanni
1852 2946 1976 2994 tituli
2000 2945 2059 2993 de

291 3036 457 3082 sancta
489 3034 709 3079 Susanna
736 3031 860 3079 della
889 3034 1024 3079 santa
1056 3046 1255 3078 romana
1291 3031 1465 3079 Chiesa
1496 3031 1778 3096 presbytero
1818 3028 2061 3094 cardinale

291 3115 349 3164 de
381 3117 543 3163 Monte
565 3113 759 3177 Regale,
790 3114 849 3162 de
878 3114 925 3162 la
957 3114 1069 3162 sede
1103 3114 1369 3177 apostolica
1399 3113 1578 3177 legato,
1613 3113 1673 3162 de
1711 3117 1758 3162 et
1789 3111 2005 3162 concede
2033 3126 2061 3158 a

291 3198 517 3247 ciescune
533 3213 741 3261 persona
761 3201 843 3260 qui
863 3202 1088 3261 presente
1111 3201 1182 3246 tre
1200 3197 1312 3246 anni
1330 3196 1375 3245 di
1393 3213 1505 3245 vera
1522 3197 1820 3261 indulgentia
1836 3197 1886 3244 in
1901 3188 2062 3261 forma

290 3281 414 3329 della
435 3281 605 3330 Chiesa
626 3285 872 3330 consueta.
899 3283 1101 3345 Pregate
1123 3281 1256 3330 lddio
1278 3297 1363 3345 per
1392 3281 1424 3328 il
1446 3280 1586 3329 felice
1614 3284 1736 3328 stato
1759 3279 1884 3328 dello
1908 3280 2058 3327 Sanc-

289 3364 375 3412 tite
396 3363 472 3412 del
489 3379 629 3427 papa,
652 3363 699 3410 di
722 3379 807 3411 sua
831 3363 1231 3426 reverendissima
1257 3362 1492 3427 Signoria,
1516 3363 1640 3412 dello
1667 3361 1977 3411 serenissimo
2004 3373 2055 3405 re

289 3447 506 3506 AlfonSO‚
531 3451 578 3496 et
599 3446 723 3496 della
744 3451 881 3494 santa
902 3444 1310 3496 romana'Chiesa.
1337 3467 1359 3491 »
