2222 3926
310 357 381 393 296
916 354 1145 392 JOHANNIS
1180 353 1475 397 BURCHARDI,
1865 353 1973 393 [Aout
1998 355 2093 396 1496]

378 458 729 517 Subdiaconus,
753 457 881 505 dicta
911 456 1114 520 epistola
1135 471 1278 519 quam
1312 470 1371 503 ex
1401 454 1525 501 libro
1555 468 1700 516 super
1726 452 1910 515 pulpito
1930 456 2090 517 posita

308 542 442 607 legit,
478 556 643 590 coram
670 540 831 604 legato
865 539 1147 603 genuflexus
1185 538 1289 600 ejus
1323 551 1521 584 manum
1563 540 1611 584 et
1650 550 1794 599 super
1830 537 2084 599 epistolam

309 626 516 691 positam
556 624 795 672 osculatus
830 627 917 669 est.
956 621 1217 679 Diaconus,
1256 622 1515 682 antequam
1547 620 1848 683 evangelium
1886 620 2085 681 diceret,

308 709 444 774 petiit
466 711 514 755 et
540 705 744 754 obtinuit
771 720 800 751 a
824 704 984 766 legato
1012 717 1176 750 coram
1205 718 1263 751 eo
1294 703 1578 767 genuflexus
1607 702 2018 763 benedictionem,
2043 710 2091 754 et

309 793 410 856 ejus
426 804 622 838 manum
644 787 886 835 osculatus
909 790 982 834 est
1003 786 1345 834 subdiaconus.
1363 789 1568 851 Legatus
1583 787 1812 850 imposuit
1827 787 2082 836 incensum

307 876 353 923 in
377 872 620 922 thuribulo
650 887 737 935 pro
761 870 1028 934 evangelie,
1058 874 1103 917 et
1125 875 1294 933 postea
1321 885 1406 934 pro
1435 870 1769 919 incensatione
1788 869 2013 919 sacrificii
2043 876 2091 920 et

308 957 486 1015 altaris,
511 955 641 1019 quod
667 970 695 1002 a
721 954 955 1018 principio
978 969 1074 1001 non
1098 952 1186 1001 fuit
1214 954 1538 1012 incensatum,
1563 954 1673 1016 quia
1701 968 1800 1002 non
1830 953 2090 1004 celebravit

308 1041 580 1105 episcopuS,
602 1054 688 1086 nec
711 1038 855 1086 etiam
875 1038 913 1085 si
932 1037 1052 1085 alius
1072 1037 1327 1101 episcopus
1340 1037 1412 1085 vel
1431 1036 1825 1101 archiepiscopus
1842 1037 2088 1087 celebras-

308 1129 381 1173 set
402 1123 515 1186 quia
529 1136 774 1184 nunquam
802 1120 990 1184 legatus
1011 1136 1101 1168 nec
1131 1120 1276 1168 etiam
1308 1123 1452 1183 Papa,
1485 1135 1582 1167 non
1610 1119 1796 1168 habens
1818 1120 2021 1184 pluviale
2042 1126 2090 1170 et

309 1211 516 1272 mytram
538 1205 682 1254 debet
709 1190 956 1253 incensari
977 1203 1068 1251 nisi
1093 1207 1201 1266 post
1229 1203 1527 1251 offertorium
1554 1218 1641 1265 per
1668 1218 1818 1250 unum
1840 1203 1885 1251 in
1915 1219 2085 1268 super-

308 1290 514 1354 pelliceo
545 1289 635 1337 sibi
670 1288 909 1346 oblatum3
944 1287 1244 1336 ministrante
1278 1286 1547 1335 naviculam
1576 1287 1904 1350 Fulginatensi
1932 1288 2088 1353 primo

303 1374 488 1439 prelato
528 1373 717 1421 dicente
750 1389 758 1419 :
789 1372 1194 1420 Reverendissz‘me
1233 1373 1383 1420 Pater
1408 1371 1696 1431 Benedicite‚
1720 1373 1801 1435 qui
1833 1373 2088 1437 episcopus

304 1457 462 1521 ipsum
488 1456 721 1520 legatum,
753 1455 993 1503 sacrificio
1021 1459 1068 1503 et
1098 1455 1234 1503 altari
1265 1470 1321 1503 ac
1355 1454 1631 1504 celebrante
1661 1455 1930 1515 incensato,
1955 1460 2087 1505 stans

307 1540 592 1599 incensavit,
622 1544 696 1588 ter
734 1539 1025 1587 thuribulam
1070 1539 1269 1599 ducem,
1314 1543 1361 1587 et
1405 1544 1576 1602 postea
1620 1555 1790 1603 pacem
1823 1538 1967 1587 etiam
1996 1539 2088 1603 ipsi

305 1623 590 1673 ministravit
610 1638 698 1687 per
721 1638 868 1671 unum
891 1639 950 1671 ex
971 1623 1215 1671 canonicis
1233 1623 1322 1670 sibi
1343 1627 1453 1672 ante
1476 1623 1644 1671 sedem
1664 1623 1810 1686 legati
1826 1619 2083 1686 portatam.

308 1709 456 1756 Facta
474 1723 562 1771 per
581 1707 736 1770 ipsum
766 1706 1048 1770 episcopum
1082 1722 1193 1754 cum
1222 1706 1385 1754 linheo
1419 1707 1478 1754 de
1511 1721 1630 1770 pace
1658 1705 1789 1768 prius
1823 1705 2084 1764 credentia,

305 1806 479 1854 aquam
498 1805 585 1854 pro
608 1789 846 1838 sacrificio
868 1789 1112 1838 benedixit
1133 1790 1338 1853 legatuS,
1369 1788 1586 1837 osculato
1617 1789 1767 1852 priuS,
1793 1788 1929 1836 finito
1950 1804 2090 1838 evan-

307 1873 452 1938 gelio,
476 1873 600 1922 libro
621 1873 843 1921 manibus
866 1872 1148 1921 subdiaconi
1165 1872 1281 1920 illud
1296 1872 1385 1920 sibi
1407 1871 1714 1936 porrigentis.
1740 1873 1845 1920 Non
1869 1872 1954 1920 fuit
1972 1877 2085 1921 tunc

305 1957 582 2005 incensatus
609 1957 817 2020 legatus,
838 1971 949 2004 cum
971 1960 1099 2004 esset
1119 1956 1328 2005 vestibus
1354 1956 1503 2004 sacris
1527 1955 1739 2003 indutuS.
1765 1958 1879 2004 Post
1896 1956 2087 2005 offerto-

305 2040 429 2089 rium
451 2055 548 2089 non
569 2039 657 2088 fuit
678 2039 803 2088 facta
824 2041 920 2088 sive
943 2040 1072 2088 dicta
1092 2039 1331 2088 confessio
1350 2039 1590 2103 generalis
1608 2038 1786 2102 populo
1813 2039 1861 2086 in
1884 2039 2080 2104 vulgari,

308 2138 444 2172 more
485 2123 643 2183 solit0,
686 2139 775 2188 per
810 2122 1210 2172 inadvertentiam
1254 2127 1488 2172 nostram.
1534 2125 1635 2179 Que
1674 2121 1713 2169 si
1751 2121 1878 2171 dicta
1916 2123 2083 2172 fuisset

306 2206 667 2266 convenienter,
710 2206 914 2255 fuissent
956 2206 1272 2271 pronunciate
1317 2205 1611 2270 indulgentie
1652 2210 1767 2252 tunc
1821 2221 1906 2269 per
1947 2206 2082 2255 illum

306 2289 627 2349 sacerdotem,
651 2306 740 2354 per
764 2290 978 2354 legatum
1006 2290 1406 2338 interessentibus
1432 2304 1683 2338 concesse.
1709 2291 1807 2338 Nec
1829 2290 1974 2338 etiam
1995 2290 2082 2339 fuit

311 2373 518 2422 ecclesia
536 2377 583 2422 et
605 2373 810 2438 populus
835 2388 957 2436 aqua
991 2373 1247 2421 benedicta
1279 2388 1504 2437 aspersus
1526 2388 1614 2436 per
1634 2373 1840 2420 similem
1863 2370 2083 2423 inadver—

307 2457 533 2514 tentiam3
559 2456 688 2520 quod
718 2457 757 2504 si
783 2456 963 2505 factum
993 2456 1178 2515 fuisset,
1203 2471 1400 2520 asperso
1430 2455 1583 2514 altari,
1615 2461 1893 2520 porrectum
1914 2457 2083 2506 suisset

306 2539 632 2604 aspersorium
653 2555 741 2604 per
771 2539 1074 2588 sacerdotem
1107 2542 1466 2603 aspergentem,
1490 2539 1649 2602 legato
1683 2540 1808 2589 facta
1838 2541 1929 2589 sibi
1950 2540 2081 2605 prius

304 2623 362 2671 de
380 2639 437 2672 eo
459 2623 705 2672 credentia
722 2628 770 2671 et
795 2640 940 2672 manu
964 2624 1260 2683 deosculata,
1292 2623 1371 2687 qui
1390 2623 1579 2688 legatus
1601 2639 1653 2672 se
1674 2624 1832 2689 ipsum
1852 2630 1900 2674 et
1921 2625 2079 2690 prela-

306 2711 378 2754 tos
405 2706 687 2755 assistentes
720 2722 945 2771 aspersus
977 2706 1148 2755 fuisset
1178 2711 1226 2755 et
1254 2706 1540 2756 reddidisset
1572 2708 1896 2771 aspersorium
1925 2723 2081 2757 sacer-

304 2790 423 2843 doti,
462 2789 542 2852 qui
580 2789 795 2838 officium
846 2806 987 2838 suum
1028 2790 1201 2838 deinde
1240 2790 1410 2837 fuisset
1448 2790 1573 2853 apud
1613 2790 1730 2838 alios
1770 2805 1905 2839 more
1939 2791 2079 2840 solito

304 2875 606 2936 prosecutuS.
645 2874 769 2920 Pace
795 2888 883 2935 per
907 2888 1080 2920 manus
1113 2875 1168 2920 D.
1201 2871 1552 2935 Fulginatensis
1579 2887 1667 2934 per
1694 2872 1906 2935 legatum
1943 2886 2081 2919 oscu-

303 2955 417 3014 lata,
447 2953 548 3018 ipse
572 2953 828 3017 episcopus
851 2955 1061 3003 restituit
1082 2970 1189 3003 eam
1218 2954 1470 3012 canonico,
1495 2954 1575 3017 qui
1605 2953 1695 3001 sibi
1717 2969 1823 3002 eam
1845 2954 2073 3017 porrexit,

304 3043 352 3088 et
371 3038 451 3087 ille
471 3037 602 3086 dedit
622 3053 730 3087 eam
751 3038 907 3102 primo
927 3038 1017 3102 ipsi
1038 3038 1364 3101 Fulginatensi
1386 3039 1633 3102 episcop0‚
1670 3037 1843 3086 deinde
1879 3053 2075 3087 succes-

305 3122 401 3169 sive
450 3120 650 3183 singulis
688 3125 813 3184 post,
835 3121 991 3184 ipsum
1038 3121 1319 3185 episcopum
1367 3121 1623 3181 stantibuS,
1661 3124 1763 3169 tum
1800 3121 1904 3169 aliis
1940 3137 2076 3171 more

306 3204 462 3253 solito.

371 3287 525 3336 Finita
556 3288 722 3347 missa,
759 3288 1010 3337 celebrans
1042 3287 1297 3352 publicavit
1336 3288 1658 3352 indulgentias
1687 3289 1825 3337 unius
1859 3290 1990 3348 anni,
2026 3294 2075 3338 et

304 3370 446 3418 unius
472 3370 780 3434 quadragene
807 3387 895 3435 per
918 3371 1130 3435 legatum
1156 3371 1554 3420 interessentibus
1582 3383 1856 3430 concessas,
1895 3370 2075 3419 addens

305 3453 352 3500 in
375 3452 470 3500 fine
503 3468 591 3516 pro
628 3452 755 3501 felici
790 3458 913 3502 statu
944 3454 1249 3502 illustrissimi
1283 3453 1419 3502 ducis
1451 3453 1617 3502 Urbini
1653 3454 1888 3502 orandum
1925 3471 1936 3502 :
1971 3465 2073 3516 'quo
