2222 3926
178 339 389 382 [Decembre
408 339 502 383 1494]
620 336 790 378 RERUM
822 334 1126 375 URBANARUM
1160 335 1508 376 COMMENTARII.
1886 340 1953 378 201

246 441 498 492 Dominica
526 440 668 491 tertia
694 439 943 495 adventuS,
973 443 1029 487 14
1062 438 1353 498 decembriS,
1394 441 1559 487 Rmus.
1601 441 1657 487 D.
1696 439 1954 487 cardinalis

178 525 584 589 Carthaginiensis
621 523 879 574 celebravit
920 522 1118 571 missam
1158 522 1428 571 solemnem
1462 521 1511 570 in
1547 521 1732 586 capella
1768 522 1954 586 manre

178 609 341 678 palatii
375 608 646 672 apostolici,
671 611 800 673 Papa
826 611 1054 672 presente
1080 623 1090 656 ε
1117 612 1164 655 et
1186 622 1282 655 non
1304 606 1391 655 fuit
1415 621 1575 655 sermo
1596 605 1708 670 quia
1734 605 1954 660 infirmus

181 696 282 741 erat
320 696 367 740 et
405 691 575 742 debilis
618 694 903 757 procurator
938 689 1119 740 ordinis
1171 706 1210 738 s,
1255 689 1508 754 Augustini
1548 687 1681 737 illum
1722 688 1954 740 facturus,

181 776 346 827 RRmi,
373 778 472 825 DD.
505 775 774 825 cardinales
800 774 1035 824 Ascanius
1065 779 1112 824 et
1142 791 1181 823 s,
1210 774 1434 824 Severeni
1470 773 1615 823 etiam
1640 772 1959 822 interfuerunt

179 859 294 910 huic
325 861 490 921 misse,
515 860 641 909 infra
670 874 814 923 quam
840 858 970 908 idem
1001 858 1257 908 cardinalis
1293 857 1528 907 Ascanius
1561 856 1708 906 astitit
1739 856 1956 921 pontifici

180 943 242 993 ad
262 943 505 994 sinistram
527 949 574 993 et
595 959 684 1008 per
705 946 854 992 totam
882 943 1081 991 missam
1104 944 1232 1006 Papa
1258 942 1345 990 fuit
1373 941 1564 990 locutus
1585 956 1696 990 cum
1724 955 1782 990 eo
1810 941 1955 991 etiam

179 1033 285 1092 post
309 1028 624 1078 elevationem
643 1026 934 1076 sanctissimi
959 1025 1269 1085 sacramenti;
1289 1041 1398 1074 cum
1416 1031 1545 1075 esset
1566 1030 1757 1090 tempus
1778 1025 1954 1085 standi,

181 1111 379 1162 sedebat
413 1117 463 1162 ut
500 1111 804 1162 commodius
844 1125 955 1159 cum
993 1125 1050 1159 eo
1083 1109 1382 1173 loqueretur.
1423 1109 1529 1160 Alia
1563 1108 1812 1159 observata
1843 1113 1955 1161 sunt

179 1211 313 1247 more
336 1195 495 1246 solito,

246 1281 386 1332 Feria
406 1281 564 1341 tertia,
592 1283 648 1329 16
667 1279 957 1339 decembriS,
975 1278 1128 1328 vocati
1151 1294 1238 1343 per
1259 1282 1315 1328 D.
1335 1277 1660 1342 Engelardum
1682 1278 1953 1328 credentia-

178 1365 304 1413 rium
347 1366 492 1429 Pape,
539 1367 596 1413 D.
633 1363 880 1413 Johannes
918 1363 1076 1423 Fabri,
1120 1362 1366 1427 Eugenius
1404 1361 1679 1427 Turtipiger
1728 1362 1954 1422 Aureola,

178 1447 424 1497 Johannes
445 1447 614 1512 Copris
636 1451 684 1497 et
702 1463 811 1512 ego,
834 1447 1051 1495 venimus
1073 1445 1134 1494 ad
1152 1448 1331 1510 Papam
1354 1445 1482 1494 circa
1503 1445 1768 1495 secundam
1783 1445 1960 1495 horam

179 1531 354 1580 noctis.
383 1531 615 1581 Recitavit
643 1531 783 1580 nobis
817 1531 1056 1581 Sanctitas
1083 1546 1170 1579 sua
1195 1530 1554 1579 infestationem
1577 1534 1624 1580 et
1650 1529 1960 1579 insolentiam

183 1614 309 1678 regis
327 1615 529 1683 Francie
551 1614 632 1679 qui
648 1619 803 1663 terras
818 1613 1033 1663 Ecclesie
1050 1618 1312 1677 occuparet
1328 1617 1374 1662 et
1390 1613 1797 1678 appropinquaret
1818 1613 1960 1663 Urbis

181 1697 446 1758 obsidioni;
470 1713 614 1763 quam
636 1697 750 1747 licet
770 1698 830 1746 ab
855 1713 913 1747 eo
931 1713 1029 1746 non
1052 1701 1345 1761 expectaret,
1377 1702 1542 1747 tamen
1563 1697 1675 1761 quia
1699 1697 1837 1762 signa
1866 1713 1959 1761 que

184 1785 417 1845 apparent
445 1781 547 1845 regi
575 1781 975 1830 christianissimo
1003 1796 1100 1829 non
1128 1781 1331 1830 multum
1365 1781 1718 1841 convenientia,
1751 1781 1960 1831 nesciret

180 1880 242 1928 qu
252 1863 300 1912 id
321 1864 380 1913 de
403 1879 462 1913 eo
480 1865 736 1929 judicaret,
760 1865 946 1928 rogavit
965 1880 1054 1914 nos
1074 1865 1308 1914 vellemus
1336 1865 1695 1914 communicare
1716 1864 1765 1914 id
1784 1866 1960 1915 nostris

179 1947 292 2011 quia
323 1947 383 1997 de
415 1948 611 1998 natione
642 1952 808 1998 nostra
833 1948 1038 1997 multum
1069 1947 1344 1998 confidebat
1373 1953 1421 1998 et
1450 1948 1663 1997 animare
1685 1965 1769 1998 eos
1794 1949 1853 1998 ad
1874 1949 1959 1999 de—

179 2031 452 2081 fensionem
475 2032 547 2080 sui
574 2031 724 2096 ipsius
754 2035 801 2081 et
827 2031 1042 2081 Ecclesie
1073 2048 1129 2081 ac
1158 2032 1298 2082 Urbis
1320 2036 1367 2081 et
1387 2032 1516 2096 quod
1536 2032 1662 2081 inter
1683 2048 1735 2082 se
1764 2032 1959 2081 ordina-

177 2120 285 2165 rent
327 2115 668 2165 contestabiles
706 2120 754 2165 et
800 2116 959 2180 capita
999 2131 1056 2164 ac
1095 2116 1154 2165 de
1198 2116 1345 2164 armis
1390 2116 1674 2180 opportunis
1711 2117 1800 2165 sibi
1843 2117 1958 2181 ipsis

178 2198 484 2263 providerent
506 2203 553 2248 et
579 2199 638 2248 de
660 2199 883 2248 omnibus
910 2199 1037 2248 inter
1063 2214 1116 2248 se
1144 2199 1365 2248 ordinem
1393 2199 1629 2259 fecerent,
1654 2204 1722 2258 ut,
1745 2199 1959 2248 necessi-

178 2287 273 2332 tate
293 2287 596 2343 occurrente,
619 2287 817 2348 possent
840 2298 891 2332 se
923 2283 1202 2343 defendere,
1224 2283 1449 2348 quodque
1478 2299 1646 2332 eorum
1668 2298 1834 2347 opera,
1860 2298 1958 2332 non

175 2370 309 2415 extra
330 2367 510 2416 Urbem
532 2366 618 2416 sed
646 2367 696 2415 in
720 2383 775 2417 ea
804 2366 1033 2417 duntaxat
1063 2367 1130 2415 uti
1157 2366 1316 2416 vellet.
1342 2367 1585 2432 Respondi
1615 2382 1706 2432 ego
1737 2366 1958 2416 omnium

174 2450 396 2510 consilio,
426 2466 515 2499 nos
548 2456 719 2500 omnes
756 2451 815 2501 de
849 2466 963 2500 casu
996 2451 1277 2515 hujusmodi
1311 2451 1589 2511 condolere,
1622 2456 1815 2516 paratos
1849 2467 1957 2501 esse

176 2533 372 2583 obedire
401 2535 640 2584 mandatis
678 2535 952 2584 Sanctitatis
987 2550 1092 2595 sue,
1127 2535 1570 2585 communicaturos
1602 2535 1707 2584 aliis
1741 2550 1850 2584 cum
1887 2535 1957 2584 eis

173 2618 420 2682 proposita
464 2623 511 2667 et
551 2618 919 2683 responsionem
966 2619 1218 2668 Sanctitati
1263 2635 1349 2668 sue
1393 2619 1606 2668 daturos,
1650 2619 1955 2668 Recessimus

174 2701 335 2765 itaque
357 2718 386 2751 a
406 2703 670 2752 Sanctitate
702 2718 806 2763 sua,
832 2707 879 2752 et
908 2719 996 2768 pro
1028 2702 1104 2752 die
1134 2703 1343 2752 crastina
1370 2718 1636 2752 convocare
1666 2702 1869 2751 fecimus
1896 2702 1957 2751 ad

175 2785 413 2850 hospitale
448 2790 665 2835 nostrum
702 2786 974 2835 Johannem
1010 2787 1270 2851 Angelum,
1298 2786 1543 2852 hospitem
1581 2788 1823 2857 Campane
1864 2789 1951 2853 (1),

174 2870 455 2934 Gasparem,
470 2870 709 2935 hospitem
728 2870 918 2935 Angeli,
938 2872 1201 2935 Gasparem
1217 2871 1436 2932 Sculteti,
1456 2870 1778 2920 calceatorem
1790 2885 1952 2920 meum

174 3049 308 3087 n'avait.
337 3051 400 3089 fait
430 3053 647 3101 pressentir,
676 3053 766 3091 c’est
797 3066 868 3103 que
895 3054 1121 3102 ferdinand,
1148 3055 1220 3092 duc
1252 3054 1296 3092 de
1330 3054 1496 3100 Calabra,
1524 3055 1653 3092 venait'
1679 3055 1852 3092 d’arriver
1882 3065 1953 3091 aux

174 3111 297 3158 portes
317 3109 362 3147 de
381 3110 495 3149 Rome
515 3124 602 3150 avec
622 3124 690 3150 son
710 3125 816 3163 corps
837 3114 994 3152 d’armee
1015 3115 1117 3161 dont,
1139 3117 1161 3152 a
1180 3127 1226 3152 en
1246 3114 1361 3152 croire
1381 3114 1434 3152 les
1454 3115 1738 3152 ambassadeurs
1758 3114 1952 3159 venitiens,

174 3165 208 3203 la
227 3167 322 3204 force
343 3170 428 3207 etait
446 3171 490 3208 de
516 3172 814 3222 cinquante-cinq
835 3175 1034 3213 escadrons
1062 3178 1097 3212 et
1122 3175 1166 3212 de
1186 3174 1270 3223 cinq
1289 3174 1385 3211 mille
1406 3175 1571 3211 hommes
1592 3174 1833 3211 d'infanterie.
1856 3173 1954 3210 Pour

174 3239 223 3263 un
245 3232 416 3274 moment,
437 3229 473 3265 la
491 3230 600 3268 ferme
616 3237 841 3271 contenance
868 3235 916 3271 du
937 3235 1062 3284 prince
1081 3235 1277 3283 aragonais
1298 3234 1394 3271 avait
1419 3234 1533 3271 rendu
1554 3234 1710 3282 quelque
1730 3245 1887 3282 courage
1907 3245 1953 3269 au

173 3287 365 3323 souverain
386 3288 540 3325 Pontife.
564 3304 582 3322 »
604 3292 656 3328 De
678 3292 858 3339 Cherrier‚
880 3296 977 3332 Hist.
1002 3296 1045 3332 de
1067 3295 1212 3332 Charles
1236 3295 1331 3339 VIII,
1353 3298 1378 3331 t.
1404 3294 1447 3339 II,
1467 3305 1503 3342 p.
1525 3294 1586 3330 65.
1611 3293 1660 3330 Le
1682 3295 1726 3330 10
1747 3293 1949 3337 decembre,

171 3345 223 3383 les
238 3351 384 3395 troupes
406 3347 449 3384 de
468 3348 675 3387 Ferdinand
694 3356 878 3391 entrerent
898 3354 990 3391 dans
1010 3355 1140 3392 Rome.

220 3413 253 3449 1.
281 3412 409 3450 C'etait
436 3424 507 3450 une
535 3414 600 3451 des
625 3414 766 3453 bonnes
794 3417 976 3466 auberges
999 3419 1044 3454 de
1065 3419 1098 3456 la
1118 3418 1200 3455 ville
1227 3419 1320 3456 ainsi
1340 3430 1411 3465 que
1437 3416 1470 3453 la
1491 3416 1671 3461 suivante,
1696 3416 1879 3462 l’auberge
1904 3415 1948 3451 de

172 3472 316 3520 l’Ange.
604 3480 608 3482 '
