<?xml version="1.0" encoding="UTF-8"?>
<!DOCTYPE html PUBLIC "-//W3C//DTD XHTML 1.0 Transitional//EN"
    "http://www.w3.org/TR/xhtml1/DTD/xhtml1-transitional.dtd">
<html xmlns="http://www.w3.org/1999/xhtml" xml:lang="en" lang="en">
 <head>
  <title>
</title>
<meta http-equiv="Content-Type" content="text/html;charset=utf-8" />
  <meta name='ocr-system' content='tesseract 3.04.00' />
  <meta name='ocr-capabilities' content='ocr_page ocr_carea ocr_par ocr_line ocrx_word'/>
</head>
<body>
  <div class='ocr_page' id='page_1' title='image "./diariumsivererum02burcuoft_0433.png"; bbox 0 0 2248 3906; ppageno 0'>
   <div class='ocr_carea' id='block_1_1' title="bbox 216 319 1994 376">
    <p class='ocr_par' dir='ltr' id='par_1_1' title="bbox 216 319 1994 376">
     <span class='ocr_line' id='line_1_1' title="bbox 216 319 1994 376; baseline 0.007 -23"><span class='ocrx_word' id='word_1_1' title='bbox 216 321 429 362; x_wconf 72' lang='lat' dir='ltr'>[Decemhre</span> <span class='ocrx_word' id='word_1_2' title='bbox 449 322 542 361; x_wconf 80' lang='lat'>1497]</span> <span class='ocrx_word' id='word_1_3' title='bbox 662 319 831 358; x_wconf 80' lang='lat' dir='ltr'>RERUM</span> <span class='ocrx_word' id='word_1_4' title='bbox 863 320 1167 359; x_wconf 83' lang='lat' dir='ltr'><strong>URBANARUM</strong></span> <span class='ocrx_word' id='word_1_5' title='bbox 1201 320 1549 376; x_wconf 79' lang='lat' dir='ltr'>CQMMENTARII.</span> <span class='ocrx_word' id='word_1_6' title='bbox 1929 330 1994 365; x_wconf 77' lang='lat'>421</span> 
     </span>
    </p>
   </div>
   <div class='ocr_carea' id='block_1_2' title="bbox 192 421 1996 3490">
    <p class='ocr_par' dir='ltr' id='par_1_2' title="bbox 208 421 1996 1487">
     <span class='ocr_line' id='line_1_2' title="bbox 219 421 1996 490; baseline 0.006 -22"><span class='ocrx_word' id='word_1_7' title='bbox 219 421 387 470; x_wconf 83' lang='lat' dir='ltr'><strong>adesse</strong></span> <span class='ocrx_word' id='word_1_8' title='bbox 418 422 794 471; x_wconf 90' lang='lat' dir='ltr'>illustrissimum</span> <span class='ocrx_word' id='word_1_9' title='bbox 820 423 991 472; x_wconf 91' lang='lat' dir='ltr'>ducem</span> <span class='ocrx_word' id='word_1_10' title='bbox 1015 423 1357 484; x_wconf 89' lang='lat' dir='ltr'>Stetinensem,</span> <span class='ocrx_word' id='word_1_11' title='bbox 1382 424 1652 488; x_wconf 90' lang='lat' dir='ltr'>principem</span> <span class='ocrx_word' id='word_1_12' title='bbox 1674 430 1996 490; x_wconf 88' lang='lat' dir='ltr'>prestantissi-</span> 
     </span>
     <span class='ocr_line' id='line_1_3' title="bbox 218 504 1995 563; baseline 0.005 -11"><span class='ocrx_word' id='word_1_13' title='bbox 218 519 370 563; x_wconf 91' lang='lat' dir='ltr'>mum,</span> <span class='ocrx_word' id='word_1_14' title='bbox 395 504 643 554; x_wconf 91' lang='lat' dir='ltr'>dominum</span> <span class='ocrx_word' id='word_1_15' title='bbox 671 506 873 554; x_wconf 89' lang='lat' dir='ltr'>civitatis</span> <span class='ocrx_word' id='word_1_16' title='bbox 900 506 1254 554; x_wconf 88' lang='lat' dir='ltr'>Camerinensis</span> <span class='ocrx_word' id='word_1_17' title='bbox 1275 511 1322 555; x_wconf 90' lang='lat' dir='ltr'>et</span> <span class='ocrx_word' id='word_1_18' title='bbox 1343 507 1569 556; x_wconf 88' lang='lat' dir='ltr'>territorii</span> <span class='ocrx_word' id='word_1_19' title='bbox 1597 509 1658 556; x_wconf 88' lang='lat' dir='ltr'>ad</span> <span class='ocrx_word' id='word_1_20' title='bbox 1683 525 1742 557; x_wconf 82' lang='lat' dir='ltr'>x1.</span> <span class='ocrx_word' id='word_1_21' title='bbox 1773 511 1995 560; x_wconf 90' lang='lat' dir='ltr'>milliaria</span> 
     </span>
     <span class='ocr_line' id='line_1_4' title="bbox 218 587 1988 655; baseline 0.005 -20"><span class='ocrx_word' id='word_1_22' title='bbox 218 587 277 636; x_wconf 93' lang='lat' dir='ltr'>de</span> <span class='ocrx_word' id='word_1_23' title='bbox 316 588 493 636; x_wconf 90' lang='lat' dir='ltr'>nostris</span> <span class='ocrx_word' id='word_1_24' title='bbox 533 589 595 637; x_wconf 90' lang='lat' dir='ltr'>ad</span> <span class='ocrx_word' id='word_1_25' title='bbox 631 589 982 652; x_wconf 83' lang='lat' dir='ltr'>longitudinem</span> <span class='ocrx_word' id='word_1_26' title='bbox 1021 590 1168 638; x_wconf 88' lang='lat' dir='ltr'>etiam</span> <span class='ocrx_word' id='word_1_27' title='bbox 1201 607 1294 637; x_wconf 91' lang='lat' dir='ltr'>xxx</span> <span class='ocrx_word' id='word_1_28' title='bbox 1329 594 1376 639; x_wconf 91' lang='lat' dir='ltr'>et</span> <span class='ocrx_word' id='word_1_29' title='bbox 1411 591 1531 640; x_wconf 88' lang='lat' dir='ltr'>ultra</span> <span class='ocrx_word' id='word_1_30' title='bbox 1570 592 1631 640; x_wconf 88' lang='lat' dir='ltr'>ad</span> <span class='ocrx_word' id='word_1_31' title='bbox 1667 593 1988 655; x_wconf 90' lang='lat' dir='ltr'>latitudinem,</span> 
     </span>
     <span class='ocr_line' id='line_1_5' title="bbox 215 672 1992 727; baseline 0.005 -9"><span class='ocrx_word' id='word_1_32' title='bbox 215 672 463 719; x_wconf 85' lang='lat' dir='ltr'><strong>annuatim</strong></span> <span class='ocrx_word' id='word_1_33' title='bbox 495 675 689 720; x_wconf 89' lang='lat' dir='ltr'>centum</span> <span class='ocrx_word' id='word_1_34' title='bbox 719 672 869 721; x_wconf 91' lang='lat' dir='ltr'>millia</span> <span class='ocrx_word' id='word_1_35' title='bbox 898 673 1181 722; x_wconf 82' lang='lat' dir='ltr'>ducatorum</span> <span class='ocrx_word' id='word_1_36' title='bbox 1210 674 1284 722; x_wconf 90' lang='lat' dir='ltr'>vel</span> <span class='ocrx_word' id='word_1_37' title='bbox 1310 674 1441 722; x_wconf 91' lang='lat' dir='ltr'>circa</span> <span class='ocrx_word' id='word_1_38' title='bbox 1468 673 1515 721; x_wconf 91' lang='lat' dir='ltr'>in</span> <span class='ocrx_word' id='word_1_39' title='bbox 1547 674 1780 724; x_wconf 83' lang='lat' dir='ltr'>reditibus</span> <span class='ocrx_word' id='word_1_40' title='bbox 1811 677 1992 727; x_wconf 91' lang='lat' dir='ltr'>haben-</span> 
     </span>
     <span class='ocr_line' id='line_1_6' title="bbox 214 755 1990 820; baseline 0.004 -18"><span class='ocrx_word' id='word_1_41' title='bbox 214 759 329 814; x_wconf 88' lang='lat' dir='ltr'>tem,</span> <span class='ocrx_word' id='word_1_42' title='bbox 349 771 408 804; x_wconf 92' lang='lat' dir='ltr'>ex</span> <span class='ocrx_word' id='word_1_43' title='bbox 427 755 712 819; x_wconf 89' lang='lat' dir='ltr'>primatibus</span> <span class='ocrx_word' id='word_1_44' title='bbox 732 756 1026 820; x_wconf 88' lang='lat' dir='ltr'>principibus</span> <span class='ocrx_word' id='word_1_45' title='bbox 1045 756 1295 804; x_wconf 86' lang='lat' dir='ltr'>Alemanie</span> <span class='ocrx_word' id='word_1_46' title='bbox 1314 762 1422 820; x_wconf 91' lang='lat' dir='ltr'>post</span> <span class='ocrx_word' id='word_1_47' title='bbox 1443 756 1680 806; x_wconf 79' lang='lat' dir='ltr'>electores</span> <span class='ocrx_word' id='word_1_48' title='bbox 1700 759 1990 810; x_wconf 84' lang='lat' dir='ltr'>existentem</span> 
     </span>
     <span class='ocr_line' id='line_1_7' title="bbox 213 839 1989 905; baseline 0.005 -20"><span class='ocrx_word' id='word_1_49' title='bbox 213 839 294 901; x_wconf 94' lang='lat' dir='ltr'>qui</span> <span class='ocrx_word' id='word_1_50' title='bbox 326 839 373 886; x_wconf 91' lang='lat' dir='ltr'>in</span> <span class='ocrx_word' id='word_1_51' title='bbox 405 841 621 887; x_wconf 91' lang='lat' dir='ltr'>Romano</span> <span class='ocrx_word' id='word_1_52' title='bbox 654 840 863 902; x_wconf 90' lang='lat' dir='ltr'>Imperio</span> <span class='ocrx_word' id='word_1_53' title='bbox 892 839 1054 887; x_wconf 91' lang='lat' dir='ltr'>locum</span> <span class='ocrx_word' id='word_1_54' title='bbox 1084 839 1286 888; x_wconf 91' lang='lat' dir='ltr'>haberet</span> <span class='ocrx_word' id='word_1_55' title='bbox 1317 840 1595 889; x_wconf 79' lang='lat' dir='ltr'>immediate</span> <span class='ocrx_word' id='word_1_56' title='bbox 1626 847 1732 905; x_wconf 92' lang='lat' dir='ltr'>post</span> <span class='ocrx_word' id='word_1_57' title='bbox 1763 845 1989 893; x_wconf 88' lang='lat' dir='ltr'>archidu-</span> 
     </span>
     <span class='ocr_line' id='line_1_8' title="bbox 215 922 1984 988; baseline 0.005 -19"><span class='ocrx_word' id='word_1_58' title='bbox 215 938 321 970; x_wconf 88' lang='lat' dir='ltr'>cem</span> <span class='ocrx_word' id='word_1_59' title='bbox 342 922 532 970; x_wconf 89' lang='lat' dir='ltr'>Austrie</span> <span class='ocrx_word' id='word_1_60' title='bbox 554 939 564 982; x_wconf 94' lang='lat'>;</span> <span class='ocrx_word' id='word_1_61' title='bbox 590 922 667 970; x_wconf 94' lang='lat' dir='ltr'>cui</span> <span class='ocrx_word' id='word_1_62' title='bbox 689 927 817 971; x_wconf 91' lang='lat' dir='ltr'>esset</span> <span class='ocrx_word' id='word_1_63' title='bbox 836 922 971 970; x_wconf 92' lang='lat' dir='ltr'>locus</span> <span class='ocrx_word' id='word_1_64' title='bbox 993 923 1282 971; x_wconf 90' lang='lat' dir='ltr'>conveniens</span> <span class='ocrx_word' id='word_1_65' title='bbox 1303 923 1353 970; x_wconf 92' lang='lat' dir='ltr'>in</span> <span class='ocrx_word' id='word_1_66' title='bbox 1374 924 1559 986; x_wconf 91' lang='lat' dir='ltr'>capella</span> <span class='ocrx_word' id='word_1_67' title='bbox 1579 925 1897 988; x_wconf 84' lang='lat' dir='ltr'>assignandus</span> <span class='ocrx_word' id='word_1_68' title='bbox 1920 934 1984 988; x_wconf 91' lang='lat' dir='ltr'>et,</span> 
     </span>
     <span class='ocr_line' id='line_1_9' title="bbox 212 1005 1986 1071; baseline 0.002 -17"><span class='ocrx_word' id='word_1_69' title='bbox 212 1023 322 1055; x_wconf 89' lang='lat' dir='ltr'>meo</span> <span class='ocrx_word' id='word_1_70' title='bbox 339 1007 540 1071; x_wconf 91' lang='lat' dir='ltr'>judicio,</span> <span class='ocrx_word' id='word_1_71' title='bbox 565 1007 613 1054; x_wconf 92' lang='lat' dir='ltr'>in</span> <span class='ocrx_word' id='word_1_72' title='bbox 643 1007 798 1055; x_wconf 88' lang='lat' dir='ltr'>banco</span> <span class='ocrx_word' id='word_1_73' title='bbox 827 1007 1140 1055; x_wconf 89' lang='lat' dir='ltr'>diaconorum</span> <span class='ocrx_word' id='word_1_74' title='bbox 1169 1005 1484 1054; x_wconf 78' lang='lat' dir='ltr'>cardinalium</span> <span class='ocrx_word' id='word_1_75' title='bbox 1510 1010 1620 1069; x_wconf 92' lang='lat' dir='ltr'>post</span> <span class='ocrx_word' id='word_1_76' title='bbox 1642 1008 1863 1057; x_wconf 91' lang='lat' dir='ltr'>ultimum</span> <span class='ocrx_word' id='word_1_77' title='bbox 1885 1011 1986 1058; x_wconf 92' lang='lat' dir='ltr'>dia-</span> 
     </span>
     <span class='ocr_line' id='line_1_10' title="bbox 210 1090 1986 1155; baseline 0.002 -16"><span class='ocrx_word' id='word_1_78' title='bbox 210 1107 387 1139; x_wconf 91' lang='lat' dir='ltr'>conum</span> <span class='ocrx_word' id='word_1_79' title='bbox 410 1091 722 1151; x_wconf 82' lang='lat' dir='ltr'>cardinalem,</span> <span class='ocrx_word' id='word_1_80' title='bbox 745 1106 890 1154; x_wconf 93' lang='lat' dir='ltr'>super</span> <span class='ocrx_word' id='word_1_81' title='bbox 910 1105 1005 1154; x_wconf 93' lang='lat' dir='ltr'>quo</span> <span class='ocrx_word' id='word_1_82' title='bbox 1026 1090 1304 1154; x_wconf 81' lang='lat' dir='ltr'>dignaretur</span> <span class='ocrx_word' id='word_1_83' title='bbox 1326 1090 1564 1139; x_wconf 87' lang='lat' dir='ltr'>Sanctitas</span> <span class='ocrx_word' id='word_1_84' title='bbox 1586 1107 1672 1139; x_wconf 90' lang='lat' dir='ltr'>sua</span> <span class='ocrx_word' id='word_1_85' title='bbox 1694 1093 1823 1155; x_wconf 93' lang='lat' dir='ltr'>quod</span> <span class='ocrx_word' id='word_1_86' title='bbox 1842 1094 1986 1143; x_wconf 92' lang='lat' dir='ltr'>vellet</span> 
     </span>
     <span class='ocr_line' id='line_1_11' title="bbox 210 1174 1985 1238; baseline 0.003 -17"><span class='ocrx_word' id='word_1_87' title='bbox 210 1174 315 1222; x_wconf 86' lang='lat' dir='ltr'>fieri</span> <span class='ocrx_word' id='word_1_88' title='bbox 335 1178 543 1223; x_wconf 89' lang='lat' dir='ltr'>statuere</span> <span class='ocrx_word' id='word_1_89' title='bbox 560 1192 570 1235; x_wconf 90' lang='grc'>;</span> <span class='ocrx_word' id='word_1_90' title='bbox 591 1175 640 1222; x_wconf 91' lang='lat' dir='ltr'>in</span> <span class='ocrx_word' id='word_1_91' title='bbox 659 1190 752 1238; x_wconf 92' lang='lat' dir='ltr'>quo</span> <span class='ocrx_word' id='word_1_92' title='bbox 772 1175 1010 1223; x_wconf 89' lang='lat' dir='ltr'>Sanctitas</span> <span class='ocrx_word' id='word_1_93' title='bbox 1032 1190 1119 1222; x_wconf 89' lang='lat' dir='ltr'>sua</span> <span class='ocrx_word' id='word_1_94' title='bbox 1137 1174 1347 1223; x_wconf 90' lang='lat' dir='ltr'>decrevit</span> <span class='ocrx_word' id='word_1_95' title='bbox 1369 1174 1426 1222; x_wconf 89' lang='lat' dir='ltr'>de</span> <span class='ocrx_word' id='word_1_96' title='bbox 1449 1174 1649 1223; x_wconf 91' lang='lat' dir='ltr'>consilio</span> <span class='ocrx_word' id='word_1_97' title='bbox 1669 1176 1985 1226; x_wconf 89' lang='lat' dir='ltr'>cardinalium</span> 
     </span>
     <span class='ocr_line' id='line_1_12' title="bbox 209 1258 1986 1324; baseline 0.003 -19"><span class='ocrx_word' id='word_1_98' title='bbox 209 1258 369 1305; x_wconf 93' lang='lat' dir='ltr'>locum</span> <span class='ocrx_word' id='word_1_99' title='bbox 396 1259 771 1322; x_wconf 87' lang='lat' dir='ltr'>suprascriptum</span> <span class='ocrx_word' id='word_1_100' title='bbox 798 1258 1017 1321; x_wconf 92' lang='lat' dir='ltr'>predicto</span> <span class='ocrx_word' id='word_1_101' title='bbox 1044 1258 1172 1317; x_wconf 88' lang='lat' dir='ltr'>duci,</span> <span class='ocrx_word' id='word_1_102' title='bbox 1202 1259 1423 1308; x_wconf 90' lang='lat' dir='ltr'>videlicet</span> <span class='ocrx_word' id='word_1_103' title='bbox 1452 1266 1561 1324; x_wconf 91' lang='lat' dir='ltr'>post</span> <span class='ocrx_word' id='word_1_104' title='bbox 1582 1261 1804 1309; x_wconf 91' lang='lat' dir='ltr'>ultimum</span> <span class='ocrx_word' id='word_1_105' title='bbox 1826 1263 1986 1311; x_wconf 89' lang='lat' dir='ltr'>diaco-</span> 
     </span>
     <span class='ocr_line' id='line_1_13' title="bbox 208 1342 1983 1402; baseline 0.004 -14"><span class='ocrx_word' id='word_1_106' title='bbox 208 1357 324 1388; x_wconf 91' lang='lat' dir='ltr'>num</span> <span class='ocrx_word' id='word_1_107' title='bbox 346 1342 657 1402; x_wconf 83' lang='lat' dir='ltr'>cardinalem,</span> <span class='ocrx_word' id='word_1_108' title='bbox 684 1347 730 1390; x_wconf 88' lang='lat' dir='ltr'>et</span> <span class='ocrx_word' id='word_1_109' title='bbox 752 1342 842 1389; x_wconf 92' lang='lat' dir='ltr'>sibi</span> <span class='ocrx_word' id='word_1_110' title='bbox 863 1342 985 1389; x_wconf 90' lang='lat' dir='ltr'>tradi</span> <span class='ocrx_word' id='word_1_111' title='bbox 1013 1357 1181 1390; x_wconf 90' lang='lat' dir='ltr'>ensem</span> <span class='ocrx_word' id='word_1_112' title='bbox 1207 1342 1256 1389; x_wconf 92' lang='lat' dir='ltr'>in</span> <span class='ocrx_word' id='word_1_113' title='bbox 1281 1342 1358 1391; x_wconf 90' lang='lat' dir='ltr'>die</span> <span class='ocrx_word' id='word_1_114' title='bbox 1386 1344 1642 1392; x_wconf 87' lang='lat' dir='ltr'>nativitatis</span> <span class='ocrx_word' id='word_1_115' title='bbox 1670 1345 1844 1395; x_wconf 85' lang='lat' dir='ltr'>Christi</span> <span class='ocrx_word' id='word_1_116' title='bbox 1873 1362 1983 1395; x_wconf 92' lang='lat' dir='ltr'>cum</span> 
     </span>
     <span class='ocr_line' id='line_1_14' title="bbox 209 1424 522 1487; baseline 0.003 -15"><span class='ocrx_word' id='word_1_117' title='bbox 209 1424 393 1487; x_wconf 89' lang='lat' dir='ltr'>capello</span> <span class='ocrx_word' id='word_1_118' title='bbox 416 1441 522 1473; x_wconf 90' lang='lat' dir='ltr'>suo.</span> 
     </span>
    </p>

    <p class='ocr_par' dir='ltr' id='par_1_3' title="bbox 194 1508 1983 2826">
     <span class='ocr_line' id='line_1_15' title="bbox 273 1508 1982 1576; baseline 0.003 -20"><span class='ocrx_word' id='word_1_119' title='bbox 273 1508 550 1557; x_wconf 88' lang='lat' dir='ltr'>Translatus</span> <span class='ocrx_word' id='word_1_120' title='bbox 584 1508 672 1557; x_wconf 87' lang='lat' dir='ltr'>fuit</span> <span class='ocrx_word' id='word_1_121' title='bbox 712 1509 967 1573; x_wconf 86' lang='lat' dir='ltr'>episcopus</span> <span class='ocrx_word' id='word_1_122' title='bbox 1006 1510 1254 1573; x_wconf 85' lang='lat' dir='ltr'>Agriensis</span> <span class='ocrx_word' id='word_1_123' title='bbox 1287 1510 1348 1558; x_wconf 92' lang='lat' dir='ltr'>ad</span> <span class='ocrx_word' id='word_1_124' title='bbox 1384 1511 1642 1559; x_wconf 88' lang='lat' dir='ltr'>ecclesiam</span> <span class='ocrx_word' id='word_1_125' title='bbox 1679 1513 1982 1576; x_wconf 85' lang='lat' dir='ltr'>Strigonien-</span> 
     </span>
     <span class='ocr_line' id='line_1_16' title="bbox 205 1593 1983 1661; baseline 0.003 -20"><span class='ocrx_word' id='word_1_126' title='bbox 205 1609 308 1641; x_wconf 86' lang='lat' dir='ltr'>sem</span> <span class='ocrx_word' id='word_1_127' title='bbox 338 1608 426 1656; x_wconf 89' lang='lat' dir='ltr'>per</span> <span class='ocrx_word' id='word_1_128' title='bbox 455 1608 646 1641; x_wconf 86' lang='lat' dir='ltr'>cessum</span> <span class='ocrx_word' id='word_1_129' title='bbox 677 1593 800 1641; x_wconf 92' lang='lat' dir='ltr'>Rmi.</span> <span class='ocrx_word' id='word_1_130' title='bbox 823 1595 880 1661; x_wconf 93' lang='lat' dir='ltr'>D.</span> <span class='ocrx_word' id='word_1_131' title='bbox 907 1593 1160 1642; x_wconf 88' lang='lat' dir='ltr'>cardinalis</span> <span class='ocrx_word' id='word_1_132' title='bbox 1192 1594 1406 1642; x_wconf 88' lang='lat' dir='ltr'>Estensis</span> <span class='ocrx_word' id='word_1_133' title='bbox 1436 1598 1631 1658; x_wconf 87' lang='lat' dir='ltr'>pastore</span> <span class='ocrx_word' id='word_1_134' title='bbox 1660 1602 1907 1646; x_wconf 87' lang='lat' dir='ltr'>carentem</span> <span class='ocrx_word' id='word_1_135' title='bbox 1936 1603 1983 1647; x_wconf 91' lang='lat' dir='ltr'>et</span> 
     </span>
     <span class='ocr_line' id='line_1_17' title="bbox 206 1676 1983 1740; baseline 0.003 -16"><span class='ocrx_word' id='word_1_136' title='bbox 206 1676 414 1724; x_wconf 89' lang='lat' dir='ltr'>ecclesia</span> <span class='ocrx_word' id='word_1_137' title='bbox 450 1676 734 1740; x_wconf 84' lang='lat' dir='ltr'>Agrientina</span> <span class='ocrx_word' id='word_1_138' title='bbox 767 1680 904 1724; x_wconf 91' lang='lat' dir='ltr'>Rmo.</span> <span class='ocrx_word' id='word_1_139' title='bbox 940 1680 997 1725; x_wconf 91' lang='lat' dir='ltr'>D.</span> <span class='ocrx_word' id='word_1_140' title='bbox 1035 1677 1267 1725; x_wconf 83' lang='lat' dir='ltr'>cardinali</span> <span class='ocrx_word' id='word_1_141' title='bbox 1297 1678 1486 1725; x_wconf 91' lang='lat' dir='ltr'>Estensi</span> <span class='ocrx_word' id='word_1_142' title='bbox 1518 1679 1890 1729; x_wconf 88' lang='lat' dir='ltr'>commendata:</span> <span class='ocrx_word' id='word_1_143' title='bbox 1922 1682 1983 1729; x_wconf 91' lang='lat' dir='ltr'>ad</span> 
     </span>
     <span class='ocr_line' id='line_1_18' title="bbox 203 1759 1979 1824; baseline 0.002 -16"><span class='ocrx_word' id='word_1_144' title='bbox 203 1759 459 1808; x_wconf 87' lang='lat' dir='ltr'>ecclesiam</span> <span class='ocrx_word' id='word_1_145' title='bbox 477 1766 638 1807; x_wconf 87' lang='lat' dir='ltr'>autem</span> <span class='ocrx_word' id='word_1_146' title='bbox 656 1763 969 1808; x_wconf 89' lang='lat' dir='ltr'>Parmensem</span> <span class='ocrx_word' id='word_1_147' title='bbox 990 1775 1076 1824; x_wconf 92' lang='lat' dir='ltr'>per</span> <span class='ocrx_word' id='word_1_148' title='bbox 1102 1760 1284 1809; x_wconf 90' lang='lat' dir='ltr'>obitum</span> <span class='ocrx_word' id='word_1_149' title='bbox 1310 1761 1437 1810; x_wconf 90' lang='lat' dir='ltr'>bone</span> <span class='ocrx_word' id='word_1_150' title='bbox 1460 1763 1695 1812; x_wconf 90' lang='lat' dir='ltr'>memorie</span> <span class='ocrx_word' id='word_1_151' title='bbox 1724 1764 1979 1812; x_wconf 90' lang='lat' dir='ltr'>cardinalis</span> 
     </span>
     <span class='ocr_line' id='line_1_19' title="bbox 203 1843 1975 1909; baseline 0.003 -18"><span class='ocrx_word' id='word_1_152' title='bbox 203 1844 477 1892; x_wconf 90' lang='lat' dir='ltr'>Parmensis</span> <span class='ocrx_word' id='word_1_153' title='bbox 510 1844 715 1908; x_wconf 90' lang='lat' dir='ltr'>pastoris</span> <span class='ocrx_word' id='word_1_154' title='bbox 748 1843 918 1891; x_wconf 89' lang='lat' dir='ltr'>solatio</span> <span class='ocrx_word' id='word_1_155' title='bbox 955 1844 1233 1893; x_wconf 88' lang='lat' dir='ltr'>destitutam</span> <span class='ocrx_word' id='word_1_156' title='bbox 1267 1847 1324 1892; x_wconf 94' lang='lat' dir='ltr'>D.</span> <span class='ocrx_word' id='word_1_157' title='bbox 1358 1846 1658 1909; x_wconf 90' lang='lat' dir='ltr'>Stephanum</span> <span class='ocrx_word' id='word_1_158' title='bbox 1688 1848 1975 1907; x_wconf 82' lang='lat' dir='ltr'>Tabernam,</span> 
     </span>
     <span class='ocr_line' id='line_1_20' title="bbox 203 1927 1978 1991; baseline 0.002 -15"><span class='ocrx_word' id='word_1_159' title='bbox 203 1931 446 1976; x_wconf 90' lang='lat' dir='ltr'>oratorem</span> <span class='ocrx_word' id='word_1_160' title='bbox 466 1927 601 1976; x_wconf 90' lang='lat' dir='ltr'>ducis</span> <span class='ocrx_word' id='word_1_161' title='bbox 619 1927 993 1976; x_wconf 90' lang='lat' dir='ltr'>Mediolanensis</span> <span class='ocrx_word' id='word_1_162' title='bbox 1012 1928 1092 1991; x_wconf 92' lang='lat' dir='ltr'>qui</span> <span class='ocrx_word' id='word_1_163' title='bbox 1114 1944 1264 1991; x_wconf 90' lang='lat' dir='ltr'>usque</span> <span class='ocrx_word' id='word_1_164' title='bbox 1290 1929 1338 1975; x_wconf 92' lang='lat' dir='ltr'>in</span> <span class='ocrx_word' id='word_1_165' title='bbox 1360 1929 1490 1976; x_wconf 90' lang='lat' dir='ltr'>illam</span> <span class='ocrx_word' id='word_1_166' title='bbox 1517 1929 1688 1977; x_wconf 92' lang='lat' dir='ltr'>horam</span> <span class='ocrx_word' id='word_1_167' title='bbox 1710 1930 1908 1980; x_wconf 90' lang='lat' dir='ltr'>incessit</span> <span class='ocrx_word' id='word_1_168' title='bbox 1928 1933 1978 1980; x_wconf 92' lang='lat' dir='ltr'>in</span> 
     </span>
     <span class='ocr_line' id='line_1_21' title="bbox 202 2009 1981 2076; baseline 0.004 -20"><span class='ocrx_word' id='word_1_169' title='bbox 202 2009 368 2057; x_wconf 90' lang='lat' dir='ltr'>habitu</span> <span class='ocrx_word' id='word_1_170' title='bbox 395 2009 554 2058; x_wconf 91' lang='lat' dir='ltr'>laicali</span> <span class='ocrx_word' id='word_1_171' title='bbox 585 2013 632 2058; x_wconf 90' lang='lat' dir='ltr'>et</span> <span class='ocrx_word' id='word_1_172' title='bbox 663 2010 829 2074; x_wconf 90' lang='lat' dir='ltr'>paucis</span> <span class='ocrx_word' id='word_1_173' title='bbox 861 2010 1031 2059; x_wconf 89' lang='lat' dir='ltr'>diebus</span> <span class='ocrx_word' id='word_1_174' title='bbox 1063 2016 1206 2060; x_wconf 91' lang='lat' dir='ltr'>antea</span> <span class='ocrx_word' id='word_1_175' title='bbox 1238 2012 1298 2060; x_wconf 91' lang='lat' dir='ltr'>ad</span> <span class='ocrx_word' id='word_1_176' title='bbox 1327 2013 1533 2076; x_wconf 85' lang='lat' dir='ltr'>primam</span> <span class='ocrx_word' id='word_1_177' title='bbox 1568 2017 1814 2063; x_wconf 88' lang='lat' dir='ltr'>tonsuram</span> <span class='ocrx_word' id='word_1_178' title='bbox 1846 2016 1981 2063; x_wconf 83' lang='lat' dir='ltr'>ordi-‘</span> 
     </span>
     <span class='ocr_line' id='line_1_22' title="bbox 202 2093 1976 2161; baseline 0.005 -22"><span class='ocrx_word' id='word_1_179' title='bbox 202 2096 342 2140; x_wconf 88' lang='lat' dir='ltr'>natus</span> <span class='ocrx_word' id='word_1_180' title='bbox 366 2109 376 2140; x_wconf 76' lang='grc' dir='ltr'>ε</span> <span class='ocrx_word' id='word_1_181' title='bbox 404 2093 491 2141; x_wconf 89' lang='lat' dir='ltr'>fuit</span> <span class='ocrx_word' id='word_1_182' title='bbox 509 2108 700 2157; x_wconf 91' lang='lat' dir='ltr'>quoque</span> <span class='ocrx_word' id='word_1_183' title='bbox 722 2094 770 2141; x_wconf 92' lang='lat' dir='ltr'>in</span> <span class='ocrx_word' id='word_1_184' title='bbox 793 2094 965 2143; x_wconf 91' lang='lat' dir='ltr'>eodem</span> <span class='ocrx_word' id='word_1_185' title='bbox 997 2095 1284 2143; x_wconf 89' lang='lat' dir='ltr'>consistorio</span> <span class='ocrx_word' id='word_1_186' title='bbox 1313 2112 1366 2143; x_wconf 94' lang='lat' dir='ltr'>os</span> <span class='ocrx_word' id='word_1_187' title='bbox 1393 2096 1609 2144; x_wconf 84' lang='lat' dir='ltr'>clausum</span> <span class='ocrx_word' id='word_1_188' title='bbox 1631 2097 1848 2161; x_wconf 91' lang='lat' dir='ltr'>predicto</span> <span class='ocrx_word' id='word_1_189' title='bbox 1870 2115 1976 2147; x_wconf 88' lang='lat' dir='ltr'>car-</span> 
     </span>
     <span class='ocr_line' id='line_1_23' title="bbox 200 2175 1970 2244; baseline 0.004 -21"><span class='ocrx_word' id='word_1_190' title='bbox 200 2175 344 2223; x_wconf 93' lang='lat' dir='ltr'>dinali</span> <span class='ocrx_word' id='word_1_191' title='bbox 372 2176 559 2224; x_wconf 89' lang='lat' dir='ltr'>Estensi</span> <span class='ocrx_word' id='word_1_192' title='bbox 590 2181 655 2235; x_wconf 92' lang='lat' dir='ltr'>et,</span> <span class='ocrx_word' id='word_1_193' title='bbox 685 2177 734 2224; x_wconf 90' lang='lat' dir='ltr'>in</span> <span class='ocrx_word' id='word_1_194' title='bbox 766 2177 861 2225; x_wconf 87' lang='lat' dir='ltr'>fine</span> <span class='ocrx_word' id='word_1_195' title='bbox 893 2179 1111 2241; x_wconf 89' lang='lat' dir='ltr'>ejusdem</span> <span class='ocrx_word' id='word_1_196' title='bbox 1143 2179 1434 2237; x_wconf 91' lang='lat' dir='ltr'>consistorii,</span> <span class='ocrx_word' id='word_1_197' title='bbox 1464 2179 1583 2227; x_wconf 93' lang='lat' dir='ltr'>illud</span> <span class='ocrx_word' id='word_1_198' title='bbox 1613 2180 1702 2227; x_wconf 93' lang='lat' dir='ltr'>sibi</span> <span class='ocrx_word' id='word_1_199' title='bbox 1733 2186 1970 2244; x_wconf 90' lang='lat' dir='ltr'>apertum.</span> 
     </span>
     <span class='ocr_line' id='line_1_24' title="bbox 199 2260 1976 2326; baseline 0.003 -19"><span class='ocrx_word' id='word_1_200' title='bbox 199 2260 283 2307; x_wconf 94' lang='lat' dir='ltr'>SS.</span> <span class='ocrx_word' id='word_1_201' title='bbox 309 2261 366 2307; x_wconf 91' lang='lat' dir='ltr'>D.</span> <span class='ocrx_word' id='word_1_202' title='bbox 386 2263 551 2308; x_wconf 88' lang='lat' dir='ltr'>noster</span> <span class='ocrx_word' id='word_1_203' title='bbox 570 2275 648 2308; x_wconf 91' lang='lat' dir='ltr'>me</span> <span class='ocrx_word' id='word_1_204' title='bbox 670 2260 731 2308; x_wconf 90' lang='lat' dir='ltr'>ad</span> <span class='ocrx_word' id='word_1_205' title='bbox 750 2265 936 2324; x_wconf 88' lang='lat' dir='ltr'>partem</span> <span class='ocrx_word' id='word_1_206' title='bbox 958 2260 1268 2325; x_wconf 86' lang='lat' dir='ltr'>interrogavit</span> <span class='ocrx_word' id='word_1_207' title='bbox 1287 2262 1402 2325; x_wconf 91' lang='lat' dir='ltr'>quid</span> <span class='ocrx_word' id='word_1_208' title='bbox 1418 2263 1572 2326; x_wconf 83' lang='lat' dir='ltr'>magis</span> <span class='ocrx_word' id='word_1_209' title='bbox 1589 2263 1679 2310; x_wconf 91' lang='lat' dir='ltr'>sibi</span> <span class='ocrx_word' id='word_1_210' title='bbox 1698 2266 1976 2314; x_wconf 86' lang='lat' dir='ltr'>conveniret</span> 
     </span>
     <span class='ocr_line' id='line_1_25' title="bbox 197 2341 1974 2397; baseline 0.005 -8"><span class='ocrx_word' id='word_1_211' title='bbox 197 2346 244 2390; x_wconf 91' lang='lat' dir='ltr'>et</span> <span class='ocrx_word' id='word_1_212' title='bbox 264 2341 595 2391; x_wconf 89' lang='lat' dir='ltr'>honorabilius</span> <span class='ocrx_word' id='word_1_213' title='bbox 617 2348 745 2392; x_wconf 88' lang='lat' dir='ltr'>esset</span> <span class='ocrx_word' id='word_1_214' title='bbox 767 2344 926 2393; x_wconf 89' lang='lat' dir='ltr'>venire</span> <span class='ocrx_word' id='word_1_215' title='bbox 954 2344 1015 2392; x_wconf 90' lang='lat' dir='ltr'>ad</span> <span class='ocrx_word' id='word_1_216' title='bbox 1042 2345 1299 2393; x_wconf 88' lang='lat' dir='ltr'>matutinas</span> <span class='ocrx_word' id='word_1_217' title='bbox 1330 2346 1486 2394; x_wconf 91' lang='lat' dir='ltr'>noctis</span> <span class='ocrx_word' id='word_1_218' title='bbox 1514 2347 1684 2394; x_wconf 89' lang='lat' dir='ltr'>natalis</span> <span class='ocrx_word' id='word_1_219' title='bbox 1713 2348 1904 2397; x_wconf 92' lang='lat' dir='ltr'>Domini</span> <span class='ocrx_word' id='word_1_220' title='bbox 1928 2353 1974 2397; x_wconf 87' lang='lat' dir='ltr'>et</span> 
     </span>
     <span class='ocr_line' id='line_1_26' title="bbox 194 2424 1970 2495; baseline 0.005 -24"><span class='ocrx_word' id='word_1_221' title='bbox 194 2424 572 2474; x_wconf 89' lang='lat' dir='ltr'>illustrissimum</span> <span class='ocrx_word' id='word_1_222' title='bbox 603 2429 659 2474; x_wconf 91' lang='lat' dir='ltr'>D.</span> <span class='ocrx_word' id='word_1_223' title='bbox 689 2427 864 2475; x_wconf 89' lang='lat' dir='ltr'>ducem</span> <span class='ocrx_word' id='word_1_224' title='bbox 897 2428 1220 2476; x_wconf 89' lang='lat' dir='ltr'>Stetinensem</span> <span class='ocrx_word' id='word_1_225' title='bbox 1247 2429 1509 2478; x_wconf 88' lang='lat' dir='ltr'>lectionem</span> <span class='ocrx_word' id='word_1_226' title='bbox 1536 2431 1697 2478; x_wconf 87' lang='lat' dir='ltr'>dicere</span> <span class='ocrx_word' id='word_1_227' title='bbox 1734 2437 1780 2479; x_wconf 88' lang='lat' dir='ltr'>et</span> <span class='ocrx_word' id='word_1_228' title='bbox 1814 2432 1970 2495; x_wconf 91' lang='lat' dir='ltr'>ipsum</span> 
     </span>
     <span class='ocr_line' id='line_1_27' title="bbox 194 2501 1970 2574; baseline 0.006 -20"><span class='ocrx_word' id='word_1_229' title='bbox 194 2522 291 2555; x_wconf 88' lang='lat' dir='ltr'>non</span> <span class='ocrx_word' id='word_1_230' title='bbox 312 2507 556 2556; x_wconf 89' lang='lat' dir='ltr'>celebrare</span> <span class='ocrx_word' id='word_1_231' title='bbox 579 2509 775 2558; x_wconf 90' lang='lat' dir='ltr'>missam</span> <span class='ocrx_word' id='word_1_232' title='bbox 794 2511 1047 2574; x_wconf 89' lang='lat' dir='ltr'>majorem,</span> <span class='ocrx_word' id='word_1_233' title='bbox 1069 2512 1141 2560; x_wconf 92' lang='lat' dir='ltr'>vel</span> <span class='ocrx_word' id='word_1_234' title='bbox 1164 2528 1258 2559; x_wconf 90' lang='lat' dir='ltr'>nou</span> <span class='ocrx_word' id='word_1_235' title='bbox 1281 2514 1538 2562; x_wconf 91' lang='lat' dir='ltr'>convenire</span> <span class='ocrx_word' id='word_1_236' title='bbox 1561 2501 1621 2562; x_wconf 91' lang='lat' dir='ltr'>ad</span> <span class='ocrx_word' id='word_1_237' title='bbox 1642 2515 1901 2563; x_wconf 89' lang='lat' dir='ltr'>matutinas</span> <span class='ocrx_word' id='word_1_238' title='bbox 1923 2520 1970 2564; x_wconf 94' lang='lat' dir='ltr'>et</span> 
     </span>
     <span class='ocr_line' id='line_1_28' title="bbox 195 2590 1971 2657; baseline 0.005 -19"><span class='ocrx_word' id='word_1_239' title='bbox 195 2590 459 2640; x_wconf 89' lang='lat' dir='ltr'>celebrare.</span> <span class='ocrx_word' id='word_1_240' title='bbox 486 2593 728 2656; x_wconf 87' lang='lat' dir='ltr'>Respondi</span> <span class='ocrx_word' id='word_1_241' title='bbox 757 2594 1006 2643; x_wconf 88' lang='lat' dir='ltr'>Sanctitati</span> <span class='ocrx_word' id='word_1_242' title='bbox 1036 2611 1121 2643; x_wconf 90' lang='lat' dir='ltr'>sue</span> <span class='ocrx_word' id='word_1_243' title='bbox 1150 2595 1294 2657; x_wconf 82' lang='lat' dir='ltr'>longe</span> <span class='ocrx_word' id='word_1_244' title='bbox 1321 2596 1607 2644; x_wconf 90' lang='lat' dir='ltr'>laudabilius</span> <span class='ocrx_word' id='word_1_245' title='bbox 1639 2613 1745 2645; x_wconf 88' lang='lat' dir='ltr'>esse</span> <span class='ocrx_word' id='word_1_246' title='bbox 1773 2613 1870 2645; x_wconf 92' lang='lat' dir='ltr'>non</span> <span class='ocrx_word' id='word_1_247' title='bbox 1891 2614 1971 2646; x_wconf 89' lang='lat' dir='ltr'>ve-</span> 
     </span>
     <span class='ocr_line' id='line_1_29' title="bbox 194 2673 1970 2746; baseline 0.005 -26"><span class='ocrx_word' id='word_1_248' title='bbox 194 2673 298 2721; x_wconf 91' lang='lat' dir='ltr'>nire</span> <span class='ocrx_word' id='word_1_249' title='bbox 320 2674 381 2722; x_wconf 94' lang='lat' dir='ltr'>ad</span> <span class='ocrx_word' id='word_1_250' title='bbox 400 2675 660 2724; x_wconf 89' lang='lat' dir='ltr'>matutinas</span> <span class='ocrx_word' id='word_1_251' title='bbox 682 2681 729 2724; x_wconf 79' lang='lat' dir='ltr'>et</span> <span class='ocrx_word' id='word_1_252' title='bbox 756 2676 1001 2726; x_wconf 89' lang='lat' dir='ltr'>celebrare</span> <span class='ocrx_word' id='word_1_253' title='bbox 1026 2678 1223 2726; x_wconf 89' lang='lat' dir='ltr'>missam</span> <span class='ocrx_word' id='word_1_254' title='bbox 1245 2680 1482 2743; x_wconf 89' lang='lat' dir='ltr'>majorem</span> <span class='ocrx_word' id='word_1_255' title='bbox 1503 2696 1512 2739; x_wconf 92' lang='lat'>;</span> <span class='ocrx_word' id='word_1_256' title='bbox 1535 2680 1748 2728; x_wconf 88' lang='lat' dir='ltr'>decrevit</span> <span class='ocrx_word' id='word_1_257' title='bbox 1772 2687 1970 2746; x_wconf 89' lang='lat' dir='ltr'>propte-</span> 
     </span>
     <span class='ocr_line' id='line_1_30' title="bbox 195 2757 1607 2826; baseline 0.008 -23"><span class='ocrx_word' id='word_1_258' title='bbox 195 2772 277 2806; x_wconf 87' lang='lat' dir='ltr'>rea</span> <span class='ocrx_word' id='word_1_259' title='bbox 295 2757 362 2806; x_wconf 90' lang='lat' dir='ltr'>sic</span> <span class='ocrx_word' id='word_1_260' title='bbox 381 2758 559 2807; x_wconf 88' lang='lat' dir='ltr'>facere.</span> <span class='ocrx_word' id='word_1_261' title='bbox 1603 2823 1607 2826; x_wconf 24' lang='grc' dir='ltr'>ι</span> 
     </span>
    </p>

    <p class='ocr_par' dir='ltr' id='par_1_4' title="bbox 192 2841 1969 3490">
     <span class='ocr_line' id='line_1_31' title="bbox 258 2841 1964 2910; baseline 0.004 -21"><span class='ocrx_word' id='word_1_262' title='bbox 258 2841 398 2890; x_wconf 87' lang='lat' dir='ltr'>Feria</span> <span class='ocrx_word' id='word_1_263' title='bbox 418 2848 569 2904; x_wconf 85' lang='lat' dir='ltr'>sexta,</span> <span class='ocrx_word' id='word_1_264' title='bbox 593 2846 652 2891; x_wconf 78' lang='lat'>22</span> <span class='ocrx_word' id='word_1_265' title='bbox 677 2843 790 2891; x_wconf 93' lang='lat' dir='ltr'>dicti</span> <span class='ocrx_word' id='word_1_266' title='bbox 817 2844 996 2892; x_wconf 90' lang='lat' dir='ltr'>mensis</span> <span class='ocrx_word' id='word_1_267' title='bbox 1018 2844 1307 2904; x_wconf 86' lang='lat' dir='ltr'>decembris,</span> <span class='ocrx_word' id='word_1_268' title='bbox 1331 2846 1454 2894; x_wconf 89' lang='lat' dir='ltr'>hora</span> <span class='ocrx_word' id='word_1_269' title='bbox 1472 2847 1705 2910; x_wconf 83' lang='lat' dir='ltr'>vigesima</span> <span class='ocrx_word' id='word_1_270' title='bbox 1725 2847 1796 2896; x_wconf 89' lang='lat' dir='ltr'>vel</span> <span class='ocrx_word' id='word_1_271' title='bbox 1818 2848 1964 2907; x_wconf 89' lang='lat' dir='ltr'>circa,</span> 
     </span>
     <span class='ocr_line' id='line_1_32' title="bbox 194 2927 1969 2994; baseline 0.004 -22"><span class='ocrx_word' id='word_1_272' title='bbox 194 2927 248 2972; x_wconf 90' lang='lat' dir='ltr'>R.</span> <span class='ocrx_word' id='word_1_273' title='bbox 276 2928 330 2973; x_wconf 91' lang='lat' dir='ltr'>P.</span> <span class='ocrx_word' id='word_1_274' title='bbox 360 2929 417 2974; x_wconf 95' lang='lat' dir='ltr'>D.</span> <span class='ocrx_word' id='word_1_275' title='bbox 446 2927 718 2990; x_wconf 88' lang='lat' dir='ltr'>Stephanus</span> <span class='ocrx_word' id='word_1_276' title='bbox 748 2927 982 2987; x_wconf 91' lang='lat' dir='ltr'>Taberna,</span> <span class='ocrx_word' id='word_1_277' title='bbox 1009 2929 1192 2977; x_wconf 89' lang='lat' dir='ltr'>electus</span> <span class='ocrx_word' id='word_1_278' title='bbox 1220 2931 1494 2979; x_wconf 91' lang='lat' dir='ltr'>Parmensis</span> <span class='ocrx_word' id='word_1_279' title='bbox 1525 2931 1704 2994; x_wconf 87' lang='lat' dir='ltr'>incepit</span> <span class='ocrx_word' id='word_1_280' title='bbox 1736 2929 1969 2979; x_wconf 89' lang='lat' dir='ltr'>visitatio-</span> 
     </span>
     <span class='ocr_line' id='line_1_33' title="bbox 195 3010 1964 3077; baseline 0.004 -22"><span class='ocrx_word' id='word_1_281' title='bbox 195 3022 306 3055; x_wconf 90' lang='lat' dir='ltr'>nem</span> <span class='ocrx_word' id='word_1_282' title='bbox 327 3011 454 3073; x_wconf 91' lang='lat' dir='ltr'>Pape</span> <span class='ocrx_word' id='word_1_283' title='bbox 477 3014 523 3058; x_wconf 91' lang='lat' dir='ltr'>et</span> <span class='ocrx_word' id='word_1_284' title='bbox 545 3010 862 3059; x_wconf 88' lang='lat' dir='ltr'>cardinalium</span> <span class='ocrx_word' id='word_1_285' title='bbox 889 3028 899 3059; x_wconf 76' lang='grc' dir='ltr'><strong><em>ε</em></strong></span> <span class='ocrx_word' id='word_1_286' title='bbox 925 3012 1152 3075; x_wconf 89' lang='lat' dir='ltr'>equitavit</span> <span class='ocrx_word' id='word_1_287' title='bbox 1174 3013 1222 3060; x_wconf 93' lang='lat' dir='ltr'>in</span> <span class='ocrx_word' id='word_1_288' title='bbox 1244 3029 1397 3077; x_wconf 87' lang='lat' dir='ltr'>cappa</span> <span class='ocrx_word' id='word_1_289' title='bbox 1415 3014 1629 3062; x_wconf 89' lang='lat' dir='ltr'>violacea</span> <span class='ocrx_word' id='word_1_290' title='bbox 1650 3030 1736 3061; x_wconf 89' lang='lat' dir='ltr'>sua</span> <span class='ocrx_word' id='word_1_291' title='bbox 1755 3015 1964 3077; x_wconf 88' lang='lat' dir='ltr'>propria,</span> 
     </span>
     <span class='ocr_line' id='line_1_34' title="bbox 192 3091 1967 3159; baseline 0.005 -23"><span class='ocrx_word' id='word_1_292' title='bbox 192 3105 336 3152; x_wconf 86' lang='lat' dir='ltr'>quam</span> <span class='ocrx_word' id='word_1_293' title='bbox 358 3091 446 3140; x_wconf 90' lang='lat' dir='ltr'>sibi</span> <span class='ocrx_word' id='word_1_294' title='bbox 468 3092 574 3141; x_wconf 89' lang='lat' dir='ltr'>fieri</span> <span class='ocrx_word' id='word_1_295' title='bbox 594 3093 727 3154; x_wconf 89' lang='lat' dir='ltr'>fecit,</span> <span class='ocrx_word' id='word_1_296' title='bbox 752 3095 801 3141; x_wconf 91' lang='lat' dir='ltr'>in</span> <span class='ocrx_word' id='word_1_297' title='bbox 820 3095 950 3143; x_wconf 90' lang='lat' dir='ltr'>mula</span> <span class='ocrx_word' id='word_1_298' title='bbox 970 3095 1094 3143; x_wconf 92' lang='lat' dir='ltr'>Rmi.</span> <span class='ocrx_word' id='word_1_299' title='bbox 1121 3098 1177 3144; x_wconf 93' lang='lat' dir='ltr'>D.</span> <span class='ocrx_word' id='word_1_300' title='bbox 1203 3097 1460 3145; x_wconf 88' lang='lat' dir='ltr'>cardinalis</span> <span class='ocrx_word' id='word_1_301' title='bbox 1486 3097 1676 3144; x_wconf 91' lang='lat' dir='ltr'>Ascanii</span> <span class='ocrx_word' id='word_1_302' title='bbox 1704 3113 1713 3144; x_wconf 93' lang='lat'><strong>:</strong></span> <span class='ocrx_word' id='word_1_303' title='bbox 1740 3097 1967 3159; x_wconf 88' lang='lat' dir='ltr'>equitavit</span> 
     </span>
     <span class='ocr_line' id='line_1_35' title="bbox 192 3172 1966 3242; baseline 0.005 -23"><span class='ocrx_word' id='word_1_304' title='bbox 192 3172 377 3220; x_wconf 92' lang='lat' dir='ltr'>medius</span> <span class='ocrx_word' id='word_1_305' title='bbox 399 3174 524 3222; x_wconf 88' lang='lat' dir='ltr'>inter</span> <span class='ocrx_word' id='word_1_306' title='bbox 544 3178 601 3223; x_wconf 94' lang='lat' dir='ltr'>D.</span> <span class='ocrx_word' id='word_1_307' title='bbox 626 3178 887 3226; x_wconf 90' lang='lat' dir='ltr'>Henricum</span> <span class='ocrx_word' id='word_1_308' title='bbox 915 3179 1088 3226; x_wconf 91' lang='lat' dir='ltr'>ducem</span> <span class='ocrx_word' id='word_1_309' title='bbox 1115 3180 1549 3230; x_wconf 84' lang='lat' dir='ltr'>Brunswicensem,</span> <span class='ocrx_word' id='word_1_310' title='bbox 1575 3183 1818 3226; x_wconf 87' lang='lat' dir='ltr'>oratorem</span> <span class='ocrx_word' id='word_1_311' title='bbox 1841 3181 1966 3242; x_wconf 86' lang='lat' dir='ltr'>regis</span> 
     </span>
     <span class='ocr_line' id='line_1_36' title="bbox 194 3258 1968 3324; baseline 0.003 -21"><span class='ocrx_word' id='word_1_312' title='bbox 194 3258 521 3304; x_wconf 87' lang='lat' dir='ltr'>Romanorum</span> <span class='ocrx_word' id='word_1_313' title='bbox 548 3274 576 3306; x_wconf 90' lang='lat' dir='ltr'>a</span> <span class='ocrx_word' id='word_1_314' title='bbox 596 3259 773 3308; x_wconf 87' lang='lat' dir='ltr'>dextris</span> <span class='ocrx_word' id='word_1_315' title='bbox 791 3266 838 3309; x_wconf 86' lang='lat' dir='ltr'>et</span> <span class='ocrx_word' id='word_1_316' title='bbox 867 3263 922 3308; x_wconf 93' lang='lat' dir='ltr'>D.</span> <span class='ocrx_word' id='word_1_317' title='bbox 948 3262 1167 3310; x_wconf 89' lang='lat' dir='ltr'>Garciam</span> <span class='ocrx_word' id='word_1_318' title='bbox 1191 3265 1357 3320; x_wconf 79' lang='lat' dir='ltr'>LaSSO,</span> <span class='ocrx_word' id='word_1_319' title='bbox 1382 3266 1624 3309; x_wconf 89' lang='lat' dir='ltr'>oratorem</span> <span class='ocrx_word' id='word_1_320' title='bbox 1647 3260 1773 3323; x_wconf 80' lang='lat' dir='ltr'>regis</span> <span class='ocrx_word' id='word_1_321' title='bbox 1795 3261 1968 3324; x_wconf 90' lang='lat' dir='ltr'>Hispa-</span> 
     </span>
     <span class='ocr_line' id='line_1_37' title="bbox 192 3338 1967 3406; baseline 0.002 -21"><span class='ocrx_word' id='word_1_322' title='bbox 192 3338 380 3386; x_wconf 90' lang='lat' dir='ltr'>niarum</span> <span class='ocrx_word' id='word_1_323' title='bbox 408 3354 437 3387; x_wconf 92' lang='lat' dir='ltr'>a</span> <span class='ocrx_word' id='word_1_324' title='bbox 464 3340 683 3389; x_wconf 89' lang='lat' dir='ltr'>sinistris.</span> <span class='ocrx_word' id='word_1_325' title='bbox 709 3345 822 3392; x_wconf 90' lang='lat' dir='ltr'>Post</span> <span class='ocrx_word' id='word_1_326' title='bbox 852 3358 936 3392; x_wconf 91' lang='lat' dir='ltr'>eos</span> <span class='ocrx_word' id='word_1_327' title='bbox 965 3344 1192 3406; x_wconf 89' lang='lat' dir='ltr'>equitavit</span> <span class='ocrx_word' id='word_1_328' title='bbox 1214 3347 1270 3392; x_wconf 93' lang='lat' dir='ltr'>D.</span> <span class='ocrx_word' id='word_1_329' title='bbox 1300 3343 1603 3401; x_wconf 78' lang='lat' dir='ltr'>philibertus,</span> <span class='ocrx_word' id='word_1_330' title='bbox 1629 3343 1773 3391; x_wconf 91' lang='lat' dir='ltr'>etiam</span> <span class='ocrx_word' id='word_1_331' title='bbox 1804 3348 1967 3391; x_wconf 88' lang='lat' dir='ltr'>orator</span> 
     </span>
     <span class='ocr_line' id='line_1_38' title="bbox 196 3423 1966 3490; baseline 0.002 -23"><span class='ocrx_word' id='word_1_332' title='bbox 196 3423 523 3470; x_wconf 88' lang='lat' dir='ltr'>Romanorum</span> <span class='ocrx_word' id='word_1_333' title='bbox 545 3423 671 3486; x_wconf 88' lang='lat' dir='ltr'>regis</span> <span class='ocrx_word' id='word_1_334' title='bbox 693 3430 740 3472; x_wconf 91' lang='lat' dir='ltr'>et</span> <span class='ocrx_word' id='word_1_335' title='bbox 762 3427 819 3473; x_wconf 90' lang='lat' dir='ltr'>D.</span> <span class='ocrx_word' id='word_1_336' title='bbox 846 3426 1164 3490; x_wconf 83' lang='lat' dir='ltr'>Hieronymus</span> <span class='ocrx_word' id='word_1_337' title='bbox 1188 3426 1484 3489; x_wconf 85' lang='lat' dir='ltr'>SperandeO,</span> <span class='ocrx_word' id='word_1_338' title='bbox 1508 3430 1672 3473; x_wconf 90' lang='lat' dir='ltr'>orator</span> <span class='ocrx_word' id='word_1_339' title='bbox 1695 3425 1822 3487; x_wconf 86' lang='lat' dir='ltr'>regis</span> <span class='ocrx_word' id='word_1_340' title='bbox 1847 3427 1966 3471; x_wconf 85' lang='lat' dir='ltr'>Nea-</span> 
     </span>
    </p>
   </div>
  </div>
 </body>
</html>
