2216 3886
182 307 265 346 [Mai
287 308 380 347 1498]
625 304 792 343 RERUM
824 303 1126 340 URBANARUM
1154 303 1501 342 COMMENTARH.
1892 311 1957 346 461

184 409 390 459 ecclesie
422 410 492 458 vel
530 410 617 458 sub
649 409 867 467 tribuno;
902 408 1083 456 ibidem
1108 408 1244 471 juxta
1275 408 1479 456 chorum
1510 410 1667 473 posita
1700 411 1788 460 fuit
1817 429 1963 477 capsa

184 493 413 542 funeralis
434 495 560 542 bone
583 493 816 542 memorie
839 491 1093 541 cardinalis
1118 491 1410 551 Parmensis,
1436 492 1618 542 elevata
1638 494 1699 542 ad
1720 495 1838 544 duos
1860 498 1962 560 pal-

185 592 291 625 mos
324 578 396 626 vel
429 578 574 638 circa,
603 580 832 641 cooperta
863 576 1008 640 pallio
1039 575 1252 624 broccati
1273 575 1471 625 violacei
1503 577 1562 625 ab
1593 578 1817 627 omnibus
1849 596 1964 643 qua-

186 665 296 707 tuor
313 660 543 709 lateribus
566 661 661 710 sive
683 660 917 726 partibus,
942 675 1139 708 scamna
1159 659 1435 724 hujusmodi
1459 660 1555 710 sive
1581 662 1853 712 cancelletti
1874 680 1961 728 pro

184 742 438 793 intorticiis
465 745 720 809 ponendis,
757 760 850 808 que
882 744 942 792 ad
968 748 1065 793 tres
1095 743 1281 808 palmos
1309 744 1369 792 ab
1396 744 1499 807 ipsa
1530 760 1676 808 capsa
1706 745 1960 806 distabant,

186 828 259 876 vel
285 828 413 876 circa
443 844 655 893 capsam.
683 828 844 877 Posita
864 828 1057 876 fuerunt
1078 827 1126 874 in
1152 831 1304 875 totum
1326 843 1452 874 xxxv
1473 827 1735 887 intorticia3
1761 834 1966 892 quatuor

186 911 413 960 lateribus
436 913 510 960 vel
531 913 660 960 circa
681 916 819 960 erant
841 911 1029 975 singula
1047 911 1325 974 hujusmodi
1348 909 1605 958 intorticia.
1632 911 1963 960 Cardinalibus

187 995 297 1043 data
324 1000 433 1044 sunt
459 996 700 1044 intorticia
726 994 937 1059 quinque
966 994 1220 1051 librarum,
1251 993 1448 1056 prelatis
1477 998 1524 1042 et
1551 995 1824 1043 oratoribus
1848 1011 1964 1044 can-

188 1080 293 1128 dele
316 1080 456 1128 unius
475 1080 620 1138 libre3
652 1079 755 1128 aliis
782 1079 940 1126 medie
965 1078 1086 1126 libre
1115 1081 1161 1126 et
1187 1077 1369 1141 pauciS.
1396 1077 1657 1126 Celebrans
1687 1078 1803 1126 dixit
1831 1095 1964 1127 eam—

189 1163 299 1211 dem
334 1164 600 1212 orationem
634 1179 778 1228 quarn
813 1163 860 1211 in
894 1162 1058 1221 missa,
1096 1161 1145 1208 in
1182 1160 1367 1224 capella
1402 1162 1548 1224 Pape,
1588 1160 1774 1210 dixerat
1810 1178 1819 1209 :
1857 1166 1965 1226 post

188 1247 405 1307 missam,
438 1248 640 1297 vicarius
668 1247 873 1306 Araceli,
903 1247 1050 1294 frater
1080 1245 1260 1293 ordinis
1288 1245 1546 1304 minorum,
1581 1245 1789 1293 nationis
1822 1245 1966 1293 Galli-

188 1346 324 1390 cane,
349 1331 459 1379 fecit
482 1347 758 1380 sermonem
791 1348 800 1379 :
828 1347 922 1394 quo
945 1329 1099 1389 finito,
1129 1329 1380 1377 celebrans
1409 1328 1612 1376 absolvit
1638 1343 1774 1378 more
1804 1329 1961 1377 solito.

189 1414 356 1462 Officio
388 1420 604 1478 peracto,
642 1419 808 1463 Rmus.
847 1418 903 1462 D.
939 1413 1192 1462 cardinalis
1227 1429 1266 1460 s.
1304 1411 1521 1476 Dionysii
1552 1410 1681 1459 dedit
1715 1412 1967 1476 prandium

189 1498 450 1547 celebranti
475 1503 523 1546 et
542 1500 682 1548 nobis
703 1499 936 1547 ministris
961 1503 1009 1547 et
1031 1496 1309 1546 cantoribus
1336 1498 1481 1560 Pape,
1506 1495 1585 1559 qui
1609 1495 1826 1544 officium
1852 1512 1967 1545 can-

188 1585 426 1642 taverant;
462 1584 602 1633 nobis
634 1584 684 1631 in
711 1600 883 1632 mensa
912 1599 1013 1642 sua,
1045 1581 1324 1631 cantoribus
1350 1595 1464 1629 vero
1492 1579 1538 1627 in
1575 1579 1668 1628 alia
1699 1596 1885 1640 mensa,
1920 1580 1968 1627 in

189 1664 360 1714 eadem
380 1670 541 1716 tamen
567 1683 761 1716 camera
787 1667 868 1715 ubi
899 1682 1069 1715 mensa
1095 1663 1415 1714 cardinalibus
1438 1668 1540 1711 erat
1561 1668 1743 1728 parata.
1775 1667 1894 1713 Cera
1922 1664 1966 1713 in

190 1748 396 1796 ecclesia
417 1749 670 1799 distributa
690 1751 779 1799 fuit
799 1751 924 1800 male
947 1751 1182 1809 laborata,
1210 1753 1353 1814 prout
1374 1750 1423 1798 in
1448 1749 1663 1812 exequiis
1691 1750 1795 1798 fieri
1828 1749 1966 1797 solet.

257 1833 483 1891 Sabbato,
522 1837 577 1880 19
611 1833 742 1892 maii,
778 1837 944 1882 Rmus.
980 1837 1037 1882 D.
1066 1834 1330 1883 'cardinalis
1367 1835 1735 1882 Beneventanus
1768 1833 1970 1882 recessit

191 1915 250 1962 ab
279 1916 424 1975 Urbe,
449 1917 599 1966 iturus
627 1917 687 1965 ad
713 1917 887 1966 balnea
915 1918 1236 1968 Viterbiensia
1265 1933 1351 1982 pro
1384 1918 1586 1967 sanitate
1616 1916 1963 1981 recuperanda.

256 2000 396 2048 Feria
428 2005 613 2063 quarta,
649 2004 708 2049 23
740 2001 853 2049 dicti
886 2000 1085 2061 mensis,
1120 2001 1242 2050 festo
1275 2000 1692 2059 Annonciationis‚
1723 1999 1811 2047 fuit
1843 1998 1971 2046 dicta

190 2082 339 2132 missa
367 2084 598 2133 solemnis
619 2085 669 2132 in
690 2085 887 2134 basilica
906 2101 945 2132 s.
974 2085 1098 2133 Petri
1128 2101 1271 2148 quam
1301 2084 1561 2134 celebravit
1588 2087 1754 2131 Rmus.
1781 2085 1838 2130 D.
1864 2098 1969 2131 car—

188 2167 359 2214 dinalis
384 2168 754 2227 Alexandrinus,
782 2172 910 2233 Papa
937 2169 1081 2217 etiam
1108 2173 1333 2233 presente
1357 2185 1367 2228 3
1394 2183 1670 2217 sermonem
1694 2166 1807 2215 fecit
1831 2169 1886 2214 R.
1913 2168 1964 2214 P.

190 2253 246 2298 D.
268 2252 518 2311 Jeremias,
544 2252 798 2317 episcopus
821 2253 1190 2301 Assisinatensis
1216 2270 1226 2301 :
1252 2253 1401 2301 missa
1427 2252 1580 2310 finita,
1606 2254 1733 2314 Papa
1751 2249 1968 2298 ascendit

192 2336 295 2383 sine
333 2337 669 2400 processione,
706 2353 792 2401 per
836 2352 1006 2386 navem
1047 2337 1302 2386 Salvatoris
1341 2336 1564 2396 veniens,
1599 2339 1663 2395 et,
1702 2334 1802 2382 viso
1838 2333 1967 2382 vultu

192 2424 376 2479 sancte,
401 2420 462 2468 ad
476 2421 637 2469 locum
665 2422 855 2485 publice
876 2421 1243 2481 benedictionis,
1268 2421 1344 2470 ubi
1372 2420 1549 2485 populo
1575 2418 1857 2467 solemniter
1882 2417 1968 2466 be-

192 2503 371 2553 nedixit
405 2509 452 2552 et
484 2504 725 2568 plenarias
752 2505 1076 2569 indulgentias
1107 2505 1365 2565 concessit,
1392 2520 1510 2568 quas
1541 2502 1707 2550 RRmi.
1733 2504 1834 2549 DD.
1863 2517 1968 2550 car-

193 2587 376 2635 dInales
402 2587 753 2636 Alexandrinus
781 2588 948 2648 latino,
974 2589 1267 2637 camerarius
1293 2587 1474 2651 vulgari
1501 2601 1725 2634 sermone
1754 2584 1969 2648 publica-

195 2674 304 2719 runt
328 2687 337 2719 :
363 2671 457 2719 alia
477 2672 724 2720 observata
755 2676 863 2720 sunt
891 2687 1026 2721 more
1054 2672 1212 2720 solito.
1238 2674 1440 2720 Ferrum
1470 2671 1658 2727 lancee,
1683 2669 1775 2716 hoc
1810 2684 1971 2726 mane,

195 2770 292 2804 non
314 2755 402 2803 fuit
421 2759 689 2804 ostensum.

260 2840 366 2887 Dixi
399 2840 618 2904 superius
648 2840 698 2887 in
728 2854 896 2888 mense
927 2839 1065 2903 aprili
1093 2840 1151 2888 de
1181 2844 1381 2903 captura
1415 2838 1575 2887 fratris
1613 2831 1896 2902 hieronymi
1927 2836 1975 2884 in

195 2924 437 2972 Florentia
460 2940 569 2973 cum
591 2924 779 2972 duobus
805 2924 909 2974 aliis
931 2924 1156 2972 fratribus
1185 2924 1258 2972 sui
1288 2923 1487 2983 ordinis,
1514 2926 1561 2971 et
1584 2938 1685 2970 rem
1708 2920 1771 2969 ibi
1794 2937 1890 2968 non
1913 2919 1976 2967 sui

197 3008 516 3070 personaliter
532 3013 816 3073 persecutus
843 3027 851 3056 :
875 3008 1165 3072 subjungam
1187 3007 1332 3072 igitur
1351 3007 1430 3054 hic
1461 3022 1552 3069 que
1582 3010 1696 3054 tunc
1723 3021 1820 3053 non
1845 3003 1976 3067 potui

200 3090 456 3154 explicare.
1405 3082 1407 3084 ’

267 3174 434 3221 Frater
469 3174 808 3240 Hieronymus,
845 3178 1120 3227 carceribus
1154 3177 1476 3240 mancipatus,
1512 3178 1766 3238 postquam
1802 3171 1978 3235 septies

200 3257 532 3319 questionibus
555 3263 601 3307 et
623 3261 874 3309 tormentis
897 3261 1141 3325 expositus
1164 3261 1269 3320 suit,
1297 3257 1576 3323 supplicavit
1596 3271 1684 3319 pro
1706 3254 1982 3302 misericor-

200 3341 302 3399 dia,
338 3342 546 3389 offerens
581 3343 821 3393 dicturum
857 3350 904 3394 et
942 3345 1233 3408 scripturum
1269 3342 1432 3390 omnia
1465 3340 1638 3403 quibus
1679 3337 1976 3401 deliquisset.

202 3425 450 3474 Demissus
483 3429 557 3473 est
583 3426 643 3475 de
665 3431 850 3476 tortura
868 3432 914 3477 et
943 3428 1003 3476 ad
1024 3443 1246 3477 carceres
1268 3424 1527 3489 reposituS,
1552 3428 1598 3471 et
1619 3421 1862 3486 assignata
1889 3419 1974 3467 sibi
