2222 3926
346 374 417 410 244
954 373 1187 411 JOHANNlS
1220 375 1516 421 BURCHARDI,
1803 426 1808 430 7
1904 377 2008 417 [Mars
2031 378 2123 418 1495]

335 489 434 523 ‘rex
453 475 556 539 ipse
574 479 742 540 postea
762 475 879 523 mihi
903 476 1106 541 scripsit,
1130 477 1231 526 sine
1248 478 1388 541 jussu
1416 480 1543 540 Pape
1564 479 1623 524 'et
1643 476 1825 539 absque
1848 477 1970 526 scitu
1991 494 2117 538 me0,

346 553 509 604 locum
543 555 813 605 oratoribus
842 556 1118 621 hujusmodi
1152 557 1365 605 debitum
1397 556 1485 604 sibi
1521 556 1764 620 usurpavit
1789 567 1806 604 'z
1845 568 2120 606 sermonem

349 639 462 687 fecit
497 644 781 702 procurator
823 639 1004 687 ordinis
1045 654 1292 687 servorum
1330 639 1471 689 beate
1511 640 1677 688 Marie.
1727 643 1857 704 Papa
1895 640 2123 704 imposuit

348 722 599 770 incensum
619 737 706 785 pro
726 722 972 785 evangelio
994 727 1105 771 ante
1135 738 1325 771 versum
1348 739 1357 771 :
1381 722 1584 786 Adjuva
1613 740 1698 772 nos
1713 741 1728 785 ,·
1761 723 1846 772 sed
1873 736 1969 772 non
1995 723 2122 772 venit

345 805 393 852 in
414 808 631 867 tempore
647 805 879 853 diaconus
895 821 982 870 pro
1003 806 1339 855 benedictione
1361 808 1570 871 petenda
1586 823 1732 871 quam
1753 807 1959 856 obtinuit
1979 813 2116 870 post:

347 889 482 937 finito
502 904 662 948 versu,
688 892 817 954 Papa
836 889 895 938 ad
920 890 1094 938 solium
1116 906 1337 960 reversus
1360 895 1449 939 est.
1477 893 1649 939 Orator
1665 894 1964 941 Venetorum
1993 890 2124 939 dedit

346 989 521 1037 aquam
556 973 779 1022 manibus
811 976 937 1038 Pape
970 980 1080 1038 post
1116 974 1335 1023 cinerum
1365 974 1753 1023 distributionem
1793 991 1803 1022 ε
1835 974 1928 1022 alia
1961 973 2124 1022 omnia

345 1058 596 1106 observata
617 1063 727 1105 sunt
746 1073 880 1106 more
907 1058 1064 1107 solito.
1633 1070 1635 1074 ’

410 1143 563 1190 Finita
579 1142 750 1202 missa,
777 1142 961 1190 obtinui
983 1160 1012 1191 a
1036 1145 1117 1192 SS.
1145 1147 1200 1192 D.
1226 1147 1390 1192 nostro
1412 1155 1497 1207 pro
1523 1143 1661 1191 nobis
1690 1142 1876 1192 clericis
1899 1153 2121 1190 ceremo-

343 1227 550 1286 niarum,
580 1227 855 1276 cantoribus
881 1231 928 1275 et
952 1227 1058 1275 aliis
1090 1227 1149 1276 de
1176 1226 1361 1291 capella
1386 1227 1665 1276 facultatem
1696 1226 1903 1291 eligendi
1935 1225 2124 1274 confes-

344 1327 505 1360 sorem
545 1313 627 1376 qui
676 1326 782 1361 cras
825 1311 1038 1377 plenarie
1087 1310 1303 1359 absolvat
1360 1315 1407 1359 et
1451 1310 1821 1375 indulgentiam‘
1847 1308 2123 1374 [impendat]

341 1395 606 1458 plenariam
629 1401 675 1445 et
697 1396 825 1460 quod
845 1394 1082 1444 visitando
1105 1394 1305 1457 singulis
1327 1394 1497 1442 diebus
1519 1395 1668 1442 altare
1685 1395 1843 1458 majus
1865 1392 2061 1441 basilice
2081 1408 2119 1439 s.

331 1479 469 1527 Petri
488 1494 847 1544 consequamur
866 1478 1187 1542 indulgentias
1209 1477 1429 1526 stationis
1447 1477 1572 1525 illius
1595 1478 1707 1526 diei.

405 1562 536 1623 Heri,
581 1562 859 1611 nunciatum
902 1562 951 1610 in
986 1562 1111 1610 Urbe
1148 1577 1314 1626 regem
1354 1560 1557 1609 Francie
1596 1560 1825 1610 habuisse
1866 1559 2120 1623 Neapolim
2151 1569 2153 1571 ’

333 1632 388 1693 Δθῐ
409 1646 579 1694 turrim
615 1663 654 1694 s.
684 1646 945 1706 Vincentii,
971 1650 1018 1694 et
1040 1661 1185 1694 unam
1218 1661 1276 1694 ex
1301 1645 1451 1710 galeis
1476 1644 1602 1708 regis
1625 1644 1929 1709 Neapolitani
1951 1638 2128 1707 quibus

338 1729 464 1792 apud
483 1730 692 1778 Ischiam
711 1729 935 1778 utebatur
955 1729 1015 1777 ad
1035 1729 1261 1778 eumdem
1284 1743 1447 1792 regem
1465 1728 1665 1776 Francie
1685 1727 1979 1791 confugisse.

402 1812 542 1860 Feria
567 1813 747 1876 quinta,
774 1817 800 1861 5
823 1812 1004 1861 mensis
1026 1812 1203 1871 martii,
1243 1815 1353 1859 ante
1380 1810 1656 1874 prandium,
1687 1812 1852 1858 Rmus.
1880 1812 1935 1858 D.
1962 1810 2119 1870 cardi-

336 1895 455 1943 nalis
493 1896 739 1956 SenensiS,
776 1895 1041 1960 apostolice
1078 1894 1204 1943 sedis
1242 1894 1429 1958 legatus
1464 1893 1523 1941 ad
1558 1908 1723 1956 regem
1767 1893 1966 1942 Francie
1997 1897 2113 1942 tunc

336 1991 497 2026 versus
535 1979 804 2026 Tuscanam
829 1979 1104 2028 venientem
1135 1976 1311 2025 missus
1343 1977 1441 2042 (qui
1477 1976 1593 2041 [rex]
1621 1976 1780 2040 ipsum
1815 1977 2030 2041 legatum
2060 1981 2112 2025 ut

332 2059 478 2109 talem
508 2060 724 2125 recipere
747 2061 819 2110 vel
858 2061 1024 2110 audire
1057 2060 1253 2109 omnino
1281 2059 1553 2119 recusavit),
1590 2058 1651 2107 ad
1687 2059 1865 2108 Urbem
1894 2075 2112 2109 reversus

333 2149 422 2202 est,
452 2159 480 2191 a
505 2144 604 2192 suis
627 2144 856 2194 duntaxat
877 2145 1160 2204 associatus,
1185 2159 1282 2191 non
1311 2159 1339 2191 a
1356 2142 1562 2206 collegio
1579 2147 1660 2191 aut
1678 2158 1983 2207 quocumque
2005 2142 2112 2192 car-

333 2223 583 2274 dinalium.
1541 2275 1544 2280 ,

338 2352 341 2354 ,
397 2309 578 2357 Eadem
596 2309 671 2356 die
694 2308 819 2357 venit
840 2324 898 2357 ex
924 2309 1166 2357 Florentia
1192 2310 1252 2357 ad
1274 2310 1452 2358 Urbem
1479 2310 1734 2359 cardinalis
1755 2309 2106 2369 Macloviensis,

334 2391 477 2439 simili
497 2392 642 2441 modo
664 2392 949 2440 associatus.

399 2474 538 2524 Feria
576 2480 731 2537 sexta,
780 2479 808 2524 6
847 2475 960 2524 dicti
1004 2477 1184 2526 mensis
1225 2478 1404 2537 martii,
1453 2475 1656 2525 recessit
1689 2489 1748 2524 ex
1796 2474 1920 2523 Urbe
1954 2473 2111 2522 cardi-

333 2559 455 2607 nalis
487 2560 663 2608 Montis
700 2559 895 2623 Regatis
924 2576 951 2609 a
982 2560 1212 2625 pontifice
1244 2561 1418 2608 missus
1457 2559 1608 2608 iturus
1643 2562 1826 2623 Nepem
1852 2560 1946 2623 (1),
1968 2558 2110 2606 obses

332 2641 511 2691 ibidem
549 2659 894 2707 permansurus
941 2659 1190 2708 quousque
1231 2642 1486 2699 cardinalis
1525 2641 1759 2691 Ascanius
1808 2639 2109 2689 vicecancel-

331 2725 495 2785 larius,
535 2742 679 2789 quem
727 2726 961 2790 pontifiex
997 2726 1059 2775 ad
1103 2742 1152 2775 se
1200 2726 1364 2775 venire
1407 2725 1608 2784 vocavit,
1661 2724 1722 2772 ad
1766 2724 2109 2787 urbem'Nepe

332 2823 552 2856 reversus
597 2815 742 2868 esset,
790 2809 871 2873 qui
919 2809 1337 2858 vicecancellarius
1377 2812 1402 2855 7
1444 2807 1558 2856 dicti
1603 2807 1783 2856 mensis
1826 2806 1886 2854 ad
1927 2805 2103 2854 Urbem

335 2890 461 2938 venit
498 2895 544 2939 et
569 2890 618 2938 in
643 2891 821 2954 palatio
855 2893 1138 2955 apostolico,
1174 2891 1222 2940 in
1251 2890 1455 2939 cameris
1484 2890 1581 2938 suis
1615 2889 1892 2954 hospitatus
1918 2892 2014 2946 est3
2048 2887 2109 2935 ad

334 2974 512 3024 Urbem
544 2974 684 3023 rediit
713 2976 926 3038 prefatus
958 2975 1212 3024 cardinalis
1233 2974 1408 3022 Montis
1443 2973 1652 3037 RegaliS,
1676 2972 1787 3021 lune
1817 2976 1844 3020 9
1866 2970 2107 3036 presentis

333 3058 515 3106 mensis
538 3058 619 3124 (2).

382 3201 415 3238 1.
442 3202 549 3247 Nepi.
573 3200 670 3237 Telle
690 3205 746 3238 est,
765 3200 799 3238 la
818 3201 920 3246 lecon
940 3201 989 3237 du
1015 3212 1106 3238 mss,
1136 3202 1216 3238 149.
1240 3200 1289 3237 Le
1316 3199 1437 3248 Chigi,
1460 3200 1483 3237 f.
1508 3201 1576 3236 473
1604 3212 1654 3245 v.,
1677 3199 1709 3236 le
1729 3201 1877 3238 55222.
1905 3200 1930 3238 f.
1959 3202 2017 3238 602
2044 3197 2106 3249 qui

334 3257 366 3296 le
387 3260 571 3308 reproduit
590 3264 818 3297 exactement
837 3261 1000 3297 donnent
1018 3262 1039 3296 a
1058 3263 1131 3297 tort
1148 3261 1261 3305 Luoee,
1283 3260 1328 3306 de
1347 3262 1462 3295 meme
1482 3259 1565 3307 plus
1586 3259 1668 3305 bas,
1690 3261 1736 3297 ad
1757 3260 1884 3297 urbem
1903 3261 2015 3298 Luaee.

381 3320 416 3357 2.
511 3335 529 3353 «
551 3321 611 3356 Ma
630 3319 674 3368 ,in
699 3325 831 3368 questo
857 3331 969 3366 mezo,
997 3331 1061 3369 per
1090 3319 1366 3367 interpositione
1392 3319 1427 3355 di
1455 3318 1489 3355 la
1515 3319 1688 3367 Signoria
1713 3324 1841 3357 nostra
1866 3331 1932 3356 con
1954 3320 1985 3356 el
2014 3321 2106 3357 duca

333 3378 370 3417 di
395 3379 544 3426 Milan0‚
567 3379 598 3416 el
621 3380 705 3428 qual
732 3381 863 3417 mando
889 3379 999 3417 molto
1022 3379 1259 3417 celeramente
1285 3379 1412 3416 Alvixe
1441 3379 1600 3416 Becbeto
1626 3391 1648 3416 a
1672 3379 1778 3428 Nepi,
1802 3380 1838 3416 so
1864 3379 2053 3427 pacificato
2073 3379 2105 3415 le

333 3448 440 3475 cosse
460 3438 509 3475 dil
529 3439 688 3476 cardinal
708 3440 866 3477 Ascanio
890 3438 1183 3477 vicecancellario
1209 3451 1276 3476 con
1302 3439 1335 3476 el
1361 3439 1509 3476 Summo
1529 3431 1728 3485 Pontificc,
1744 3440 1810 3476 che
1838 3450 1939 3476 come
1965 3438 2105 3484 scrissi,

335 3498 379 3534 da
399 3499 458 3547 poi
480 3499 612 3548 partito
634 3499 666 3537 el
686 3501 741 3537 Re
760 3500 805 3536 de
827 3500 961 3538 Frauza
985 3499 1022 3536 di
1043 3500 1171 3545 Roma,
1194 3499 1255 3548 piu
1283 3511 1352 3536 non
1381 3511 1442 3537 era
1459 3499 1582 3536 voluto
1602 3500 1716 3536 andar
1739 3498 1896 3536 avRoma
1914 3497 2005 3536 ditto
2025 3510 2105 3535 car-
