2216 3886
161 295 268 334 [Mars
290 296 380 335 1499]
611 293 778 330 RERUM
812 292 1112 331 URBANARUM
1143 292 1491 330 COMMENTARII.
1869 293 1939 328 513

161 402 282 445 tum.
306 397 566 446 Celebrans
588 412 686 445 non
706 396 1029 460 pronuntiavit
1046 396 1388 460 indulgentias,
1414 409 1524 442 cum
1543 393 1637 442 sint
1657 392 1872 457 plenarie
1891 392 1939 440 in

159 480 302 529 valvis
336 480 541 529 ecclesie
575 479 834 544 publicate.
868 480 1014 528 Missa
1042 480 1193 539 finita,
1228 495 1400 529 omnes
1434 476 1704 526 cardinales
1734 475 1939 541 predicti

160 563 348 612 iverunt
370 563 431 611 ad
449 563 684 627 capellam
705 563 945 628 presentis
967 563 1222 612 cardinalis
1242 560 1559 625 Neapolitani,
1582 575 1728 624 quam
1746 559 1794 608 in
1813 558 1940 615 dicta

162 647 370 695 ecclesia
391 647 606 695 construi
627 646 742 695 fecit
763 647 824 695 ad
840 662 1070 711 pompam
1092 652 1139 696 et
1163 646 1382 710 gloriam.

229 730 482 779 Dominica
502 734 670 794 quarta
696 730 1080 794 quadragesime,
1109 746 1202 794 que
1223 730 1314 778 fuit
1338 733 1396 778 10
1417 728 1530 776 dicti
1551 726 1732 776 mensis
1759 728 1935 786 martii,

162 817 326 862 Rmus.
352 817 410 862 D.
441 812 698 862 cardinalis
721 815 969 862 Gurcenus
997 814 1255 863 celebravit
1275 813 1474 861 missam
1495 811 1765 859 solemnem
1785 810 1835 858 in
1855 827 1936 860 ca-

159 898 284 960 pella
305 897 536 961 predicta,
562 899 691 960 Papa
716 902 959 960 presente,
991 898 1090 959 qui,
1122 901 1233 945 ante
1261 896 1517 944 adventum
1539 910 1680 942 suum
1709 894 1757 941 in
1779 894 1939 958 capel-

158 981 273 1040 lam,
304 996 464 1028 rosam
494 980 543 1027 in
574 995 767 1028 camera
795 980 1034 1043 papagalli
1063 979 1307 1029 benedixit
1333 982 1381 1028 et
1408 979 1456 1025 in
1488 993 1632 1025 manu
1662 977 1854 1025 sinistra
1879 978 1940 1025 ad

157 1063 334 1112 dictam
356 1062 591 1126 capellam
613 1064 832 1127 portavit,
864 1080 1000 1113 more
1024 1065 1183 1113 solito.
1210 1067 1497 1113 Sermonem
1524 1062 1638 1111 fecit
1657 1067 1940 1126 procurator

155 1146 337 1194 ordinis
361 1146 738 1195 carmelitarum.
764 1147 920 1195 Finita
943 1148 1108 1207 missa,
1135 1150 1265 1212 Papa
1285 1147 1547 1211 reportavit
1573 1162 1721 1194 manu
1747 1145 1939 1194 sinistra

154 1247 315 1279 rosam
337 1231 398 1279 ad
424 1247 667 1280 cameram
689 1232 976 1297 predictam,
1007 1237 1053 1281 et
1082 1232 1175 1280 alia
1201 1231 1454 1280 observata
1480 1233 1592 1278 sunt
1616 1245 1752 1277 more
1774 1229 1932 1277 solito.

155 1317 240 1363 SS.
276 1318 332 1362 D.
363 1317 420 1363 N.
453 1315 718 1378 expectavit
744 1330 922 1378 magno
953 1330 1064 1363 cum
1095 1315 1336 1364 desiderio
1365 1318 1610 1373 Cesarem,
1636 1314 1751 1362 olim
1779 1314 1936 1361 cardi—

154 1398 314 1446 nalem
335 1397 665 1456 Valentinum,
696 1398 850 1446 filium
873 1414 1014 1446 suum
1038 1399 1335 1447 contraxisse
1364 1404 1412 1448 et
1439 1413 1805 1447 consummasse
1833 1412 1936 1445 ma-

155 1481 433 1530 trimonium
455 1497 566 1530 cum
585 1481 685 1529 filia
701 1482 828 1546 regis
847 1482 1168 1547 Neapolitani,
1189 1483 1333 1547 idque
1357 1482 1446 1531 sibi
1465 1482 1757 1541 nuntiatum,
1782 1498 1934 1545 usque

154 1567 203 1613 in
224 1566 349 1613 hanc
368 1565 497 1615 diem
515 1565 769 1624 ethoram,
795 1570 842 1615 et
860 1571 1119 1630 propterea
1137 1566 1226 1614 sibi
1248 1552 1407 1615 rosam
1429 1566 1694 1631 predictam
1711 1564 1761 1612 in
1778 1565 1936 1614 hono—

153 1664 256 1697 rem
278 1653 325 1695 et
344 1647 546 1711 gloriam
569 1647 855 1707 destinaret;
882 1647 969 1696 sed
990 1648 1128 1697 aliter
1149 1649 1400 1709 successit,
1425 1652 1478 1697 ut
1499 1648 1547 1695 in
1568 1649 1678 1698 loco
1701 1665 1787 1697 suo
1809 1648 1934 1697 infe-

154 1731 252 1779 rius
274 1731 459 1779 dicetur
480 1731 565 1791 (1).

216 1815 353 1864 Feria
381 1814 610 1873 secunda,
646 1819 697 1862 11
731 1815 842 1864 dicti
873 1816 1054 1864 mensis
1082 1817 1258 1876 martii,
1291 1816 1378 1864 fuit
1410 1816 1660 1880 publicum
1691 1817 1932 1865 consisto-

152 1899 276 1948 rium
296 1899 346 1946 in
365 1899 506 1948 tertia
523 1899 631 1947 aula
651 1899 812 1963 palatii
831 1900 1081 1963 apostolici
1103 1899 1232 1964 apud
1249 1916 1289 1947 s.
1310 1885 1524 1958 Petrum,
1544 1900 1767 1949 videlicet
1784 1900 1833 1948 in
1850 1900 1933 1948 illa

152 1999 245 2047 que
275 1987 349 2032 est
377 1983 597 2047 proxima
629 1998 822 2032 camere
851 1984 1139 2047 paramenti.
1174 1986 1304 2047 Papa
1334 1984 1463 2032 venit
1495 1983 1557 2031 ad
1589 1982 1930 2031 consistorium

151 2071 412 2130 antequam
437 2072 653 2115 oratores
674 2067 890 2115 venirent
917 2066 978 2114 ad
1006 2066 1256 2130 palatium,
1291 2067 1376 2115 sed
1404 2066 1566 2115 statim
1593 2070 1764 2130 postea
1785 2082 1932 2115 vene-

151 2155 277 2199 runt.
306 2151 558 2215 Proposita
584 2152 778 2200 fuerunt
800 2157 1008 2215 quatuor
1028 2151 1416 2200 commissiones.
1449 2151 1660 2200 Primam
1681 2151 1933 2215 proposuit

150 2237 207 2282 D.
244 2234 530 2283 Octavianus
557 2235 617 2283 de
649 2237 793 2294 SeXO,
828 2235 1092 2284 secundam
1123 2237 1180 2282 D.
1204 2234 1420 2283 ,Iustinus
1452 2234 1511 2283 de
1543 2234 1806 2293 ValesticO,
1834 2238 1933 2283 ter-

148 2317 263 2365 tiam
285 2319 342 2365 D.
366 2317 578 2381 Angelus
607 2318 666 2367 de
688 2317 839 2379 Cesis,
870 2322 918 2367 et
944 2322 1166 2382 quartam
1192 2320 1248 2366 D.
1275 2318 1555 2382 Alphonsus
1582 2317 1641 2366 de
1664 2320 1928 2376 Recaneto,

149 2400 364 2448 advocati
408 2401 782 2450 consistoriales.
829 2404 1026 2466 Incepta
1068 2406 1263 2465 quarta,
1309 2401 1480 2450 ivimus
1526 2417 1612 2466 pro
1658 2401 1931 2449 oratoribus

149 2483 315 2547 regine
346 2484 565 2544 Francie,
600 2485 791 2534 ducisse
825 2485 1089 2543 Britannie,
1123 2485 1204 2548 qui
1235 2485 1282 2533 in
1313 2501 1460 2549 parva
1489 2485 1674 2549 capella
1703 2489 1931 2548 expecta-

149 2566 288 2623 bant;
310 2565 582 2631 ‘episcopus
619 2571 667 2616 et
698 2569 1059 2631 protonotarius
1097 2573 1391 2632 acceperunt
1422 2584 1599 2632 cappas
1630 2585 1759 2627 suas,
1794 2583 1929 2616 more

150 2649 315 2709 solito;
348 2650 570 2698 associati
599 2650 774 2699 deinde
801 2651 997 2700 fuerunt
1024 2652 1083 2700 ad
1114 2651 1455 2700 consistorium
1481 2651 1772 2716 predictum,
1801 2651 1930 2715 epis-

149 2748 300 2797 copus
322 2733 511 2781 medius
532 2733 657 2782 inter
676 2734 1011 2784 Arelatensem
1028 2751 1055 2783 a
1076 2735 1254 2785 dextris
1276 2740 1324 2784 et
1344 2735 1642 2799 Ragusinum
1664 2735 1929 2800 archiepis-

151 2832 327 2881 copum
349 2834 378 2865 a
404 2817 631 2877 sinistris;
663 2818 802 2866 miles
832 2818 957 2866 inter
983 2819 1219 2874 Nolanum
1247 2836 1276 2867 a
1302 2819 1482 2867 dextris
1511 2822 1559 2867 et
1584 2822 1928 2868 Zamorensem

149 2900 429 2965 episcopum
457 2916 485 2949 a
511 2900 739 2961 sinistris;
766 2902 1126 2965 protonotarius
1150 2903 1277 2951 inter
1295 2905 1608 2951 Parmensem
1632 2919 1660 2951 a
1679 2902 1858 2951 dextris
1881 2906 1929 2951 et

147 2986 522 3034 Cesenatensem
542 2984 824 3049 episcopum
846 3001 874 3033 a
894 2985 1117 3046 sinistriS,
1150 2988 1234 3035 SS.
1267 2989 1324 3035 D.
1355 2989 1412 3035 N.
1442 3002 1566 3050 pape
1596 2987 1922 3036 assistentem.

146 3065 344 3129 Recepti
362 3081 391 3113 a
417 3067 502 3113 SS.
529 3068 584 3113 D.
610 3068 667 3113 N.
691 3066 751 3113 ad
772 3067 990 3115 osculum
1014 3067 1151 3131 pedis
1173 3073 1220 3116 et
1242 3084 1440 3128 manus3
1466 3072 1514 3115 et
1538 3068 1794 3132 episcopus
1820 3085 1927 3132 pre-

145 3147 347 3196 sentavit
367 3147 616 3196 Sanctitati
631 3165 715 3196 sue
730 3149 913 3198 litteras
927 3150 1115 3198 clausas
1128 3155 1174 3199 et
1190 3151 1307 3199 alias
1319 3155 1541 3215 patentes
1555 3156 1745 3214 apertas
1759 3152 1925 3215 regine

192 3297 225 3333 1.
255 3310 273 3329 «
361 3299 397 3331 et
417 3306 482 3331 soa
502 3294 646 3332 Santita
665 3297 684 3331 ὲ
705 3295 845 3333 avisato
866 3296 899 3332 la
919 3295 1083 3344 praticha
1102 3297 1152 3333 dil
1178 3297 1406 3334 matrimonio
1428 3296 1477 3332 dil
1498 3295 1559 3332 fiol
1579 3296 1615 3332 in
1635 3296 1772 3335 Franza
1791 3302 1811 3336 e
1830 3300 1926 3336 anda

144 3355 180 3391 in
205 3355 318 3401 fumo,
352 3370 370 3387 υ
409 3353 573 3391 mandait
607 3353 896 3392 l'ambassadeur
926 3355 1085 3392 venitien
1116 3358 1138 3392 a
1170 3355 1205 3392 la
1236 3356 1320 3392 date
1352 3355 1402 3391 du
1436 3356 1480 3391 12
1507 3366 1617 3391 mars.
1648 3355 1739 3405 Voy.
1768 3358 1923 3405 Sanuto,

147 3413 214 3452 col.
229 3414 314 3452 530.

340 3510 373 3534 τ.
397 3510 432 3534 ιι.
1693 3502 1738 3538 33
