2216 3886
329 292 399 327 59⁷1
942 288 1171 324 JOHANNffi
1208 286 1500 330 ssURCHARDI,
1781 289 1986 329 {Decembre
2010 293 2103 332 1499]

331 391 549 440 ecclesiis
580 391 693 448 suis,
728 389 841 436 dum
870 389 1026 451 maj0r
1053 388 1167 435 inibi
1193 387 1355 451 populi
1379 385 1634 434 multitudo
1662 388 1723 435 ad
1748 388 1905 438 divina
1931 407 2102 442 conve-

329 475 472 532 nerit,
492 472 772 521 solemniter
785 471 1045 534 publicent,
1066 474 1113 518 et
1132 470 1192 518 ad
1210 469 1381 517 Christi
1403 469 1620 518 fidelium
1638 476 1826 519 mentes
1843 473 2096 536 deducant,

330 557 555 605 nuntient
571 561 617 602 et
636 554 900 602 declarent.

398 638 522 687 Nulli
559 653 673 700 ergo
712 635 910 683 omnino
947 635 1199 683 hominum
1232 635 1376 684 liceat
1407 636 1534 683 hanc
1566 636 1791 701 paginam
1824 644 1989 689 nostre
2022 657 2103 706 ap-

331 720 647 786 probationis,
678 718 995 767 innovationis
1033 724 1077 767 ot
1113 719 1458 783 suspensionis,
1482 720 1754 781 voluntatis,
1784 721 2097 784 inhibitionis,

330 803 685 853 constitutionis
726 807 773 851 et
806 801 1016 850 mandati
1056 801 1314 866 infringere
1352 802 1426 850 vel
1460 802 1503 850 ei
1539 818 1658 850 ausu
1700 805 1957 855 temerario
1989 823 2103 856 con-

328 889 488 937 traire.
518 887 565 936 Si
588 886 694 950 quis
719 891 881 934 autem
902 886 997 933 hoc
1019 889 1304 949 attemptare
1326 887 1689 950 presumpserit,
1715 887 2097 952 indignationem

329 970 671 1034 omnipotentis
707 969 793 1017 Dei
827 985 881 1016 ac
910 968 1158 1017 beatorum
1185 968 1310 1031 Petri
1341 973 1388 1017 et
1410 969 1542 1017 Pauli
1563 970 1891 1033 apostolorum
1918 974 2021 1037 ejus
2047 991 2097 1023 se

328 1053 511 1102 noverit
549 1053 875 1100 incursurum.
915 1054 1085 1100 Datum
1122 1055 1272 1101 Rome
1303 1051 1430 1116 apud
1464 1069 1501 1099 s.
1543 1055 1755 1113 Petrum,
1788 1070 1914 1104 anno
1942 1056 2098 1106 incar-

327 1136 532 1185 nationis
579 1136 819 1184 dominice
866 1140 1004 1195 1499,
1038 1137 1190 1200 pridie
1226 1136 1333 1185 idus
1378 1137 1563 1200 aprilis,
1600 1138 1909 1200 pontificatus
1942 1142 2094 1191 nostri

324 1237 448 1268 anno
470 1222 533 1269 VI
542 1257 551 1266 .

388 1303 494 1350 Fuit
530 1303 694 1364 etiam,
729 1304 855 1352 dicta
885 1304 961 1352 die
996 1303 1254 1362 dominica,
1291 1320 1402 1352 cum
1431 1304 1752 1369 publicatione
1781 1306 1936 1370 prime
1966 1309 2095 1359 hulle

327 1386 539 1451 predicte
561 1387 771 1451 publice,
798 1403 886 1451 per
909 1387 1134 1436 eumdem
1157 1387 1413 1436 officialem
1442 1404 1530 1452 per
1549 1388 1726 1437 Urbem
1748 1391 2094 1453 proclamatum

326 1469 455 1532 quod
488 1469 644 1517 omnis
679 1470 881 1518 clericus
915 1471 1053 1519 Urbis
1084 1471 1258 1519 debeat
1286 1472 1346 1519 ad
1378 1472 1548 1519 horam
1579 1487 1903 1535 vesperarum,
1936 1476 2094 1539 vigilie

324 1553 579 1601 nativitatis
612 1554 827 1617 predicte
859 1555 919 1602 ad
949 1554 1195 1602 basilicam
1226 1571 1263 1602 s.
1299 1555 1445 1614 Petri,
1480 1556 1902 1619 processionaliter
1932 1559 2093 1607 venire

321 1641 369 1685 et
399 1643 622 1702 aperture
652 1644 787 1701 porte
819 1654 963 1686 auree
994 1629 1174 1686 ibidem
1201 1637 1463 1698 interesse3
1498 1639 1627 1701 quod
1655 1639 1703 1686 in
1734 1640 1810 1688 die
1838 1641 2092 1690 nativitatis

320 1724 550 1783 sequente
572 1725 681 1784 post
701 1721 878 1769 dictam
899 1737 986 1784 per
1007 1723 1089 1769 SS.
1117 1723 1173 1768 D.
1199 1723 1254 1769 N.
1280 1720 1479 1768 missam
1499 1721 1736 1785 maj0rem
1758 1723 2094 1773 ostenderetur

316 1803 471 1852 vultus
493 1804 703 1851 Domini.

381 1889 434 1934 ln
463 1892 606 1936 nocte
638 1888 860 1951 sequenti
889 1887 1131 1936 dominice
1158 1888 1418 1951 presentis,
1450 1870 1623 1936 nobilis
1650 1888 1718 1936 vir
1751 1892 1808 1937 D.
1842 1890 2089 1941 Johannes

318 1970 551 2019 Cervillon
589 1971 858 2031 Catalanus,
896 1971 1051 2031 miles,
1091 1987 1247 2035 nuper
1284 1971 1564 2035 capitaneus
1601 1972 1816 2036 gentium
1849 1989 2090 2023 armorum

319 2056 402 2102 SS.
434 2056 492 2101 D.
523 2055 578 2103 N.
613 2070 754 2119 pape,
788 2054 868 2118 qui
900 2070 1010 2102 cum
1041 2054 1201 2102 multis
1229 2054 1505 2103 inimicitias
1532 2055 1760 2115 habebat,
1791 2056 2091 2106 ordinaverat

317 2152 488 2185 cenam
512 2139 671 2186 facere
693 2139 743 2185 in
763 2139 907 2186 domo
937 2124 1110 2186 nobilis
1136 2138 1223 2186 viri
1252 2141 1309 2186 D.
1335 2138 1479 2186 Elisei
1502 2138 1560 2187 de
1583 2139 1866 2202 Pignatello,
1899 2143 2089 2205 Neapo-

314 2220 468 2280 litani,
502 2221 666 2269 militis
698 2221 879 2269 ordinis
910 2239 948 2269 s.
981 2221 1215 2269 Johannis
1248 2221 1674 2280 Hierosolimitani,
1699 2238 1791 2285 que
1823 2222 1912 2270 sita
1939 2228 2010 2271 est
2038 2224 2087 2271 in

315 2304 535 2368 opposito
558 2305 727 2353 domus
756 2305 879 2353 Rmi.
909 2307 966 2352 D.
998 2304 1395 2363 vicecancellarii,
1419 2304 1466 2351 in
1488 2305 1641 2352 viculo
1662 2320 1750 2368 per
1770 2320 1915 2368 quem
1934 2306 1992 2354 de
2013 2306 2089 2354 via

312 2392 447 2435 recta
475 2388 571 2436 itur
609 2387 670 2435 ad
704 2389 932 2452 plateam,
966 2403 1058 2451 que
1096 2392 1169 2436 est
1202 2391 1312 2436 ante
1344 2387 1583 2435 stabulum
1615 2388 1833 2452 ejusdem
1865 2389 2088 2437 vicecan-

237 2475 240 2478 ’
312 2470 509 2519 cellarii.
536 2474 710 2520 Fuerat
732 2476 890 2520 autem
912 2471 1041 2519 idem
1064 2471 1308 2519 Johannes
1338 2471 1384 2518 in
1414 2487 1521 2519 sero
1550 2475 1659 2520 ante
1689 2472 1860 2520 horam
1887 2488 2007 2520 cene
2028 2472 2089 2520 ad

313 2553 511 2602 domum
539 2556 663 2603 Rmi.
695 2559 753 2604 D.
786 2554 1042 2603 cardinalis
1070 2572 1108 2602 s.
1141 2554 1323 2614 Crucis,
1355 2553 1438 2617 ‘qui
1466 2553 1741 2602 inimicitias
1770 2556 1826 2601 D.
1856 2553 2087 2602 Johannis

313 2653 410 2685 non
440 2639 666 2701 ignorans
696 2638 945 2686 admonuit
975 2638 1110 2685 illum
1143 2643 1343 2702 paterne
1374 2653 1433 2686 ne
1466 2637 1548 2686 illo
1579 2653 1686 2686 sero
1718 2637 1913 2686 domum
1947 2653 2085 2685 suam

315 2721 487 2781 exiret;
518 2722 759 2770 mandavit
789 2722 934 2770 etiam
965 2722 1274 2770 servitoribus
1305 2721 1402 2768 suis
1428 2737 1489 2770 ne
1516 2721 1650 2769 illum
1678 2721 1807 2770 exire
1835 2721 2086 2784 permitte-

314 2809 437 2853 rent.
462 2805 781 2853 Nihilominus
803 2821 913 2852 cum
936 2820 1086 2866 usque
1109 2804 1167 2851 ad
1188 2803 1359 2851 horam
1386 2803 1575 2850 tertiam
1595 2803 1668 2850 vel
1695 2803 1820 2851 circa
1840 2802 2084 2866 predictus

314 2890 370 2935 D.
397 2887 580 2935 Eliseus
603 2887 683 2951 qui
706 2903 815 2935 eum
838 2888 897 2935 ad
918 2903 1087 2934 cenam
1111 2886 1395 2949 expectabat
1414 2901 1502 2948 per
1521 2884 1734 2933 diversos
1755 2884 1947 2932 nuntios
1972 2900 2083 2933 eum

312 2970 751 3025 vocaverat,'‘exivit
778 2969 906 3018 circa
928 2969 1099 3017 horam
1123 2968 1388 3032 predictam
1410 2970 1467 3015 D.
1492 2968 1737 3016 Johannes
1760 2984 1784 3015 0
1808 2967 1951 3015 domo
1979 2983 2085 3016 car-

309 3052 479 3100 dinalis
502 3069 541 3099 s.
567 3052 731 3100 Crucis
754 3056 799 3100 et
821 3050 947 3100 venit
967 3051 1027 3099 ad
1049 3051 1246 3098 domum
1268 3050 1379 3099 dicti
1401 3053 1458 3098 D.
1490 3051 1630 3099 Elisei
1653 3051 1734 3098 ubi
1756 3067 1926 3099 cenam
1948 3051 2079 3109 fecit,

308 3136 385 3183 cui
411 3135 730 3212 interfuerunt
752 3134 839 3199 ipsi
871 3135 964 3183 duo
994 3137 1050 3182 D.
1083 3134 1328 3182 Johannes
1357 3138 1404 3182 et
1431 3136 1489 3182 D.
1522 3134 1706 3182 Eliseus
1737 3149 1888 3197 nepos
1911 3137 1967 3182 D.
2001 3135 2083 3181 Jo-

307 3217 497 3279 hannis,
524 3223 571 3267 et
598 3218 792 3282 quidam
821 3218 940 3266 alius
970 3233 1138 3266 eorum
1169 3218 1352 3266 amicus
1380 3223 1523 3281 atque
1551 3234 1647 3266 una
1673 3218 1847 3267 mulier
1867 3215 2078 3265 curialis.

309 3303 437 3350 Cena
457 3302 598 3361 facta,
626 3302 770 3350 voluit
789 3302 916 3351 idem
935 3303 992 3349 D.
1013 3300 1258 3350 Johannes
1277 3301 1475 3349 domum
1492 3301 1758 3365 predictam
1780 3301 1929 3359 exire,
1954 3297 2083 3362 quod

310 3385 553 3448 predictus
576 3388 631 3432 D.
658 3385 842 3434 Eliseus
865 3384 1061 3433 omnino
1084 3384 1265 3433 studuit
1286 3384 1328 3433 ei
1349 3384 1625 3447 prohibere.
1653 3384 1791 3441 Quod
1811 3399 1919 3432 cum
1939 3380 2081 3430 nullis
