2202 3926
199 353 284 394 [Mai
306 353 396 394 1494]
645 352 812 389 RERUM
846 351 1150 388 URBANARUM
1183 352 1532 389 COMMENTAHII.
1911 353 1979 388 179

201 461 248 505 et
281 471 434 519 usque
467 454 529 503 ad
562 438 762 503 domum
789 469 959 503 eorum
991 453 1189 518 hospitii
1215 453 1457 513 associati,
1484 457 1532 501 et
1566 452 1614 500 in
1637 451 1714 500 die
1736 454 1974 514 sequenti,

200 555 291 602 que
313 539 399 587 fuit
418 538 573 603 vigilia
593 541 926 594 Pentecostes,
942 542 1180 587 venerunt
1199 538 1318 585 hora
1332 552 1646 600 vesperorum
1669 535 1728 583 ad
1749 535 1978 599 palatium

199 622 515 686 apostolicum
550 621 698 670 iidem
731 625 948 671 oratores
983 627 1031 670 et
1059 622 1108 669 in
1142 636 1334 670 camera
1367 620 1606 684 papagalli
1635 619 1836 668 osculati
1870 623 1978 666 sunt

199 706 373 770 pedem
395 722 517 771 pape
540 711 588 755 et
609 710 843 755 venerunt
865 721 975 754 cum
998 721 1056 754 eo
1075 705 1136 753 ad
1150 721 1397 769 vesperaS,
1422 708 1473 753 ut
1491 703 1570 752 alii
1591 700 1674 766 (1).

266 790 495 849 Sabbato,
534 794 589 838 17
621 789 753 849 maii,
777 789 938 853 vigilia
969 790 1301 844 PentecosteS,
1326 787 1530 836 mutatio
1567 799 1848 850 capparum,
1874 782 1979 829 fue-

199 879 310 922 runt
339 889 542 939 vespere
571 873 767 937 papales
793 873 843 920 in
870 873 1054 937 capella
1074 874 1258 937 maJore
1292 871 1474 935 palatii,
1500 874 1628 934 Papa
1659 871 1904 934 presente,
1930 870 1978 914 et

199 957 277 1006 die
314 957 554 1022 sequenti,
592 957 770 1005 festum
800 958 1131 1015 pentecostes,
1159 955 1248 1003 fuit
1273 954 1423 1002 missa
1443 953 1674 1002 solemnis
1703 952 1753 999 in
1779 950 1978 999 basilica

199 1041 352 1090 sancti
387 1040 534 1100 Petri,
567 1054 712 1103 quam
751 1038 1010 1088 celebravit
1043 1041 1210 1087 Rmus.
1248 1040 1306 1086 D.
1340 1037 1597 1086 cardinalis
1637 1033 1975 1085 Ulixbonensis

195 1124 341 1172 etiam
363 1126 492 1186 Papa
510 1125 754 1185 presente.

261 1206 491 1265 Sabbato,
513 1208 573 1253 24
601 1205 732 1265 maii,
757 1204 916 1269 vigilia
936 1205 1240 1254 sanctissime
1267 1204 1527 1263 Trinitatis,
1552 1204 1746 1252 fuerunt
1774 1217 1973 1266 vespere

196 1291 442 1340 solemnes
462 1288 511 1337 in
527 1286 713 1353 capella
730 1288 913 1352 maj0re
931 1289 1115 1352 palatii,
1134 1291 1265 1353 Papa
1283 1292 1529 1352 presente,
1556 1292 1603 1335 et
1625 1287 1702 1334 die
1729 1285 1967 1349 sequenti,

193 1375 369 1423 festum
390 1372 630 1437 ejusdem,
654 1370 804 1420 missa
829 1371 1060 1420 solemnis
1075 1372 1123 1420 in
1146 1372 1336 1432 eadem,
1360 1386 1506 1435 quam
1529 1369 1786 1418 celebravit
1803 1373 1969 1417 Rmus.

194 1460 253 1505 D.
285 1455 554 1506 cardinales
585 1454 859 1515 GurcensiS,
891 1454 1037 1504 etiam
1075 1459 1205 1521 Papa
1236 1459 1464 1520 presente
1500 1474 1508 1503 :
1547 1469 1827 1505 sermonem
1860 1454 1974 1504 fecit

192 1539 388 1604 quidam
407 1539 556 1588 frater
576 1539 759 1588 ordinis
777 1539 1036 1588 Minorum.

256 1623 394 1672 Feria
424 1626 610 1686 quarta,
635 1625 696 1670 28
727 1623 909 1671 mensis
940 1621 1072 1681 maii,
1105 1621 1265 1687 vigilia
1284 1623 1501 1688 corporis
1520 1622 1711 1682 Christi,
1742 1638 1840 1672 non
1867 1623 1972 1672 fue-

194 1712 305 1757 runt
333 1723 533 1772 vespere
564 1707 808 1756 solemnes
841 1705 1056 1770 papaleS,
1087 1709 1135 1754 et
1167 1705 1218 1754 in
1250 1722 1411 1767 mane,
1443 1707 1568 1756 festo
1605 1706 1843 1771 ejusdem,
1875 1722 1970 1754 non

194 1791 282 1840 fuit
300 1791 548 1855 processio
569 1794 764 1855 propter
784 1790 1009 1838 timorem
1036 1790 1204 1854 pestis,
1230 1791 1317 1839 sed
1342 1790 1489 1839 missa
1509 1794 1698 1839 tantum
1718 1790 1767 1838 in
1789 1790 1973 1854 capella

192 1875 378 1939 majore
400 1874 581 1938 palatii,
605 1889 749 1937 quam
772 1873 1031 1922 celebravit
1055 1877 1223 1922 Rmus.
1246 1877 1303 1922 D.
1330 1874 1586 1922 cardinalis
1615 1874 1769 1922 sancti
1798 1873 1973 1938 Dyoni-

193 1958 267 2018 sii,
294 1960 423 2021 Papa
439 1946 684 2021 presente,
709 1961 756 2005 et
782 1972 877 2005 non
896 1956 984 2004 fuit
1003 1957 1216 2020 positum
1238 1963 1597 2006 sacramentum
1618 1973 1763 2021 supra
1785 1957 1932 2005 altare
1957 1973 1966 2003 :

192 2041 363 2089 fuisset
383 2045 546 2088 tamen
563 2039 855 2088 conveniens
877 2039 1051 2088 fecisse
1073 2055 1132 2088 ex
1152 2056 1297 2104 parva
1316 2041 1500 2104 capella
1517 2041 1578 2089 ad
1598 2040 1837 2104 maiorem
1860 2055 1969 2088 cum

193 2128 497 2173 sacramento
526 2122 890 2187 processionem
913 2126 960 2171 et
978 2122 1096 2170 illud
1117 2124 1338 2187 posuisse
1361 2140 1505 2188 super
1526 2124 1674 2172 altare
1702 2124 1970 2172 secundum

192 2223 398 2266 morem,
424 2206 510 2256 sed
529 2222 627 2255 non
654 2206 741 2254 fuit
763 2206 870 2254 heri
899 2210 1256 2255 sacramentum
1283 2207 1333 2255 in
1362 2207 1548 2271 capella
1576 2212 1902 2266 reservatum,
1924 2212 1971 2256 et

189 2290 443 2355 premissa,
467 2306 546 2338 me
567 2305 665 2338 non
682 2289 996 2354 interrogato,
1021 2290 1146 2339 facta
1159 2290 1555 2340 inconvenienter
1573 2291 1706 2340 satis.

258 2374 442 2424 Eodem
474 2374 569 2434 die,
603 2373 726 2422 festo
762 2373 978 2438 corporis
1013 2373 1206 2434 Christi,
1240 2374 1380 2423 rediit
1404 2391 1462 2424 ex
1495 2375 1695 2439 Neapoli
1718 2379 1884 2424 Rmus.
1909 2379 1966 2424 D.

190 2457 445 2508 cardinalis
466 2456 642 2506 Montis
665 2456 858 2520 Regalis
876 2456 1064 2521 legatus
1080 2457 1138 2505 de
1159 2457 1313 2506 latere
1336 2462 1384 2507 et
1400 2458 1446 2506 in
1462 2458 1640 2522 palatio
1658 2460 1969 2508 Lateranensi

191 2530 458 2606 expectavit
480 2548 639 2604 ‘usque
670 2539 732 2588 ad
758 2545 955 2589 noctem
986 2540 1035 2588 in
1066 2557 1162 2604 qua
1194 2541 1426 2605 equitavit
1453 2558 1564 2591 cum
1595 2559 1682 2591 sua
1716 2543 1894 2592 familia
1924 2547 1971 2591 et

190 2625 415 2674 comitiva
446 2624 508 2672 ad
540 2622 773 2688 palatium
809 2623 1150 2687 apostolicum,
1174 2625 1356 2689 absque
1378 2626 1693 2675 cardinalium
1727 2626 1966 2685 comitiva,

190 2713 388 2772 propter
406 2707 587 2756 dictum
608 2706 877 2771 periculum
896 2707 1063 2771 pestis.

257 2791 396 2839 Feria
424 2796 575 2851 sexta,
607 2794 668 2840 30
698 2790 829 2850 maii,
862 2791 990 2840 circa
1014 2791 1186 2840 horam
1213 2791 1496 2856 vigesimam
1523 2792 1746 2856 primam,
1780 2793 1969 2842 intravit

193 2876 371 2925 Urbem
403 2891 490 2940 per
529 2878 719 2940 portam
763 2874 988 2924 viridarii
1033 2875 1317 2939 magnificus
1363 2879 1421 2924 D.
1468 2862 1630 2925 orator
1675 2877 1970 2925 serenissimi

191 2961 319 3025 regis
348 2965 396 3009 et
421 2959 589 3023 regine
619 2959 977 3024 Hispaniarum,
1000 2961 1265 3010 associatus
1296 2977 1324 3009 a
1352 2961 1546 3009 familiis
1574 2964 1703 3025 Pape
1730 2966 1776 3010 et
1807 2967 1970 3011 sancte

193 3044 464 3104 Anastasie,
489 3043 900 3108 Carthaginiensis
929 3049 975 3092 et
1004 3044 1156 3094 sancti
1175 3045 1368 3110 Georgii
1399 3044 1712 3094 cardinalium
1740 3061 1891 3108 usque
1913 3045 1972 3092 ad

242 3243 274 3280 1.
304 3241 517 3278 L’entrevue
539 3239 603 3276 des
624 3238 905 3277 ambassadeurs
925 3252 1011 3276 avec
1031 3239 1063 3276 le
1082 3241 1179 3287 Pape
1204 3240 1260 3276 fut
1285 3240 1348 3276 des
1375 3240 1459 3288 plus
1487 3251 1698 3287 orageuses.
1720 3241 1802 3276 Aux
1832 3244 1970 3289 protes-

192 3303 328 3340 tations
347 3301 411 3337 des
439 3298 720 3336 ambassadeurs
739 3299 912 3346 franceis,
934 3303 1057 3336 contre
1083 3299 1321 3336 l’investiture
1342 3300 1388 3335 du
1418 3311 1589 3347 royaume
1611 3300 1654 3335 de
1679 3300 1812 3348 Naples
1834 3301 1973 3337 donne.»

193 3366 214 3400 ξι
239 3362 440 3410 Alphonse,
470 3356 501 3394 le
527 3357 627 3405 Pape
653 3359 820 3405 repondit
846 3371 916 3407 que
942 3363 1034 3395 cette
1060 3358 1273 3395 investiture
1301 3358 1386 3394 etait
1412 3357 1585 3405 legitime,
1615 3371 1685 3406 que
1710 3358 1746 3395 la
1770 3372 1887 3395 venue
1910 3360 1972 3394 des

194 3420 366 3466 Francais
384 3431 429 3455 en
447 3416 546 3454 Italie
562 3415 669 3465 jetait
687 3429 726 3453 ce
746 3428 838 3466 pays
858 3418 949 3454 dans
964 3417 995 3454 le
1016 3417 1157 3454 trouble
1178 3422 1214 3454 et
1230 3417 1357 3462 forcait
1375 3417 1561 3464 Alphonse
1582 3420 1604 3454 a
1622 3418 1769 3466 appeler
1789 3419 1839 3454 les
1861 3419 1973 3454 Tur-cs

194 3485 216 3519 a
232 3493 297 3518 son
314 3489 475 3517 secours.
496 3476 591 3524 Voy.
608 3475 643 3511 la
655 3476 803 3521 Leqacio
817 3477 1018 3518 Gallicana,
1040 3476 1132 3513 dans
1155 3476 1350 3524 Godesroy,
1372 3478 1467 3512 IIISI.
1492 3478 1534 3512 (le
1556 3478 1703 3514 Charles
1724 3479 1817 3521 VIII,
1833 3490 1866 3524 p.
1889 3477 1970 3513 238.
