2202 3926
137 340 241 382 [Mars
262 338 355 376 1493]
580 332 751 369 RERUM
784 329 1087 389 URBANARUM
1121 329 1474 366 COMMENTARH.
1883 334 1930 369 57

136 443 324 501 habuit,
358 445 407 488 et
436 438 556 487 mihi
586 437 676 502 ipsi
709 437 854 500 longe
889 431 1255 482 convenientius
1285 430 1539 480 videbatur
1568 434 1616 479 et
1646 432 1832 480 videtur
1862 435 1930 481 sic

139 526 261 585 fieri,
301 539 444 588 quam
481 523 609 571 solos
642 521 852 586 prelatos
879 535 908 567 a
940 518 1092 566 choro
1123 519 1251 580 Pape
1289 530 1534 579 separare,
1568 515 1777 563 maxime
1816 532 1926 563 cum

143 610 321 658 chorus
347 608 450 672 ipse
474 611 572 656 tam
597 605 784 669 amplus
817 604 878 652 sit
907 607 956 652 et
985 601 1241 666 spatiosus,
1277 599 1406 664 quod
1436 599 1486 646 in
1515 614 1573 648 eo
1603 615 1773 648 omnes
1796 615 1931 648 com-

143 695 286 744 mode
307 692 456 742 locari
477 690 680 755 possint.
707 691 938 737 Cantores
956 685 1106 735 nostri
1130 687 1368 733 steterunt
1389 687 1520 731 retro
1542 682 1711 743 altare,
1737 682 1931 746 quidam

147 795 206 828 ex
224 778 293 827 eis
315 777 364 825 in
392 773 760 840 superpelliciis,
792 772 986 836 quidam
1014 770 1135 818 sine.
1167 768 1324 817 Finita
1348 767 1498 816 missa
1525 771 1572 816 et
1596 766 1937 816 benedictione

147 880 235 928 per
272 865 453 925 Papam
493 859 622 918 data,
664 873 762 906 non
805 858 1001 905 fuerunt
1039 856 1148 903 date
1195 851 1519 915 indulgentie,
1562 851 1674 915 quia
1714 851 1762 898 in
1798 855 1947 914 porta*

149 946 352 996 ecclesie
388 943 631 1008 publicata
668 941 863 989 fuerunt
898 939 1115 1002 plenarie
1152 953 1239 1001 per
1271 935 1456 983 Sixtum
1496 950 1672 999 papam
1714 940 1938 999 quartum

149 1043 380 1079 concesse
402 1041 490 1091 per
510 1024 689 1073 bullam
712 1024 893 1071 ibidem
916 1022 1128 1070 affixam.

214 1115 335 1161 Tum
364 1112 677 1159 accesserunt
703 1107 764 1155 ad
790 1105 1074 1170 pontificem
1108 1105 1376 1153 confratres
1405 1102 1814 1152 confraternitatis
1840 1104 1941 1150 An-
1977 1163 1989 1174 ν

148 1195 373 1246 nunciate
403 1209 515 1242 cum
544 1191 706 1252 bacili,
737 1191 786 1238 in
809 1205 905 1254 quo
943 1193 1073 1254 Papa
1100 1189 1269 1237 obtulit
1299 1188 1507 1253 propriis
1538 1187 1762 1236 manibus
1791 1187 1941 1236 duca-

150 1286 226 1328 tos
255 1294 353 1327 xxn
391 1277 437 1325 in
476 1292 595 1325 auro
627 1275 704 1324 vel
734 1274 885 1334 circa,
919 1278 966 1323 et
997 1277 1054 1322 D.
1092 1273 1379 1321 Franciscus
1401 1272 1594 1336 Borgia,
1619 1271 1943 1320 cubicularius

152 1380 283 1423 suus,
309 1361 530 1410 carlenos
552 1363 748 1408 centum
770 1374 918 1406 novos
936 1358 1016 1406 vel
1034 1358 1177 1406 circa.
1200 1357 1328 1405 Dixit
1355 1361 1519 1405 tamen
1540 1360 1710 1420 postea
1730 1355 1862 1403 idem
1883 1358 1940 1403 D.

151 1445 437 1495 Franciscus
465 1443 582 1492 mihi
609 1444 669 1492 ab
698 1458 756 1492 eo
777 1443 978 1508 petenti,
1003 1445 1183 1506 Papam
1204 1458 1232 1489 L
1251 1441 1451 1490 ducatos
1477 1440 1526 1488 in
1549 1455 1666 1489 auro
1689 1439 1941 1498 obtulisse,

152 1535 199 1579 et
221 1531 379 1594 ipsum
409 1544 464 1577 cc
491 1527 729 1588 carlenos,
762 1526 892 1591 quod
920 1541 1011 1591 ego
1042 1542 1101 1576 ex
1132 1525 1399 1590 quantitate
1431 1540 1518 1588 per
1547 1540 1625 1572 me
1653 1524 1755 1573 visa
1775 1539 1941 1573 verum

156 1630 266 1663 esse
283 1612 500 1678 judicare
529 1627 627 1660 non
647 1611 799 1676 potui.

216 1702 538 1749 Accesserunt
565 1696 741 1745 deinde
769 1695 916 1744 iidem
945 1694 1214 1743 confratres
1241 1693 1303 1741 ad
1330 1692 1616 1751 cardinaleS,
1648 1691 1729 1755 qui
1759 1691 1947 1739 obtule-

155 1789 266 1832 runt
287 1782 482 1847 singuli,
506 1785 648 1846 prout
670 1780 785 1844 ipsis
812 1779 1010 1844 placuit.
1045 1778 1242 1827 Interim
1267 1780 1582 1826 accesserunt
1609 1775 1704 1822 duo
1730 1774 1807 1822 alii
1831 1790 1950 1823 con-

156 1867 327 1915 fratres
360 1881 472 1914 cum
508 1864 601 1912 alio
635 1863 793 1923 bacili,
838 1866 885 1911 et
920 1862 1077 1911 bursis
1117 1878 1195 1910 xvi
1235 1861 1284 1909 in
1320 1875 1523 1924 quarum
1568 1858 1769 1922 singulis
1811 1864 1948 1907 erant

158 1950 329 1999 floreni
361 1964 483 1996 Lxxv
512 1947 702 1996 romani
737 1945 787 1993 in
821 1946 1027 1994 carlenis
1064 1961 1151 2008 pro
1189 1962 1265 1993 xw
1303 1945 1476 2009 puellis
1513 1944 1814 2004 maritandis,
1852 1961 1944 2008 que

159 2031 431 2079 successive
448 2033 688 2080 venerunt
707 2033 818 2078 ante
839 2028 1123 2093 pontificem
1143 2043 1255 2077 cum
1278 2028 1479 2091 singulis
1498 2027 1732 2075 matronis
1752 2027 1952 2075 dextera

158 2131 305 2163 manu
326 2115 454 2179 ipsas
472 2113 763 2162 vducentibus
785 2130 795 2173 ;
822 2113 996 2177 quibus
1016 2112 1190 2177 puellis
1213 2112 1412 2175 singulis
1435 2114 1564 2175 Papa
1584 2110 1715 2159 dedit
1736 2111 1951 2174 singulas

159 2200 326 2248 bursas
347 2216 357 2256 3
382 2213 502 2261 quas
524 2197 604 2246 ille
626 2197 917 2262 recipientes
947 2196 1293 2244 osculabantur
1321 2195 1497 2259 pedem
1520 2198 1647 2258 Pape
1670 2200 1718 2243 et
1738 2200 1848 2258 post
1871 2211 1951 2242 eas

158 2289 397 2333 matrone.
1329 2291 1331 2293 ·

226 2371 330 2425 Quo
363 2367 510 2426 facto,
549 2365 767 2430 pontifex
803 2365 919 2413 fecit
953 2365 1222 2413 orationem
1246 2363 1294 2411 in
1322 2363 1589 2412 faldistorio
1623 2367 1733 2411 ante
1768 2363 1947 2422 altare;

160 2452 353 2510 deinde,
379 2450 598 2515 deposito
620 2449 811 2513 pluviali
834 2455 882 2497 et
903 2449 1062 2508 mitra,
1088 2452 1393 2512 reassumpto
1424 2447 1660 2511 capucino
1686 2447 1775 2494 sub
1808 2447 1947 2506 stola,

159 2535 286 2584 venit
319 2534 379 2582 ad
405 2534 641 2598 capellam
669 2549 843 2582 novam
877 2532 1180 2581 Annunciate
1214 2547 1303 2596 per
1335 2535 1528 2579 Rmum.
1569 2535 1625 2580 D.
1655 2531 1949 2580 cardinalem

159 2618 533 2682 Neapolitanum
563 2618 757 2686 factam.
783 2619 922 2675 Tum,
947 2632 1151 2664 ascenso
1181 2631 1324 2679 equo,
1355 2620 1466 2664 ante
1499 2615 1673 2664 ostium
1707 2615 1950 2679 principa-

162 2703 258 2750 lem
282 2702 486 2750 ecclesie
509 2717 595 2765 per
611 2701 735 2750 viam
756 2705 923 2749 sancte
944 2700 1094 2749 Marie
1116 2700 1165 2747 in
1185 2699 1260 2748 via
1279 2699 1392 2759 lata,
1416 2699 1589 2747 deinde
1609 2699 1670 2746 ad
1687 2699 1950 2755 sinistram,

166 2787 238 2834 via
268 2789 400 2834 recta
430 2784 556 2834 venit
596 2784 657 2832 ad
689 2784 946 2832 ecclesiam
980 2788 1147 2832 sancte
1191 2783 1338 2831 Marie
1385 2782 1444 2830 de
1485 2782 1688 2846 Populo,
1725 2797 1866 2830 cruce
1904 2786 1950 2829 et

165 2869 488 2918 cardinalibus
528 2868 928 2931 precedentibus,
978 2873 1028 2916 ut
1069 2867 1202 2932 prius
1241 2884 1250 2915 :
1286 2866 1367 2914 ubi
1410 2865 1536 2915 facta
1580 2856 1799 2914 oratione
1839 2868 1950 2912 ante

165 2955 331 3013 altare,
355 2952 528 3001 obtulit
550 2967 697 3016 super
715 2952 832 3000 illud
851 2969 909 3000 xv
931 2952 1148 3011 ducatos,
1175 2951 1213 2999 si
1235 2953 1289 2999 D.
1316 2950 1601 2999 Franciscus
1626 2949 1802 3013 Borgia
1823 2948 1954 2996 cubi-
1999 2956 2003 2959 ’

166 3037 373 3086 cularius
396 3053 510 3085 suus
531 3052 695 3086 verum
715 3036 837 3084 mihi
857 3036 1038 3085 retulit.
1066 3035 1358 3084 Reascendit
1386 3034 1560 3083 deinde
1589 3049 1767 3098 equum
1795 3036 1842 3081 et
1867 3048 1954 3096 per

167 3120 435 3170 breviorem
454 3120 587 3169 viam
599 3121 738 3184 juxta
757 3121 938 3169 flumen
961 3120 1102 3169 rediit
1123 3120 1184 3169 ad
1203 3119 1455 3184 palatium,
1481 3117 1803 3167 cardinalibus
1826 3117 1954 3165 circa

168 3207 366 3265 pontem
387 3203 539 3252 sancti
559 3204 731 3268 Angeli
751 3204 1026 3253 licentiatis

232 3284 558 3335 Interfuerunt
582 3304 678 3335 xvu
701 3288 971 3337 cardinales
1005 3288 1230 3336 omnibus
1253 3287 1520 3352 premissis,
1559 3285 1801 3342 videlicet,
1830 3286 1953 3333 Nea—

170 3368 437 3432 politanUS‚
477 3385 515 3416 s.
561 3371 708 3420 Marie
754 3372 801 3434 in
836 3372 1050 3431 Porticu,
1088 3372 1425 3420 Ulixbonensis
1469 3375 1516 3418 et
1544 3367 1949 3423 Rachanatensis;

171 3451 413 3515 episcopi;
462 3467 500 3499 s,
546 3453 829 3513 Clementis,
873 3455 1156 3515 Januensis,
1202 3457 1268 3502 De
1316 3454 1606 3512 Comitibus,
1658 3448 1947 3504 ParmensiS,
