<?xml version="1.0" encoding="UTF-8"?>
<!DOCTYPE html PUBLIC "-//W3C//DTD XHTML 1.0 Transitional//EN"
    "http://www.w3.org/TR/xhtml1/DTD/xhtml1-transitional.dtd">
<html xmlns="http://www.w3.org/1999/xhtml" xml:lang="en" lang="en">
 <head>
  <title>
</title>
<meta http-equiv="Content-Type" content="text/html;charset=utf-8" />
  <meta name='ocr-system' content='tesseract 3.04.00' />
  <meta name='ocr-capabilities' content='ocr_page ocr_carea ocr_par ocr_line ocrx_word'/>
</head>
<body>
  <div class='ocr_page' id='page_1' title='image "./diariumsivererum02burcuoft_0536.png"; bbox 0 0 2216 3886; ppageno 0'>
   <div class='ocr_carea' id='block_1_1' title="bbox 300 353 2073 397">
    <p class='ocr_par' dir='ltr' id='par_1_1' title="bbox 300 353 2073 397">
     <span class='ocr_line' id='line_1_1' title="bbox 300 353 2073 397; baseline -0.002 -6"><span class='ocrx_word' id='word_1_1' title='bbox 300 356 370 392; x_wconf 79' lang='lat'>524</span> <span class='ocrx_word' id='word_1_2' title='bbox 904 355 924 391; x_wconf 90' lang='lat' dir='ltr'><strong>J</strong></span> <span class='ocrx_word' id='word_1_3' title='bbox 929 354 1088 391; x_wconf 89' lang='lat' dir='ltr'>OHANN</span> <span class='ocrx_word' id='word_1_4' title='bbox 1094 354 1135 391; x_wconf 74' lang='lat' dir='ltr'>IS</span> <span class='ocrx_word' id='word_1_5' title='bbox 1167 353 1462 397; x_wconf 79' lang='lat' dir='ltr'>BURCHARm,</span> <span class='ocrx_word' id='word_1_6' title='bbox 1624 372 1627 374; x_wconf 97' lang='lat'>·</span> <span class='ocrx_word' id='word_1_7' title='bbox 1845 356 1957 396; x_wconf 89' lang='lat' dir='ltr'>[Avril</span> <span class='ocrx_word' id='word_1_8' title='bbox 1980 357 2073 397; x_wconf 79' lang='lat'>1499]</span> 
     </span>
    </p>
   </div>
   <div class='ocr_carea' id='block_1_2' title="bbox 300 454 2080 3518">
    <p class='ocr_par' dir='ltr' id='par_1_2' title="bbox 301 454 2075 1339">
     <span class='ocr_line' id='line_1_2' title="bbox 304 454 2072 523; baseline 0 -16"><span class='ocrx_word' id='word_1_9' title='bbox 304 474 446 523; x_wconf 88' lang='lat' dir='ltr'>quam</span> <span class='ocrx_word' id='word_1_10' title='bbox 477 458 578 506; x_wconf 91' lang='lat' dir='ltr'>sine</span> <span class='ocrx_word' id='word_1_11' title='bbox 610 458 946 515; x_wconf 88' lang='lat' dir='ltr'>existentibus;</span> <span class='ocrx_word' id='word_1_12' title='bbox 980 456 1133 505; x_wconf 92' lang='lat' dir='ltr'>noluit</span> <span class='ocrx_word' id='word_1_13' title='bbox 1164 460 1325 503; x_wconf 88' lang='lat' dir='ltr'>tamen</span> <span class='ocrx_word' id='word_1_14' title='bbox 1354 454 1483 517; x_wconf 91' lang='lat' dir='ltr'>quod</span> <span class='ocrx_word' id='word_1_15' title='bbox 1511 470 1599 518; x_wconf 86' lang='lat' dir='ltr'>pro</span> <span class='ocrx_word' id='word_1_16' title='bbox 1631 455 1712 502; x_wconf 91' lang='lat' dir='ltr'>illa</span> <span class='ocrx_word' id='word_1_17' title='bbox 1741 455 1818 504; x_wconf 90' lang='lat' dir='ltr'>die</span> <span class='ocrx_word' id='word_1_18' title='bbox 1851 458 2072 521; x_wconf 82' lang='lat' dir='ltr'><strong>cuiquam</strong></span> 
     </span>
     <span class='ocr_line' id='line_1_3' title="bbox 303 537 2073 600; baseline 0.001 -10"><span class='ocrx_word' id='word_1_19' title='bbox 303 543 689 600; x_wconf 75' lang='lat' dir='ltr'>restituerentur,</span> <span class='ocrx_word' id='word_1_20' title='bbox 728 556 819 588; x_wconf 90' lang='lat' dir='ltr'>nec</span> <span class='ocrx_word' id='word_1_21' title='bbox 855 545 966 587; x_wconf 85' lang='lat' dir='ltr'>ante</span> <span class='ocrx_word' id='word_1_22' title='bbox 1005 539 1133 586; x_wconf 91' lang='lat' dir='ltr'>diem</span> <span class='ocrx_word' id='word_1_23' title='bbox 1175 537 1376 596; x_wconf 90' lang='lat' dir='ltr'>sabbati,</span> <span class='ocrx_word' id='word_1_24' title='bbox 1419 537 1573 585; x_wconf 90' lang='lat' dir='ltr'>donec</span> <span class='ocrx_word' id='word_1_25' title='bbox 1612 538 2073 600; x_wconf 85' lang='lat' dir='ltr'>exsiccarentur,-et</span> 
     </span>
     <span class='ocr_line' id='line_1_4' title="bbox 303 620 2073 685; baseline -0.001 -11"><span class='ocrx_word' id='word_1_26' title='bbox 303 625 477 674; x_wconf 90' lang='lat' dir='ltr'>deinde</span> <span class='ocrx_word' id='word_1_27' title='bbox 503 624 875 673; x_wconf 86' lang='lat' dir='ltr'>restituerentur</span> <span class='ocrx_word' id='word_1_28' title='bbox 901 621 1130 685; x_wconf 89' lang='lat' dir='ltr'>patronis.</span> <span class='ocrx_word' id='word_1_29' title='bbox 1163 620 1427 668; x_wconf 88' lang='lat' dir='ltr'>Cardinalis</span> <span class='ocrx_word' id='word_1_30' title='bbox 1456 621 1714 669; x_wconf 89' lang='lat' dir='ltr'>Gurcensis</span> <span class='ocrx_word' id='word_1_31' title='bbox 1734 621 1901 671; x_wconf 88' lang='lat' dir='ltr'>habuit</span> <span class='ocrx_word' id='word_1_32' title='bbox 1928 640 2073 672; x_wconf 91' lang='lat' dir='ltr'>unam</span> 
     </span>
     <span class='ocr_line' id='line_1_5' title="bbox 304 705 2074 772; baseline 0 -15"><span class='ocrx_word' id='word_1_33' title='bbox 304 724 497 772; x_wconf 78' lang='lat' dir='ltr'>capsam</span> <span class='ocrx_word' id='word_1_34' title='bbox 520 722 630 755; x_wconf 91' lang='lat' dir='ltr'>cum</span> <span class='ocrx_word' id='word_1_35' title='bbox 656 706 790 754; x_wconf 90' lang='lat' dir='ltr'>libris</span> <span class='ocrx_word' id='word_1_36' title='bbox 820 705 1135 769; x_wconf 86' lang='lat' dir='ltr'>quadraginta</span> <span class='ocrx_word' id='word_1_37' title='bbox 1161 705 1387 768; x_wconf 89' lang='lat' dir='ltr'>quinque,</span> <span class='ocrx_word' id='word_1_38' title='bbox 1420 720 1625 767; x_wconf 86' lang='lat' dir='ltr'>quorum</span> <span class='ocrx_word' id='word_1_39' title='bbox 1647 711 1782 753; x_wconf 88' lang='lat' dir='ltr'>erant</span> <span class='ocrx_word' id='word_1_40' title='bbox 1811 711 2006 755; x_wconf 90' lang='lat' dir='ltr'>centum</span> <span class='ocrx_word' id='word_1_41' title='bbox 2026 713 2074 757; x_wconf 88' lang='lat' dir='ltr'>et</span> 
     </span>
     <span class='ocr_line' id='line_1_6' title="bbox 304 788 2075 853; baseline -0.001 -14"><span class='ocrx_word' id='word_1_42' title='bbox 304 792 427 839; x_wconf 87' lang='lat' dir='ltr'>ultra</span> <span class='ocrx_word' id='word_1_43' title='bbox 449 790 626 853; x_wconf 88' lang='lat' dir='ltr'>magni,</span> <span class='ocrx_word' id='word_1_44' title='bbox 653 789 710 837; x_wconf 92' lang='lat' dir='ltr'>de</span> <span class='ocrx_word' id='word_1_45' title='bbox 738 788 907 852; x_wconf 84' lang='lat' dir='ltr'>maj0ri</span> <span class='ocrx_word' id='word_1_46' title='bbox 929 789 1105 844; x_wconf 87' lang='lat' dir='ltr'>forma;</span> <span class='ocrx_word' id='word_1_47' title='bbox 1138 803 1340 851; x_wconf 91' lang='lat' dir='ltr'>quarum</span> <span class='ocrx_word' id='word_1_48' title='bbox 1368 788 1678 837; x_wconf 81' lang='lat' dir='ltr'>medietatem</span> <span class='ocrx_word' id='word_1_49' title='bbox 1704 788 1888 852; x_wconf 88' lang='lat' dir='ltr'>recepit</span> <span class='ocrx_word' id='word_1_50' title='bbox 1915 790 2075 838; x_wconf 91' lang='lat' dir='ltr'>Ponti-</span> 
     </span>
     <span class='ocr_line' id='line_1_7' title="bbox 301 871 2073 936; baseline 0 -14"><span class='ocrx_word' id='word_1_51' title='bbox 301 875 396 934; x_wconf 85' lang='lat' dir='ltr'>fex,</span> <span class='ocrx_word' id='word_1_52' title='bbox 435 878 480 921; x_wconf 91' lang='lat' dir='ltr'>et</span> <span class='ocrx_word' id='word_1_53' title='bbox 513 873 572 921; x_wconf 94' lang='lat' dir='ltr'>de</span> <span class='ocrx_word' id='word_1_54' title='bbox 609 873 713 920; x_wconf 92' lang='lat' dir='ltr'>aliis</span> <span class='ocrx_word' id='word_1_55' title='bbox 749 887 974 935; x_wconf 87' lang='lat' dir='ltr'>magnam</span> <span class='ocrx_word' id='word_1_56' title='bbox 1008 876 1212 936; x_wconf 90' lang='lat' dir='ltr'>partem.</span> <span class='ocrx_word' id='word_1_57' title='bbox 1250 873 1349 935; x_wconf 93' lang='lat' dir='ltr'>Ego</span> <span class='ocrx_word' id='word_1_58' title='bbox 1384 871 1529 919; x_wconf 91' lang='lat' dir='ltr'>habui</span> <span class='ocrx_word' id='word_1_59' title='bbox 1564 872 1657 919; x_wconf 88' lang='lat' dir='ltr'>cluo</span> <span class='ocrx_word' id='word_1_60' title='bbox 1690 872 1830 931; x_wconf 87' lang='lat' dir='ltr'>retia,</span> <span class='ocrx_word' id='word_1_61' title='bbox 1867 888 2073 935; x_wconf 90' lang='lat' dir='ltr'>quorum</span> 
     </span>
     <span class='ocr_line' id='line_1_8' title="bbox 301 954 2071 1020; baseline 0.001 -15"><span class='ocrx_word' id='word_1_62' title='bbox 301 973 451 1006; x_wconf 91' lang='lat' dir='ltr'>unum</span> <span class='ocrx_word' id='word_1_63' title='bbox 474 960 574 1004; x_wconf 88' lang='lat' dir='ltr'>erat</span> <span class='ocrx_word' id='word_1_64' title='bbox 602 971 764 1004; x_wconf 89' lang='lat' dir='ltr'>meum</span> <span class='ocrx_word' id='word_1_65' title='bbox 794 971 904 1003; x_wconf 91' lang='lat' dir='ltr'>cum</span> <span class='ocrx_word' id='word_1_66' title='bbox 924 955 1059 1019; x_wconf 82' lang='lat' dir='ltr'>agnis</span> <span class='ocrx_word' id='word_1_67' title='bbox 1087 955 1136 1002; x_wconf 90' lang='lat' dir='ltr'>in</span> <span class='ocrx_word' id='word_1_68' title='bbox 1163 970 1289 1002; x_wconf 87' lang='lat' dir='ltr'>anno</span> <span class='ocrx_word' id='word_1_69' title='bbox 1315 954 1483 1019; x_wconf 89' lang='lat' dir='ltr'>jubilei</span> <span class='ocrx_word' id='word_1_70' title='bbox 1511 955 1729 1018; x_wconf 79' lang='lat' dir='ltr'>proxime</span> <span class='ocrx_word' id='word_1_71' title='bbox 1749 956 1964 1018; x_wconf 90' lang='lat' dir='ltr'>preteriti</span> <span class='ocrx_word' id='word_1_72' title='bbox 1985 973 2071 1020; x_wconf 91' lang='lat' dir='ltr'>pro</span> 
     </span>
     <span class='ocr_line' id='line_1_9' title="bbox 302 1025 2075 1102; baseline -0.001 -12"><span class='ocrx_word' id='word_1_73' title='bbox 302 1057 380 1090; x_wconf 89' lang='lat' dir='ltr'>me</span> <span class='ocrx_word' id='word_1_74' title='bbox 413 1040 569 1099; x_wconf 83' lang='lat' dir='ltr'>factis,</span> <span class='ocrx_word' id='word_1_75' title='bbox 605 1055 810 1102; x_wconf 91' lang='lat' dir='ltr'>quorum</span> <span class='ocrx_word' id='word_1_76' title='bbox 844 1054 942 1087; x_wconf 90' lang='lat' dir='ltr'>non</span> <span class='ocrx_word' id='word_1_77' title='bbox 974 1039 1109 1102; x_wconf 91' lang='lat' dir='ltr'>potui</span> <span class='ocrx_word' id='word_1_78' title='bbox 1141 1054 1292 1101; x_wconf 93' lang='lat' dir='ltr'>usque</span> <span class='ocrx_word' id='word_1_79' title='bbox 1326 1038 1470 1086; x_wconf 90' lang='lat' dir='ltr'>modo</span> <span class='ocrx_word' id='word_1_80' title='bbox 1506 1025 1923 1086; x_wconf 86' lang='lat' dir='ltr'>consecrationem</span> <span class='ocrx_word' id='word_1_81' title='bbox 1956 1039 2075 1088; x_wconf 91' lang='lat' dir='ltr'>obti-</span> 
     </span>
     <span class='ocr_line' id='line_1_10' title="bbox 301 1121 2072 1186; baseline -0.002 -13"><span class='ocrx_word' id='word_1_82' title='bbox 301 1139 434 1173; x_wconf 87' lang='lat' dir='ltr'>nere.</span> <span class='ocrx_word' id='word_1_83' title='bbox 469 1125 615 1171; x_wconf 82' lang='lat' dir='ltr'>Erant</span> <span class='ocrx_word' id='word_1_84' title='bbox 641 1122 688 1169; x_wconf 91' lang='lat' dir='ltr'>in</span> <span class='ocrx_word' id='word_1_85' title='bbox 721 1137 778 1170; x_wconf 94' lang='lat' dir='ltr'>eo</span> <span class='ocrx_word' id='word_1_86' title='bbox 809 1122 920 1186; x_wconf 89' lang='lat' dir='ltr'>agni</span> <span class='ocrx_word' id='word_1_87' title='bbox 948 1121 1138 1170; x_wconf 84' lang='lat' dir='ltr'>circiter</span> <span class='ocrx_word' id='word_1_88' title='bbox 1163 1131 1244 1169; x_wconf 66' lang='lat'><strong>11³¹.</strong></span> <span class='ocrx_word' id='word_1_89' title='bbox 1274 1121 1416 1169; x_wconf 89' lang='lat' dir='ltr'>Aliud</span> <span class='ocrx_word' id='word_1_90' title='bbox 1443 1125 1546 1170; x_wconf 87' lang='lat' dir='ltr'>erat</span> <span class='ocrx_word' id='word_1_91' title='bbox 1570 1121 1768 1169; x_wconf 88' lang='lat' dir='ltr'>Joannis</span> <span class='ocrx_word' id='word_1_92' title='bbox 1795 1121 1948 1182; x_wconf 90' lang='lat' dir='ltr'>Aude,</span> <span class='ocrx_word' id='word_1_93' title='bbox 1979 1138 2072 1185; x_wconf 92' lang='lat' dir='ltr'>que</span> 
     </span>
     <span class='ocr_line' id='line_1_11' title="bbox 302 1204 2071 1268; baseline 0 -14"><span class='ocrx_word' id='word_1_94' title='bbox 302 1208 444 1255; x_wconf 90' lang='lat' dir='ltr'>ambo</span> <span class='ocrx_word' id='word_1_95' title='bbox 478 1206 670 1254; x_wconf 86' lang='lat' dir='ltr'>fuerunt</span> <span class='ocrx_word' id='word_1_96' title='bbox 703 1205 822 1252; x_wconf 93' lang='lat' dir='ltr'>mihi</span> <span class='ocrx_word' id='word_1_97' title='bbox 854 1205 931 1254; x_wconf 91' lang='lat' dir='ltr'>die</span> <span class='ocrx_word' id='word_1_98' title='bbox 962 1205 1146 1253; x_wconf 91' lang='lat' dir='ltr'>sabbati</span> <span class='ocrx_word' id='word_1_99' title='bbox 1179 1204 1395 1268; x_wconf 86' lang='lat' dir='ltr'>predicta</span> <span class='ocrx_word' id='word_1_100' title='bbox 1427 1205 1613 1267; x_wconf 85' lang='lat' dir='ltr'>integre</span> <span class='ocrx_word' id='word_1_101' title='bbox 1647 1204 1867 1252; x_wconf 88' lang='lat' dir='ltr'>restituta</span> <span class='ocrx_word' id='word_1_102' title='bbox 1899 1220 2071 1254; x_wconf 87' lang='lat' dir='ltr'>conse-</span> 
     </span>
     <span class='ocr_line' id='line_1_12' title="bbox 301 1294 447 1339; baseline -0.007 0"><span class='ocrx_word' id='word_1_103' title='bbox 301 1294 447 1339; x_wconf 88' lang='lat' dir='ltr'>crata.</span> 
     </span>
    </p>

    <p class='ocr_par' dir='ltr' id='par_1_3' title="bbox 300 1373 2076 2190">
     <span class='ocr_line' id='line_1_13' title="bbox 354 1373 2070 1438; baseline 0 -16"><span class='ocrx_word' id='word_1_104' title='bbox 354 1375 599 1424; x_wconf 55' lang='lat' dir='ltr'>*Omnibus</span> <span class='ocrx_word' id='word_1_105' title='bbox 630 1374 876 1438; x_wconf 88' lang='lat' dir='ltr'>depositis,</span> <span class='ocrx_word' id='word_1_106' title='bbox 908 1377 1036 1437; x_wconf 88' lang='lat' dir='ltr'>Papa</span> <span class='ocrx_word' id='word_1_107' title='bbox 1060 1373 1177 1437; x_wconf 90' lang='lat' dir='ltr'>legit</span> <span class='ocrx_word' id='word_1_108' title='bbox 1207 1389 1351 1437; x_wconf 88' lang='lat' dir='ltr'>super</span> <span class='ocrx_word' id='word_1_109' title='bbox 1381 1389 1463 1421; x_wconf 90' lang='lat' dir='ltr'>eos</span> <span class='ocrx_word' id='word_1_110' title='bbox 1496 1373 1637 1421; x_wconf 91' lang='lat' dir='ltr'>aliam</span> <span class='ocrx_word' id='word_1_111' title='bbox 1666 1373 2070 1434; x_wconf 85' lang='lat' dir='ltr'>benedictionem,</span> 
     </span>
     <span class='ocr_line' id='line_1_14' title="bbox 301 1457 2074 1524; baseline -0.002 -16"><span class='ocrx_word' id='word_1_112' title='bbox 301 1464 445 1524; x_wconf 88' lang='lat' dir='ltr'>prout</span> <span class='ocrx_word' id='word_1_113' title='bbox 477 1459 524 1506; x_wconf 92' lang='lat' dir='ltr'>in</span> <span class='ocrx_word' id='word_1_114' title='bbox 553 1457 879 1506; x_wconf 86' lang='lat' dir='ltr'>ceremoniali.</span> <span class='ocrx_word' id='word_1_115' title='bbox 909 1460 1013 1505; x_wconf 91' lang='lat' dir='ltr'>Non</span> <span class='ocrx_word' id='word_1_116' title='bbox 1047 1457 1240 1505; x_wconf 85' lang='lat' dir='ltr'>fuerunt</span> <span class='ocrx_word' id='word_1_117' title='bbox 1265 1457 1497 1504; x_wconf 90' lang='lat' dir='ltr'>incensati</span> <span class='ocrx_word' id='word_1_118' title='bbox 1527 1473 1615 1520; x_wconf 90' lang='lat' dir='ltr'>per</span> <span class='ocrx_word' id='word_1_119' title='bbox 1649 1460 1825 1520; x_wconf 80' lang='lat' dir='ltr'>Papam</span> <span class='ocrx_word' id='word_1_120' title='bbox 1858 1457 1971 1520; x_wconf 91' lang='lat' dir='ltr'>quia</span> <span class='ocrx_word' id='word_1_121' title='bbox 1997 1473 2074 1505; x_wconf 88' lang='lat' dir='ltr'>sa-</span> 
     </span>
     <span class='ocr_line' id='line_1_15' title="bbox 303 1539 2072 1604; baseline -0.001 -14"><span class='ocrx_word' id='word_1_122' title='bbox 303 1542 447 1590; x_wconf 87' lang='lat' dir='ltr'>crista</span> <span class='ocrx_word' id='word_1_123' title='bbox 481 1557 579 1589; x_wconf 89' lang='lat' dir='ltr'>non</span> <span class='ocrx_word' id='word_1_124' title='bbox 617 1542 798 1589; x_wconf 84' lang='lat' dir='ltr'>fecerat</span> <span class='ocrx_word' id='word_1_125' title='bbox 837 1540 1014 1604; x_wconf 87' lang='lat' dir='ltr'>portari</span> <span class='ocrx_word' id='word_1_126' title='bbox 1056 1539 1351 1587; x_wconf 87' lang='lat' dir='ltr'>thuribulum</span> <span class='ocrx_word' id='word_1_127' title='bbox 1388 1555 1543 1602; x_wconf 89' lang='lat' dir='ltr'>neque</span> <span class='ocrx_word' id='word_1_128' title='bbox 1583 1539 1858 1599; x_wconf 89' lang='lat' dir='ltr'>incensum,</span> <span class='ocrx_word' id='word_1_129' title='bbox 1895 1543 1943 1588; x_wconf 90' lang='lat' dir='ltr'>et</span> <span class='ocrx_word' id='word_1_130' title='bbox 1982 1555 2072 1602; x_wconf 84' lang='lat' dir='ltr'>ego</span> 
     </span>
     <span class='ocr_line' id='line_1_16' title="bbox 301 1621 2074 1688; baseline -0.003 -15"><span class='ocrx_word' id='word_1_131' title='bbox 301 1626 434 1673; x_wconf 92' lang='lat' dir='ltr'>nolui</span> <span class='ocrx_word' id='word_1_132' title='bbox 465 1641 576 1673; x_wconf 91' lang='lat' dir='ltr'>eum</span> <span class='ocrx_word' id='word_1_133' title='bbox 598 1640 810 1688; x_wconf 86' lang='lat' dir='ltr'>gravare.</span> <span class='ocrx_word' id='word_1_134' title='bbox 836 1626 971 1687; x_wconf 83' lang='lat' dir='ltr'>Aqua</span> <span class='ocrx_word' id='word_1_135' title='bbox 988 1622 1271 1687; x_wconf 69' lang='lat' dir='ltr'>[supradicta</span> <span class='ocrx_word' id='word_1_136' title='bbox 1297 1622 1384 1670; x_wconf 88' lang='lat' dir='ltr'>fuit</span> <span class='ocrx_word' id='word_1_137' title='bbox 1409 1626 1653 1671; x_wconf 90' lang='lat' dir='ltr'>reservata</span> <span class='ocrx_word' id='word_1_138' title='bbox 1677 1638 1828 1685; x_wconf 91' lang='lat' dir='ltr'>usque</span> <span class='ocrx_word' id='word_1_139' title='bbox 1859 1621 1920 1669; x_wconf 88' lang='lat' dir='ltr'>ad</span> <span class='ocrx_word' id='word_1_140' title='bbox 1946 1622 2074 1670; x_wconf 91' lang='lat' dir='ltr'>diem</span> 
     </span>
     <span class='ocr_line' id='line_1_17' title="bbox 301 1702 2075 1771; baseline -0.002 -14"><span class='ocrx_word' id='word_1_141' title='bbox 301 1709 490 1757; x_wconf 87' lang='lat' dir='ltr'>veneris</span> <span class='ocrx_word' id='word_1_142' title='bbox 523 1713 825 1771; x_wconf 86' lang='lat' dir='ltr'>sequentem,</span> <span class='ocrx_word' id='word_1_143' title='bbox 862 1707 910 1754; x_wconf 91' lang='lat' dir='ltr'>in</span> <span class='ocrx_word' id='word_1_144' title='bbox 947 1722 1041 1769; x_wconf 92' lang='lat' dir='ltr'>qua</span> <span class='ocrx_word' id='word_1_145' title='bbox 1076 1709 1227 1769; x_wconf 90' lang='lat' dir='ltr'>Papa,</span> <span class='ocrx_word' id='word_1_146' title='bbox 1261 1705 1397 1753; x_wconf 89' lang='lat' dir='ltr'>finita</span> <span class='ocrx_word' id='word_1_147' title='bbox 1426 1702 1590 1763; x_wconf 84' lang='lat' dir='ltr'>missa,</span> <span class='ocrx_word' id='word_1_148' title='bbox 1625 1706 1799 1753; x_wconf 90' lang='lat' dir='ltr'>iterum</span> <span class='ocrx_word' id='word_1_149' title='bbox 1830 1706 2075 1754; x_wconf 84' lang='lat' dir='ltr'>benedixit</span> 
     </span>
     <span class='ocr_line' id='line_1_18' title="bbox 303 1789 2073 1856; baseline -0.002 -15"><span class='ocrx_word' id='word_1_150' title='bbox 303 1794 420 1841; x_wconf 86' lang='lat' dir='ltr'>alios</span> <span class='ocrx_word' id='word_1_151' title='bbox 442 1808 592 1856; x_wconf 85' lang='lat' dir='ltr'>agnos</span> <span class='ocrx_word' id='word_1_152' title='bbox 614 1792 791 1840; x_wconf 85' lang='lat' dir='ltr'>familie</span> <span class='ocrx_word' id='word_1_153' title='bbox 814 1808 899 1839; x_wconf 89' lang='lat' dir='ltr'>sue</span> <span class='ocrx_word' id='word_1_154' title='bbox 922 1796 969 1839; x_wconf 91' lang='lat' dir='ltr'>et</span> <span class='ocrx_word' id='word_1_155' title='bbox 989 1791 1283 1854; x_wconf 80' lang='lat' dir='ltr'>prelatorum</span> <span class='ocrx_word' id='word_1_156' title='bbox 1305 1794 1353 1837; x_wconf 89' lang='lat' dir='ltr'>et</span> <span class='ocrx_word' id='word_1_157' title='bbox 1378 1789 1581 1837; x_wconf 87' lang='lat' dir='ltr'>aliorum</span> <span class='ocrx_word' id='word_1_158' title='bbox 1606 1789 1855 1837; x_wconf 89' lang='lat' dir='ltr'>curialium</span> <span class='ocrx_word' id='word_1_159' title='bbox 1873 1790 1932 1838; x_wconf 90' lang='lat' dir='ltr'>de</span> <span class='ocrx_word' id='word_1_160' title='bbox 1949 1805 2073 1838; x_wconf 89' lang='lat' dir='ltr'>novo</span> 
     </span>
     <span class='ocr_line' id='line_1_19' title="bbox 304 1863 2072 1940; baseline -0.002 -15"><span class='ocrx_word' id='word_1_161' title='bbox 304 1883 417 1925; x_wconf 91' lang='lat' dir='ltr'>tunc</span> <span class='ocrx_word' id='word_1_162' title='bbox 454 1880 754 1940; x_wconf 87' lang='lat' dir='ltr'>apportatos,</span> <span class='ocrx_word' id='word_1_163' title='bbox 792 1879 839 1923; x_wconf 92' lang='lat' dir='ltr'>et</span> <span class='ocrx_word' id='word_1_164' title='bbox 871 1876 921 1923; x_wconf 91' lang='lat' dir='ltr'>in</span> <span class='ocrx_word' id='word_1_165' title='bbox 953 1875 1080 1922; x_wconf 88' lang='lat' dir='ltr'>dicta</span> <span class='ocrx_word' id='word_1_166' title='bbox 1113 1889 1237 1936; x_wconf 89' lang='lat' dir='ltr'>aqua</span> <span class='ocrx_word' id='word_1_167' title='bbox 1272 1873 1384 1921; x_wconf 87' lang='lat' dir='ltr'>fecit</span> <span class='ocrx_word' id='word_1_168' title='bbox 1420 1888 1503 1921; x_wconf 93' lang='lat' dir='ltr'>eos</span> <span class='ocrx_word' id='word_1_169' title='bbox 1535 1874 1775 1937; x_wconf 86' lang='lat' dir='ltr'>immergi,</span> <span class='ocrx_word' id='word_1_170' title='bbox 1807 1878 1855 1921; x_wconf 90' lang='lat' dir='ltr'>et</span> <span class='ocrx_word' id='word_1_171' title='bbox 1888 1863 1937 1922; x_wconf 88' lang='lat' dir='ltr'>ut</span> <span class='ocrx_word' id='word_1_172' title='bbox 1966 1873 2072 1921; x_wconf 86' lang='lat' dir='ltr'>heri</span> 
     </span>
     <span class='ocr_line' id='line_1_20' title="bbox 303 1956 2072 2021; baseline -0.002 -14"><span class='ocrx_word' id='word_1_173' title='bbox 303 1959 594 2008; x_wconf 91' lang='lat' dir='ltr'>consecrari.</span> <span class='ocrx_word' id='word_1_174' title='bbox 614 1961 713 2021; x_wconf 90' lang='lat' dir='ltr'>Ego</span> <span class='ocrx_word' id='word_1_175' title='bbox 731 1974 826 2005; x_wconf 89' lang='lat' dir='ltr'>non</span> <span class='ocrx_word' id='word_1_176' title='bbox 849 1957 1040 2006; x_wconf 85' lang='lat' dir='ltr'>interfui</span> <span class='ocrx_word' id='word_1_177' title='bbox 1056 1957 1168 2006; x_wconf 90' lang='lat' dir='ltr'>huic</span> <span class='ocrx_word' id='word_1_178' title='bbox 1188 1957 1399 2005; x_wconf 88' lang='lat' dir='ltr'>secunde</span> <span class='ocrx_word' id='word_1_179' title='bbox 1421 1956 1791 2016; x_wconf 88' lang='lat' dir='ltr'>consecrationi,</span> <span class='ocrx_word' id='word_1_180' title='bbox 1812 1956 1898 2005; x_wconf 91' lang='lat' dir='ltr'>sed</span> <span class='ocrx_word' id='word_1_181' title='bbox 1913 1956 2072 2005; x_wconf 89' lang='lat' dir='ltr'>socius</span> 
     </span>
     <span class='ocr_line' id='line_1_21' title="bbox 302 2039 2076 2104; baseline -0.002 -14"><span class='ocrx_word' id='word_1_182' title='bbox 302 2058 438 2091; x_wconf 89' lang='lat' dir='ltr'>meus</span> <span class='ocrx_word' id='word_1_183' title='bbox 468 2043 712 2101; x_wconf 86' lang='lat' dir='ltr'>duntaxat,</span> <span class='ocrx_word' id='word_1_184' title='bbox 744 2041 824 2104; x_wconf 94' lang='lat' dir='ltr'>qui</span> <span class='ocrx_word' id='word_1_185' title='bbox 854 2041 1051 2088; x_wconf 88' lang='lat' dir='ltr'>missam</span> <span class='ocrx_word' id='word_1_186' title='bbox 1085 2055 1248 2088; x_wconf 88' lang='lat' dir='ltr'>coram</span> <span class='ocrx_word' id='word_1_187' title='bbox 1278 2042 1408 2103; x_wconf 89' lang='lat' dir='ltr'>Papa</span> <span class='ocrx_word' id='word_1_188' title='bbox 1436 2039 1776 2101; x_wconf 88' lang='lat' dir='ltr'>celebraverat,</span> <span class='ocrx_word' id='word_1_189' title='bbox 1802 2040 2002 2089; x_wconf 87' lang='lat' dir='ltr'>sacrista</span> <span class='ocrx_word' id='word_1_190' title='bbox 2030 2043 2076 2088; x_wconf 95' lang='lat' dir='ltr'>et</span> 
     </span>
     <span class='ocr_line' id='line_1_22' title="bbox 300 2125 856 2190; baseline -0.002 -17"><span class='ocrx_word' id='word_1_191' title='bbox 300 2126 377 2174; x_wconf 91' lang='lat' dir='ltr'>alii</span> <span class='ocrx_word' id='word_1_192' title='bbox 398 2126 567 2190; x_wconf 89' lang='lat' dir='ltr'>prelati</span> <span class='ocrx_word' id='word_1_193' title='bbox 587 2125 856 2173; x_wconf 86' lang='lat' dir='ltr'>domestici.</span> 
     </span>
    </p>

    <p class='ocr_par' dir='ltr' id='par_1_4' title="bbox 301 2205 2080 3518">
     <span class='ocr_line' id='line_1_23' title="bbox 367 2205 2076 2270; baseline -0.002 -13"><span class='ocrx_word' id='word_1_194' title='bbox 367 2209 574 2257; x_wconf 85' lang='lat' dir='ltr'>Sabbato</span> <span class='ocrx_word' id='word_1_195' title='bbox 599 2209 648 2256; x_wconf 91' lang='lat' dir='ltr'>in</span> <span class='ocrx_word' id='word_1_196' title='bbox 674 2207 812 2267; x_wconf 89' lang='lat' dir='ltr'>albis,</span> <span class='ocrx_word' id='word_1_197' title='bbox 841 2208 868 2252; x_wconf 88' lang='grc'>6</span> <span class='ocrx_word' id='word_1_198' title='bbox 896 2207 1075 2254; x_wconf 91' lang='lat' dir='ltr'>mensis</span> <span class='ocrx_word' id='word_1_199' title='bbox 1100 2206 1279 2270; x_wconf 89' lang='lat' dir='ltr'>aprilis,</span> <span class='ocrx_word' id='word_1_200' title='bbox 1305 2210 1468 2254; x_wconf 89' lang='lat' dir='ltr'>Rmus.</span> <span class='ocrx_word' id='word_1_201' title='bbox 1501 2210 1559 2254; x_wconf 90' lang='lat' dir='ltr'>D.</span> <span class='ocrx_word' id='word_1_202' title='bbox 1587 2205 1841 2254; x_wconf 86' lang='lat' dir='ltr'>cardinalis</span> <span class='ocrx_word' id='word_1_203' title='bbox 1867 2205 2076 2254; x_wconf 88' lang='lat' dir='ltr'>Alexan-</span> 
     </span>
     <span class='ocr_line' id='line_1_24' title="bbox 301 2271 2078 2353; baseline -0.002 -12"><span class='ocrx_word' id='word_1_204' title='bbox 301 2294 464 2341; x_wconf 90' lang='lat' dir='ltr'>drinus</span> <span class='ocrx_word' id='word_1_205' title='bbox 487 2291 743 2341; x_wconf 89' lang='lat' dir='ltr'>celebravit</span> <span class='ocrx_word' id='word_1_206' title='bbox 763 2292 962 2339; x_wconf 89' lang='lat' dir='ltr'>missam</span> <span class='ocrx_word' id='word_1_207' title='bbox 985 2290 1252 2339; x_wconf 91' lang='lat' dir='ltr'>solemnem</span> <span class='ocrx_word' id='word_1_208' title='bbox 1273 2290 1322 2337; x_wconf 90' lang='lat' dir='ltr'>in</span> <span class='ocrx_word' id='word_1_209' title='bbox 1343 2271 1527 2353; x_wconf 81' lang='lat' dir='ltr'>capella</span> <span class='ocrx_word' id='word_1_210' title='bbox 1546 2293 1794 2349; x_wconf 90' lang='lat' dir='ltr'>consueta,</span> <span class='ocrx_word' id='word_1_211' title='bbox 1820 2291 1949 2353; x_wconf 89' lang='lat' dir='ltr'>Papa</span> <span class='ocrx_word' id='word_1_212' title='bbox 1967 2306 2078 2353; x_wconf 89' lang='lat' dir='ltr'>pre-</span> 
     </span>
     <span class='ocr_line' id='line_1_25' title="bbox 304 2372 2075 2436; baseline -0.003 -11"><span class='ocrx_word' id='word_1_213' title='bbox 304 2380 463 2436; x_wconf 82' lang='lat' dir='ltr'>sente3</span> <span class='ocrx_word' id='word_1_214' title='bbox 489 2380 537 2424; x_wconf 90' lang='lat' dir='ltr'>et</span> <span class='ocrx_word' id='word_1_215' title='bbox 563 2376 610 2423; x_wconf 92' lang='lat' dir='ltr'>in</span> <span class='ocrx_word' id='word_1_216' title='bbox 639 2375 804 2433; x_wconf 87' lang='lat' dir='ltr'>missa,</span> <span class='ocrx_word' id='word_1_217' title='bbox 831 2373 1171 2422; x_wconf 90' lang='lat' dir='ltr'>communione</span> <span class='ocrx_word' id='word_1_218' title='bbox 1198 2373 1326 2421; x_wconf 89' lang='lat' dir='ltr'>facta</span> <span class='ocrx_word' id='word_1_219' title='bbox 1351 2388 1438 2436; x_wconf 91' lang='lat' dir='ltr'>per</span> <span class='ocrx_word' id='word_1_220' title='bbox 1463 2372 1808 2433; x_wconf 89' lang='lat' dir='ltr'>celebrantem,</span> <span class='ocrx_word' id='word_1_221' title='bbox 1833 2377 2075 2432; x_wconf 90' lang='lat' dir='ltr'>cantores,</span> 
     </span>
     <span class='ocr_line' id='line_1_26' title="bbox 304 2456 2079 2520; baseline -0.002 -12"><span class='ocrx_word' id='word_1_222' title='bbox 304 2459 573 2508; x_wconf 88' lang='lat' dir='ltr'>cardinales</span> <span class='ocrx_word' id='word_1_223' title='bbox 604 2463 651 2506; x_wconf 95' lang='lat' dir='ltr'>et</span> <span class='ocrx_word' id='word_1_224' title='bbox 684 2464 853 2506; x_wconf 87' lang='lat' dir='ltr'>omnes</span> <span class='ocrx_word' id='word_1_225' title='bbox 889 2456 1060 2520; x_wconf 87' lang='lat' dir='ltr'>prelati</span> <span class='ocrx_word' id='word_1_226' title='bbox 1095 2460 1389 2519; x_wconf 90' lang='lat' dir='ltr'>acceperunt</span> <span class='ocrx_word' id='word_1_227' title='bbox 1426 2460 1709 2518; x_wconf 89' lang='lat' dir='ltr'>paramenta</span> <span class='ocrx_word' id='word_1_228' title='bbox 1750 2461 2001 2516; x_wconf 91' lang='lat' dir='ltr'>consueta,</span> <span class='ocrx_word' id='word_1_229' title='bbox 2031 2461 2079 2504; x_wconf 90' lang='lat' dir='ltr'>et</span> 
     </span>
     <span class='ocr_line' id='line_1_27' title="bbox 305 2539 2079 2605; baseline -0.002 -14"><span class='ocrx_word' id='word_1_230' title='bbox 305 2543 535 2591; x_wconf 84' lang='lat' dir='ltr'>officiales</span> <span class='ocrx_word' id='word_1_231' title='bbox 554 2540 910 2605; x_wconf 88' lang='lat' dir='ltr'>superpellicia.</span> <span class='ocrx_word' id='word_1_232' title='bbox 933 2543 990 2588; x_wconf 93' lang='lat' dir='ltr'>D.</span> <span class='ocrx_word' id='word_1_233' title='bbox 1013 2539 1290 2588; x_wconf 90' lang='lat' dir='ltr'>Bonifacius</span> <span class='ocrx_word' id='word_1_234' title='bbox 1321 2539 1379 2587; x_wconf 95' lang='lat' dir='ltr'>de</span> <span class='ocrx_word' id='word_1_235' title='bbox 1408 2541 1574 2587; x_wconf 90' lang='lat' dir='ltr'>Castro</span> <span class='ocrx_word' id='word_1_236' title='bbox 1596 2539 1788 2588; x_wconf 87' lang='lat' dir='ltr'>Lotario</span> <span class='ocrx_word' id='word_1_237' title='bbox 1814 2539 2079 2604; x_wconf 86' lang='lat' dir='ltr'>apportavit</span> 
     </span>
     <span class='ocr_line' id='line_1_28' title="bbox 305 2622 2075 2688; baseline -0.003 -13"><span class='ocrx_word' id='word_1_238' title='bbox 305 2626 524 2675; x_wconf 91' lang='lat' dir='ltr'>Pontifici</span> <span class='ocrx_word' id='word_1_239' title='bbox 550 2640 699 2674; x_wconf 92' lang='lat' dir='ltr'>unum</span> <span class='ocrx_word' id='word_1_240' title='bbox 725 2624 927 2688; x_wconf 90' lang='lat' dir='ltr'>plattum</span> <span class='ocrx_word' id='word_1_241' title='bbox 951 2638 1181 2687; x_wconf 85' lang='lat' dir='ltr'>magnum</span> <span class='ocrx_word' id='word_1_242' title='bbox 1211 2638 1323 2671; x_wconf 90' lang='lat' dir='ltr'>cum</span> <span class='ocrx_word' id='word_1_243' title='bbox 1344 2622 1480 2685; x_wconf 83' lang='lat' dir='ltr'>agnis</span> <span class='ocrx_word' id='word_1_244' title='bbox 1508 2622 1595 2671; x_wconf 92' lang='lat' dir='ltr'>Dei</span> <span class='ocrx_word' id='word_1_245' title='bbox 1620 2622 1678 2671; x_wconf 96' lang='lat' dir='ltr'>de</span> <span class='ocrx_word' id='word_1_246' title='bbox 1705 2638 1850 2686; x_wconf 87' lang='lat' dir='ltr'>parva</span> <span class='ocrx_word' id='word_1_247' title='bbox 1877 2622 2075 2686; x_wconf 89' lang='lat' dir='ltr'>capella,</span> 
     </span>
     <span class='ocr_line' id='line_1_29' title="bbox 304 2706 2076 2770; baseline -0.001 -14"><span class='ocrx_word' id='word_1_248' title='bbox 304 2725 438 2758; x_wconf 89' lang='lat' dir='ltr'>more</span> <span class='ocrx_word' id='word_1_249' title='bbox 461 2709 600 2757; x_wconf 88' lang='lat' dir='ltr'>solito</span> <span class='ocrx_word' id='word_1_250' title='bbox 623 2707 762 2755; x_wconf 84' lang='lat' dir='ltr'>tertio</span> <span class='ocrx_word' id='word_1_251' title='bbox 783 2706 948 2755; x_wconf 90' lang='lat' dir='ltr'>dicens</span> <span class='ocrx_word' id='word_1_252' title='bbox 975 2724 984 2755; x_wconf 77' lang='grc' dir='ltr'><strong><em>ε</em></strong></span> <span class='ocrx_word' id='word_1_253' title='bbox 1011 2727 1032 2751; x_wconf 90' lang='lat'>«</span> <span class='ocrx_word' id='word_1_254' title='bbox 1058 2708 1199 2754; x_wconf 89' lang='lat' dir='ltr'>Pater</span> <span class='ocrx_word' id='word_1_255' title='bbox 1220 2710 1402 2763; x_wconf 87' lang='lat' dir='ltr'>sancte,</span> <span class='ocrx_word' id='word_1_256' title='bbox 1427 2706 1506 2754; x_wconf 86' lang='lat' dir='ltr'>isti</span> <span class='ocrx_word' id='word_1_257' title='bbox 1525 2710 1635 2754; x_wconf 91' lang='lat' dir='ltr'>sunt</span> <span class='ocrx_word' id='word_1_258' title='bbox 1652 2706 1762 2770; x_wconf 90' lang='lat' dir='ltr'>agni</span> <span class='ocrx_word' id='word_1_259' title='bbox 1785 2724 1836 2764; x_wconf 84' lang='lat'>»3</span> <span class='ocrx_word' id='word_1_260' title='bbox 1862 2710 1910 2755; x_wconf 91' lang='lat' dir='ltr'>et</span> <span class='ocrx_word' id='word_1_261' title='bbox 1930 2708 2076 2769; x_wconf 83' lang='lat' dir='ltr'>Papa,</span> 
     </span>
     <span class='ocr_line' id='line_1_30' title="bbox 305 2788 2080 2856; baseline -0.003 -15"><span class='ocrx_word' id='word_1_262' title='bbox 305 2797 504 2855; x_wconf 86' lang='lat' dir='ltr'>accepto</span> <span class='ocrx_word' id='word_1_263' title='bbox 533 2793 769 2856; x_wconf 78' lang='lat' dir='ltr'>gremiali,</span> <span class='ocrx_word' id='word_1_264' title='bbox 792 2790 1032 2840; x_wconf 89' lang='lat' dir='ltr'>distribuit</span> <span class='ocrx_word' id='word_1_265' title='bbox 1054 2790 1252 2854; x_wconf 84' lang='lat' dir='ltr'>singulis</span> <span class='ocrx_word' id='word_1_266' title='bbox 1281 2790 1623 2838; x_wconf 87' lang='lat' dir='ltr'>cardinalibus.</span> <span class='ocrx_word' id='word_1_267' title='bbox 1649 2788 1790 2837; x_wconf 91' lang='lat' dir='ltr'>Dedit</span> <span class='ocrx_word' id='word_1_268' title='bbox 1808 2804 1956 2836; x_wconf 92' lang='lat' dir='ltr'>unum</span> <span class='ocrx_word' id='word_1_269' title='bbox 1975 2803 2080 2835; x_wconf 89' lang='lat' dir='ltr'>ma-</span> 
     </span>
     <span class='ocr_line' id='line_1_31' title="bbox 305 2869 2080 2939; baseline -0.003 -17"><span class='ocrx_word' id='word_1_270' title='bbox 305 2891 452 2939; x_wconf 88' lang='lat' dir='ltr'>gnum</span> <span class='ocrx_word' id='word_1_271' title='bbox 483 2875 677 2922; x_wconf 87' lang='lat' dir='ltr'>cuilibet</span> <span class='ocrx_word' id='word_1_272' title='bbox 707 2890 818 2922; x_wconf 92' lang='lat' dir='ltr'>cum</span> <span class='ocrx_word' id='word_1_273' title='bbox 850 2873 1011 2921; x_wconf 88' lang='lat' dir='ltr'>multis</span> <span class='ocrx_word' id='word_1_274' title='bbox 1041 2873 1145 2920; x_wconf 91' lang='lat' dir='ltr'>aliis</span> <span class='ocrx_word' id='word_1_275' title='bbox 1178 2873 1388 2936; x_wconf 90' lang='lat' dir='ltr'>desuper</span> <span class='ocrx_word' id='word_1_276' title='bbox 1417 2872 1602 2935; x_wconf 83' lang='lat' dir='ltr'>positiS,</span> <span class='ocrx_word' id='word_1_277' title='bbox 1634 2870 1981 2933; x_wconf 82' lang='lat' dir='ltr'>quinquaginta</span> <span class='ocrx_word' id='word_1_278' title='bbox 2005 2869 2080 2918; x_wconf 87' lang='lat' dir='ltr'>vel</span> 
     </span>
     <span class='ocr_line' id='line_1_32' title="bbox 307 2953 2075 3018; baseline -0.003 -12"><span class='ocrx_word' id='word_1_279' title='bbox 307 2958 432 3007; x_wconf 86' lang='lat' dir='ltr'>circa</span> <span class='ocrx_word' id='word_1_280' title='bbox 473 2958 771 3016; x_wconf 87' lang='lat' dir='ltr'>camerario;</span> <span class='ocrx_word' id='word_1_281' title='bbox 812 2961 860 3005; x_wconf 92' lang='lat' dir='ltr'>et</span> <span class='ocrx_word' id='word_1_282' title='bbox 897 2955 1290 3004; x_wconf 89' lang='lat' dir='ltr'>vicecancellario</span> <span class='ocrx_word' id='word_1_283' title='bbox 1331 2954 1461 3003; x_wconf 92' lang='lat' dir='ltr'>dedit</span> <span class='ocrx_word' id='word_1_284' title='bbox 1499 2954 1770 3018; x_wconf 89' lang='lat' dir='ltr'>portionem</span> <span class='ocrx_word' id='word_1_285' title='bbox 1815 2953 2075 3016; x_wconf 90' lang='lat' dir='ltr'>duplicem,</span> 
     </span>
     <span class='ocr_line' id='line_1_33' title="bbox 307 3036 2078 3105; baseline -0.003 -16"><span class='ocrx_word' id='word_1_286' title='bbox 307 3041 506 3105; x_wconf 89' lang='lat' dir='ltr'>singulis</span> <span class='ocrx_word' id='word_1_287' title='bbox 534 3041 638 3088; x_wconf 90' lang='lat' dir='ltr'>aliis</span> <span class='ocrx_word' id='word_1_288' title='bbox 670 3039 955 3104; x_wconf 87' lang='lat' dir='ltr'>simplicem,</span> <span class='ocrx_word' id='word_1_289' title='bbox 984 3039 1095 3087; x_wconf 90' lang='lat' dir='ltr'>licet</span> <span class='ocrx_word' id='word_1_290' title='bbox 1119 3038 1281 3102; x_wconf 88' lang='lat' dir='ltr'>plures</span> <span class='ocrx_word' id='word_1_291' title='bbox 1306 3042 1527 3101; x_wconf 87' lang='lat' dir='ltr'>peterent</span> <span class='ocrx_word' id='word_1_292' title='bbox 1555 3052 1641 3100; x_wconf 90' lang='lat' dir='ltr'>pro</span> <span class='ocrx_word' id='word_1_293' title='bbox 1669 3036 1967 3084; x_wconf 65' lang='lat' dir='ltr'>absentibus</span> <span class='ocrx_word' id='word_1_294' title='bbox 1989 3037 2078 3083; x_wconf 90' lang='lat' dir='ltr'>Ce-</span> 
     </span>
     <span class='ocr_line' id='line_1_34' title="bbox 306 3118 2078 3186; baseline -0.004 -14"><span class='ocrx_word' id='word_1_295' title='bbox 306 3124 497 3172; x_wconf 88' lang='lat' dir='ltr'>lebrans</span> <span class='ocrx_word' id='word_1_296' title='bbox 518 3123 686 3171; x_wconf 85' lang='lat' dir='ltr'>habuit</span> <span class='ocrx_word' id='word_1_297' title='bbox 712 3122 982 3186; x_wconf 86' lang='lat' dir='ltr'>portionem</span> <span class='ocrx_word' id='word_1_298' title='bbox 1012 3121 1061 3168; x_wconf 92' lang='lat' dir='ltr'>in</span> <span class='ocrx_word' id='word_1_299' title='bbox 1086 3121 1194 3169; x_wconf 91' lang='lat' dir='ltr'>loco</span> <span class='ocrx_word' id='word_1_300' title='bbox 1222 3119 1558 3184; x_wconf 89' lang='lat' dir='ltr'>promotionis,</span> <span class='ocrx_word' id='word_1_301' title='bbox 1583 3119 1766 3168; x_wconf 91' lang='lat' dir='ltr'>scilicet</span> <span class='ocrx_word' id='word_1_302' title='bbox 1793 3123 1900 3183; x_wconf 90' lang='lat' dir='ltr'>post</span> <span class='ocrx_word' id='word_1_303' title='bbox 1923 3118 2078 3166; x_wconf 89' lang='lat' dir='ltr'>cardi-</span> 
     </span>
     <span class='ocr_line' id='line_1_35' title="bbox 306 3201 2079 3270; baseline -0.005 -15"><span class='ocrx_word' id='word_1_304' title='bbox 306 3208 466 3255; x_wconf 86' lang='lat' dir='ltr'>nalem</span> <span class='ocrx_word' id='word_1_305' title='bbox 512 3223 550 3254; x_wconf 93' lang='lat' dir='ltr'>s.</span> <span class='ocrx_word' id='word_1_306' title='bbox 593 3206 828 3270; x_wconf 84' lang='lat' dir='ltr'>Dionysii,</span> <span class='ocrx_word' id='word_1_307' title='bbox 869 3209 915 3252; x_wconf 90' lang='lat' dir='ltr'>et</span> <span class='ocrx_word' id='word_1_308' title='bbox 951 3208 1061 3252; x_wconf 88' lang='lat' dir='ltr'>ante</span> <span class='ocrx_word' id='word_1_309' title='bbox 1101 3202 1392 3250; x_wconf 89' lang='lat' dir='ltr'>cardinalem</span> <span class='ocrx_word' id='word_1_310' title='bbox 1437 3218 1475 3249; x_wconf 87' lang='lat' dir='ltr'>S.</span> <span class='ocrx_word' id='word_1_311' title='bbox 1514 3202 1692 3250; x_wconf 88' lang='lat' dir='ltr'>Crucis.</span> <span class='ocrx_word' id='word_1_312' title='bbox 1730 3201 1836 3250; x_wconf 91' lang='lat' dir='ltr'>Fuit</span> <span class='ocrx_word' id='word_1_313' title='bbox 1877 3215 2079 3264; x_wconf 88' lang='lat' dir='ltr'>magnus</span> 
     </span>
     <span class='ocr_line' id='line_1_36' title="bbox 309 3284 2079 3352; baseline -0.005 -14"><span class='ocrx_word' id='word_1_314' title='bbox 309 3290 539 3338; x_wconf 81' lang='lat' dir='ltr'>tumultus</span> <span class='ocrx_word' id='word_1_315' title='bbox 562 3294 609 3338; x_wconf 93' lang='lat' dir='ltr'>et</span> <span class='ocrx_word' id='word_1_316' title='bbox 631 3289 872 3352; x_wconf 89' lang='lat' dir='ltr'>strepitus,</span> <span class='ocrx_word' id='word_1_317' title='bbox 899 3287 1082 3335; x_wconf 88' lang='lat' dir='ltr'>scilicet</span> <span class='ocrx_word' id='word_1_318' title='bbox 1108 3286 1236 3349; x_wconf 91' lang='lat' dir='ltr'>quod</span> <span class='ocrx_word' id='word_1_319' title='bbox 1266 3288 1394 3349; x_wconf 87' lang='lat' dir='ltr'>Papa</span> <span class='ocrx_word' id='word_1_320' title='bbox 1420 3300 1514 3333; x_wconf 92' lang='lat' dir='ltr'>non</span> <span class='ocrx_word' id='word_1_321' title='bbox 1537 3285 1691 3348; x_wconf 90' lang='lat' dir='ltr'>potuit</span> <span class='ocrx_word' id='word_1_322' title='bbox 1721 3284 1834 3333; x_wconf 86' lang='lat' dir='ltr'>dare</span> <span class='ocrx_word' id='word_1_323' title='bbox 1856 3284 2079 3331; x_wconf 91' lang='lat' dir='ltr'>omnibus</span> 
     </span>
     <span class='ocr_line' id='line_1_37' title="bbox 308 3367 2080 3432; baseline -0.003 -12"><span class='ocrx_word' id='word_1_324' title='bbox 308 3373 541 3421; x_wconf 87' lang='lat' dir='ltr'>ordinate.</span> <span class='ocrx_word' id='word_1_325' title='bbox 567 3372 680 3420; x_wconf 91' lang='lat' dir='ltr'>lnde</span> <span class='ocrx_word' id='word_1_326' title='bbox 699 3371 810 3420; x_wconf 87' lang='lat' dir='ltr'>lavit</span> <span class='ocrx_word' id='word_1_327' title='bbox 833 3386 1004 3419; x_wconf 90' lang='lat' dir='ltr'>manus</span> <span class='ocrx_word' id='word_1_328' title='bbox 1027 3375 1075 3418; x_wconf 88' lang='lat' dir='ltr'>et</span> <span class='ocrx_word' id='word_1_329' title='bbox 1099 3369 1232 3418; x_wconf 87' lang='lat' dir='ltr'>finita</span> <span class='ocrx_word' id='word_1_330' title='bbox 1258 3374 1330 3417; x_wconf 89' lang='lat' dir='ltr'>est</span> <span class='ocrx_word' id='word_1_331' title='bbox 1350 3369 1514 3417; x_wconf 88' lang='lat' dir='ltr'>missa.</span> <span class='ocrx_word' id='word_1_332' title='bbox 1540 3371 1632 3417; x_wconf 91' lang='lat' dir='ltr'>Per</span> <span class='ocrx_word' id='word_1_333' title='bbox 1653 3371 1830 3432; x_wconf 88' lang='lat' dir='ltr'>Papam</span> <span class='ocrx_word' id='word_1_334' title='bbox 1855 3367 2080 3416; x_wconf 90' lang='lat' dir='ltr'>benedic-</span> 
     </span>
     <span class='ocr_line' id='line_1_38' title="bbox 310 3451 2077 3518; baseline -0.003 -15"><span class='ocrx_word' id='word_1_335' title='bbox 310 3457 439 3504; x_wconf 87' lang='lat' dir='ltr'>tione</span> <span class='ocrx_word' id='word_1_336' title='bbox 470 3456 596 3514; x_wconf 89' lang='lat' dir='ltr'>data,</span> <span class='ocrx_word' id='word_1_337' title='bbox 624 3460 669 3502; x_wconf 89' lang='lat' dir='ltr'>et</span> <span class='ocrx_word' id='word_1_338' title='bbox 690 3455 986 3518; x_wconf 90' lang='lat' dir='ltr'>indulgentia</span> <span class='ocrx_word' id='word_1_339' title='bbox 1008 3470 1071 3502; x_wconf 84' lang='lat' dir='ltr'>vn</span> <span class='ocrx_word' id='word_1_340' title='bbox 1099 3468 1333 3501; x_wconf 89' lang='lat' dir='ltr'>annorum</span> <span class='ocrx_word' id='word_1_341' title='bbox 1364 3457 1411 3500; x_wconf 89' lang='lat' dir='ltr'>et</span> <span class='ocrx_word' id='word_1_342' title='bbox 1438 3452 1643 3514; x_wconf 18' lang='lat' dir='ltr'>*totidem</span> <span class='ocrx_word' id='word_1_343' title='bbox 1665 3451 2077 3514; x_wconf 89' lang='lat' dir='ltr'>quadragenarum</span> 
     </span>
    </p>
   </div>
  </div>
 </body>
</html>
