2202 3900
246 354 315 389 388
877 355 1111 391 JOHANNIS
1145 354 1440 399 BURCHARDI,
1805 356 1901 395 [suin
1925 357 2016 396 1497]

248 453 413 502 matris
447 470 633 515 eorum,
672 455 829 518 posita
863 471 1011 519 prope
1050 456 1306 503 ecclesiam
1335 472 1373 502 s.
1407 455 1535 502 Petri
1563 454 1624 502 ad
1650 455 1868 515 Vincula,
1908 472 2018 505 cum

247 537 352 601 ipsa
381 554 549 587 eorum
586 543 738 587 matre
771 543 818 586 et
852 538 972 585 aliis,
1013 541 1142 586 Cena
1172 538 1316 596 facta,
1353 541 1494 585 nocte
1529 553 1724 586 cursum
1760 543 1932 601 agente
1972 544 2021 588 et

248 623 386 668 Rmo.
411 623 467 669 D.
493 621 721 668 cardinali
750 620 1006 669 Valentino
1040 620 1247 668 reditum
1270 635 1439 668 eorum
1459 621 1518 668 ad
1541 621 1771 684 palatIum
1792 622 2022 685 apostoli-

249 719 359 751 cum
382 703 674 751 sollicitante·
696 703 822 767 apud
840 703 1012 750 ducem
1036 708 1082 751 et
1104 703 1430 767 capitaneum,
1454 704 1650 752 fratrem
1679 720 1818 752 suum
1837 704 2024 767 predic-

249 792 369 845 tum,
399 786 721 834 ascenderunt
750 802 900 849 equos
928 786 1022 834 sive
1044 786 1198 834 mulas
1224 786 1367 835 ambo
1389 787 1478 851 ipsi
1505 803 1614 835 cum
1636 787 1802 850 paucis
1824 803 1883 836 ex
1905 776 2020 848 suis,

247 869 473 931 quoniam
507 869 825 933 paucissimos
854 869 1111 918 servitores
1144 884 1308 918 secum
1330 870 1604 930 habebant3
1631 875 1679 919 et
1706 870 1848 919 simul
1878 871 2020 919 ambo

248 953 521 1017 equitarunt
553 969 702 1016 usque
735 969 832 1000 non
862 954 1006 1017 longe
1044 971 1071 1002 a
1102 954 1279 1018 palatio
1312 954 1437 1001 Rmi.
1478 956 1533 1002 D.
1555 954 1764 1013 Ascanii,
1800 954 2021 1002 vicecan-

248 1034 445 1094 cellarii,
484 1034 613 1098 quod
642 1034 759 1081 alias
788 1037 870 1083 SS.
898 1038 953 1083 D.
979 1037 1148 1096 nostri,
1186 1041 1301 1084 tunc
1336 1036 1760 1085 vicecancellarius
1794 1037 2022 1096 existens,

248 1118 516 1166 inhabitare
540 1119 793 1166 consuevit
812 1123 858 1167 et
875 1121 1114 1168 contruxit
1134 1137 1143 1168 :
1169 1120 1250 1168 ubi
1272 1120 1426 1168 dictus
1445 1120 1541 1178 dux
1562 1136 1782 1170 asserens
1805 1137 1855 1169 se
1877 1121 2027 1185 prius-

249 1216 390 1264 quam
413 1200 473 1247 ad
492 1200 724 1264 palatium
747 1206 1069 1250 reverteretur
1090 1203 1200 1250 alibi
1223 1203 1379 1251 solatii
1403 1204 1760 1264 causaiturum,
1785 1208 1983 1268 accepta
2000 1221 2028 1253 a

250 1284 468 1348 predicto
491 1285 731 1333 cardinale
753 1285 898 1334 fratre
920 1301 1005 1334 suo
1021 1286 1231 1346 licentia,
1258 1287 1551 1346 retrocessit,
1577 1287 1785 1336 dimissis
1807 1288 2027 1337 omnibus

250 1369 343 1417 illis
365 1369 531 1433 paucis
564 1369 874 1418 servitoribus
905 1386 1025 1433 quos
1048 1386 1212 1419 secum
1233 1371 1461 1429 habebat,
1488 1386 1516 1418 a
1543 1387 1593 1418 se
1622 1387 1717 1420 uno
1746 1375 1931 1420 tantum
1956 1387 2029 1424 re-
2086 1432 2095 1439 ι

251 1455 383 1500 tento
413 1457 459 1501 et
486 1452 694 1515 quodam
725 1453 824 1515 qui,
859 1453 980 1502 facie
1013 1454 1184 1513 velata,
1215 1454 1276 1502 ad
1308 1470 1479 1503 cenam
1511 1453 1572 1501 ad
1598 1469 1710 1502 eum
1737 1458 1949 1512 venerat,
1981 1459 2030 1501 et

252 1552 338 1600 per
363 1552 583 1585 mensem
614 1537 687 1584 vel
719 1537 848 1585 circa
868 1537 997 1601 prius
1021 1537 1218 1602 singulis
1239 1538 1314 1586 vel
1335 1538 1471 1601 quasi
1493 1536 1659 1586 diebus
1682 1552 1792 1586 eum
1815 1536 1960 1585 etiam
1980 1535 2029 1584 in

251 1619 429 1683 palatio
462 1620 728 1684 apostolico
762 1621 1054 1680 visitaverat;
1089 1621 1138 1668 in
1165 1621 1296 1669 mula
1328 1637 1472 1685 quam
1505 1621 1609 1685 ipse
1640 1621 1736 1668 dux
1766 1620 2027 1684 equitabat,

253 1708 384 1752 retro
408 1720 458 1751 se
482 1709 696 1768 recepto,
736 1704 1133 1768 equitavitusque
1157 1705 1217 1752 ad
1249 1705 1457 1768 plateam
1489 1705 1751 1753 Judeorum
1783 1703 1865 1751 ubi
1887 1703 2031 1752 etiam

254 1782 435 1835 dictum
469 1787 735 1836 stafferium
768 1788 1031 1836 licentiavit
1058 1793 1105 1836 et
1127 1804 1155 1836 a
1183 1805 1233 1836 se
1265 1803 1429 1836 versus
1448 1788 1681 1851 palatium
1712 1786 1914 1846 remisit,
1943 1785 2033 1834 sibi

255 1877 418 1919 tamen
453 1870 762 1919 committens
793 1871 923 1935 quod
950 1872 1009 1919 ad
1029 1871 1200 1919 horam
1222 1888 1335 1919 xxm
1360 1872 1410 1919 in
1430 1871 1557 1919 dicta
1577 1871 1735 1935 platea
1756 1873 2033 1934 expectaret

255 1951 432 2017 ipsum,
458 1954 581 2002 infra
601 1971 764 2018 quam,
783 1954 823 2002 si
838 1954 898 2002 ad
918 1970 1028 2003 eum
1049 1971 1147 2003 non
1166 1959 1504 2014 reverteretur,
1527 1955 1585 2003 ad
1601 1954 1783 2003 dictum
1801 1953 2030 2018 palatium

254 2037 454 2096 rediret3
474 2038 613 2086 ethis
637 2038 794 2097 dictis,
817 2039 1063 2102 predictus
1083 2039 1179 2087 dux
1197 2055 1307 2087 cum
1325 2039 1505 2088 larvato
1521 2038 1570 2086 in
1588 2054 1772 2102 groppa
1793 2053 1878 2086 sue
1895 2035 2030 2085 mule

254 2121 548 2170 consedente
578 2138 606 2170 a
630 2122 839 2171 stafferio
869 2123 1086 2182 recessit,
1112 2127 1159 2171 et
1180 2139 1273 2186 quo
1302 2123 1529 2187 equitavit
1560 2121 1745 2180 nescio,
1776 2121 1858 2169 ubi
1880 2121 2029 2184 inter-

257 2206 408 2253 fectus
431 2210 478 2254 et
499 2210 698 2253 necatus
721 2210 811 2264 est,
837 2206 954 2254 etin
976 2206 1156 2255 flumen
1178 2222 1264 2271 per
1281 2207 1414 2254 illum
1435 2206 1598 2254 locum
1615 2206 1755 2271 juxta
1776 2220 1860 2254 seu
1882 2220 2033 2268 prope

256 2288 496 2352 hospitale
528 2289 678 2336 sancti
708 2289 988 2354 Hieronymi
1012 2290 1289 2338 Sclavorum
1310 2294 1659 2353 nuncupatum,
1685 2289 1733 2337 in
1753 2289 1825 2336 via
1853 2304 1947 2352 qua
1975 2286 2034 2335 de

256 2377 403 2436 ponte
427 2389 464 2419 s.
490 2373 659 2436 Angeli
688 2377 819 2420 recta
839 2373 914 2420 via
932 2373 1028 2420 itur
1048 2374 1108 2421 ad
1128 2373 1383 2422 ecclesiam
1410 2373 1549 2421 beate
1577 2372 1725 2421 Marie
1749 2372 1807 2421 de
1829 2371 2031 2436 Populo,

255 2455 393 2518 juxta
409 2455 593 2504 fontem
612 2471 669 2504 ex
691 2460 816 2504 terra
835 2450 1127 2505 conductum
1150 2456 1312 2514 situm,
1335 2472 1422 2520 per
1439 2471 1584 2519 quem
1606 2455 1748 2503 fimus
1771 2470 1917 2519 super
1936 2470 2037 2503 car-

262 2539 395 2586 rettis
424 2538 692 2588 conductus
714 2539 950 2603 adipsum
975 2540 1158 2588 flumen
1191 2539 1359 2603 projici
1387 2539 1647 2598 consuevit,
1678 2539 1921 2604 projectus
1943 2542 2033 2587 est.

260 2622 508 2670 Stafferius
544 2627 706 2671 autem
746 2623 989 2686 predictus
1018 2623 1066 2671 in
1093 2624 1254 2687 platea
1278 2623 1544 2672 Judeorum
1574 2621 1799 2670 dimissus
1831 2621 2039 2686 graviter

261 2705 534 2754 vulneratus
551 2711 598 2754 et
613 2722 764 2769 usque
786 2706 847 2754 ad
863 2711 1070 2755 mortem
1093 2707 1341 2755 mutilatus
1361 2706 1470 2754 etin
1485 2705 1692 2769 quadam
1713 2704 1878 2754 nescio
1899 2704 2037 2768 cujus

262 2785 406 2837 domo
433 2789 812 2838 misericorditer
835 2795 1063 2854 receptus
1086 2794 1159 2838 est
1180 2796 1225 2839 et
1257 2806 1373 2838 cura
1399 2790 1442 2838 ei
1462 2790 1708 2853 impensa:
1735 2787 1816 2851 qui
1834 2787 1902 2835 sic
1923 2802 2037 2851 per-

263 2871 479 2932 turbatus
510 2888 606 2920 non
636 2873 790 2936 potuit
823 2874 1084 2936 quIcquam
1107 2874 1166 2921 de
1189 2873 1371 2922 domini
1401 2872 1470 2919 sui
1498 2871 1839 2920 commissione
1861 2874 1908 2918 et
1930 2885 2040 2918 suc-

264 2971 404 3003 cessu
427 2954 716 3019 significare.
751 2958 892 3004 Mane
925 2961 1088 3005 autem
1118 2956 1262 3015 facto,
1292 2955 1415 3020 Jovis
1442 2958 1497 3003 15
1509 2954 1652 3020 junii,
1680 2953 1801 3002 duce
1823 2951 2039 3018 predicto

264 3039 324 3087 ad
356 3038 584 3102 palatium
615 3038 936 3102 apostolicum
963 3055 1058 3088 non
1086 3039 1337 3099 redeunte,
1373 3038 1627 3087 servitores
1654 3036 1725 3084 sui
1755 3036 2040 3085 secretiores

265 3122 692 3182 conturbabantur,
715 3126 762 3170 et
780 3138 903 3170 unus
925 3123 1059 3171 ducis
1080 3123 1280 3188 predicti
1303 3128 1350 3173 et
1372 3123 1626 3171 cardinalis
1646 3122 1890 3173 Valentini
1913 3136 2043 3171 sero-

265 3206 418 3255 tinum
440 3221 687 3255 recessum
704 3210 751 3255 et
773 3210 1076 3269 expectatum
1094 3208 1196 3272 ejus
1218 3207 1421 3255 reditum
1442 3220 1585 3255 mane
1606 3205 1821 3270 pontifici
1843 3204 2039 3253 indicat,

267 3290 578 3338 Perturbatus
606 3289 779 3338 exinde
812 3290 1045 3354 pontifex,
1071 3295 1118 3339 et
1138 3296 1300 3339 tamen
1328 3289 1487 3354 ipsum
1522 3287 1695 3339 ducem
1728 3287 1903 3337 alicubi
1934 3301 2042 3335 cum

266 3373 424 3438 puella
454 3373 704 3422 intendere
734 3374 865 3421 luxui
900 3374 990 3422 sibi
1022 3373 1320 3437 persuadens
1351 3377 1398 3421 et
1426 3374 1487 3421 ob
1521 3389 1628 3422 eam
1659 3388 1854 3422 causam
1886 3369 2043 3434 puelle

268 3458 464 3506 domum
496 3457 627 3505 exire
660 3458 740 3506 illa
773 3458 850 3506 die
882 3457 969 3522 ipsi
1001 3457 1109 3506 duci
1140 3473 1236 3506 non
1267 3457 1433 3517 licere,
1474 3456 1696 3521 sperabat
1728 3453 1909 3505 eumin
1937 3465 2044 3501 sero
