2216 3886
167 325 375 365 {ns-comtum
403 326 494 364 ¹499]
617 324 781 360 RERUM
813 323 1111 359 ΕΗΒᾸΧᾸΗΓΜ
1146 324 1495 362 COMMEN'I‘AHH.
1877 329 1941 365 601

175 427 313 474 sedes
345 442 431 474 sua
458 441 599 489 quam
631 426 808 474 ibidem
837 426 1070 484 ascendit,
1103 434 1146 474 et
1178 429 1503 490 processimus
1531 443 1682 491 usque
1711 429 1771 476 ad
1797 429 1944 477 altare

168 510 322 571 majus
353 508 548 556 basilice
582 509 812 571 predicte.
839 511 958 556 Cum
984 511 1111 572 Papa
1145 509 1341 556 intraret
1372 514 1577 572 portam,
1603 510 1804 572 predicti
1833 528 1945 559 can-

169 598 296 641 tores
318 594 600 658 inceperunt
622 594 686 641 Te
704 594 863 641 Deum
885 594 1151 653 laudamus,
1177 594 1303 657 quod
1330 594 1481 641 secuti
1510 609 1659 656 usque
1683 594 1742 641 ad
1768 584 1914 643 finem
1936 611 1944 653 ;

169 683 215 725 et
239 693 331 724 non
354 682 425 725 est
452 669 630 724 dictum
655 682 760 741 post
790 677 946 740 ipsum
972 677 1100 724 aliud
1127 677 1353 739 hujusmo
1367 676 1405 723 ,11
1428 682 1589 725 actum
1622 693 1941 727 concernens.

174 760 357 807 Fuisset
397 765 556 807 tamen
597 759 719 807 forte
756 759 1046 807 conveniens
1084 760 1212 821 quod
1249 762 1377 822 Papa
1411 764 1666 823 postquam
1700 761 1759 808 ad
1793 762 1942 810 altare

171 844 326 906 majus
355 843 571 906 pervenit
601 857 687 905 pro
723 842 1034 890 conclusione
1073 843 1135 888 Ta
1166 843 1343 899 Deum,
1369 849 1475 906 post
1506 843 1685 890 dictum
1716 860 1802 906 per
1834 861 1946 892 can-

172 932 300 974 tores
339 928 695 988 competentem
738 923 1023 970 versiculum
1060 939 1169 970 cum
1209 941 1294 970 sno
1327 926 1658 987 responsorio,
1695 932 1946 975 cantarent

171 1009 469 1057 orationem:

234 1093 454 1141 Actiones
482 1099 683 1145 nostras,
712 1107 982 1154 quas-emens,
1008 1092 1227 1145 Domine,
1255 1093 1506 1157 aspirando
1525 1094 1722 1155 prorem?
1743 1101 1786 1138 et
1807 1093 1947 1154 adju-

170 1175 320 1223 vando
348 1190 631 1238 prosequere
663 1182 719 1221 ut
739 1183 906 1222 cuneta
939 1183 1099 1222 nostra
1141 1178 1287 1224 oratio
1319 1194 1346 1223 α
1380 1185 1422 1224 te
1454 1192 1632 1239 semper
1665 1176 1872 1238 incipiat,
1901 1184 1944 1221 et

165 1276 250 1323 per
280 1267 324 1306 te
356 1267 483 1322 cepta
516 1258 737 1322 finiatur,
761 1273 847 1319 per
873 1257 1151 1309 Dominum.
1183 1268 1278 1313 ete:
1304 1261 1377 1308 vel
1410 1261 1551 1308 aliam
1588 1260 1740 1318 magis
1769 1275 1943 1307 conve-

170 1343 400 1411 11101110111.

237 1425 518 1472 Ordinatum
548 1424 703 1472 fuerat
733 1425 858 1487 quod
894 1427 1021 1487 Papa
1048 1425 1151 1488 ipse
1179 1431 1437 1489 antequam
1458 1442 1544 1490 per
1561 1432 1750 1490 portam
1778 1427 1948 1492 hujus-

172 1508 302 1555 modi
336 1508 556 1567 intraret,
589 1507 825 1571 inciperet
852 1508 900 1554 in
928 1512 1068 1555 cantu
1099 1509 1163 1556 Te
1187 1509 1337 1557 Deum
1367 1509 1618 1557 laudamus
1647 1516 1692 1558 et
1724 1501 1948 1559 cantores

171 1596 583 1656 prosequerentur
603 1607 752 1654 usque
772 1591 832 1639 ad
852 1591 1018 1650 finem,
1038 1593 1124 1640 sed
1139 1597 1271 1641 tanta
1288 1593 1376 1641 fuit
1397 1609 1625 1657 pressura
1643 1599 1690 1642 et
1705 1596 1944 1657 angustia,

173 1675 300 1739 quod
328 1683 425 1722 tam
456 1675 559 1738 ipse
588 1677 718 1738 Papa
746 1691 890 1738 quam
921 1691 1009 1723 nos
1041 1677 1267 1724 oblivioni
1299 1678 1601 1737 tradidimus,
1632 1683 1862 1741 pervento
1890 1678 1949 1725 ad

172 1758 321 1806 altare
350 1758 523 1821 majuS,
556 1773 723 1806 omnes
755 1760 1059 1806 extinxerunt
1086 1761 1311 1809 candelas
1339 1778 1467 1809 suas.
1501 1764 1629 1825 Papa
1656 1762 1805 1809 oravit
1838 1767 1949 1810 ante

172 1841 337 1899 altare,
379 1840 597 1888 ascendit
636 1841 697 1889 ad
733 1841 930 1899 solium3
965 1842 1092 1890 facta
1130 1849 1203 1892 est
1235 1845 1324 1891 sibi
1355 1861 1444 1908 per
1469 1845 1735 1892 cardinales
1763 1848 1947 1893 tantum

172 1926 438 1973 reverentia
473 1926 636 1984 solita;
665 1929 722 1973 D.
759 1925 964 1974 Vasinus
999 1927 1254 1985 Gambara,
1289 1927 1614 1975 subdiaconus
1654 1928 1947 1991 apostolicus

169 2008 487 2071 preintonavit
521 2009 834 2072 antiphonam
867 2013 914 2057 et
948 2012 1003 2056 D.
1035 2010 1311 2058 Jacobatius
1344 2011 1550 2064 auditor,
1585 2011 1819 2075 hymnum
1855 2027 1945 2074 per

170 2096 321 2139 totum
343 2092 493 2150 male;
520 2092 782 2140 secundam
813 2092 1127 2155 antiphonam
1154 2093 1388 2142 intonavit.
1415 2093 1672 2141 cardinalis
1695 2095 1942 2152 Senensis,

168 2173 377 2232 tertiam,
418 2175 779 2238 Neapolitanus,
815 2179 1054 2237 quartam,
1091 2192 1129 2222 s.
1165 2176 1426 2224 Clementis
1448 2181 1495 2225 01
1529 2177 1764 2239 quintam,
1803 2179 1947 2226 Cesa-

170 2256 298 2303 rinus
324 2274 334 2304 :
360 2257 702 2321 Neapolitanus
722 2257 809 2305 fuit
831 2258 1080 2315 assistenS,
1106 2264 1153 2305 et
1174 2259 1266 2306 alia
1286 2274 1422 2306 more
1446 2259 1605 2307 solito.

234 2339 401 2388 Finitis
422 2340 651 2404 vesperis,
684 2341 969 2399 cardinales,
1000 2342 1210 2389 dimissis
1238 2342 1286 2389 in
1312 2342 1498 2406 capella
1517 2343 1831 2405 paramentis,
1865 2358 1946 2390 ac-

166 2427 398 2484 ceperunt
419 2439 597 2486 cappas
620 2440 749 2482 suas,
769 2424 989 2472 similiter
1010 2428 1056 2471 et
1073 2425 1243 2487 prelati
1263 2430 1396 2473 extra
1414 2426 1649 2489 capellam
1662 2430 1945 2488 paramenta

168 2503 451 2553 dimiserunt
479 2510 526 2554 et
556 2511 849 2569 acceperunt
875 2508 1148 2555 mantellos.
1184 2511 1310 2571 Papa
1336 2509 1478 2556 rediit
1507 2509 1566 2556 ad
1596 2508 1827 2571 palatium
1859 2524 1945 2571 per

168 2586 381 2636 inedium
405 2589 610 2637 ecclesie
633 2593 681 2636 01
706 2589 780 2637 via
800 2595 1049 2637 consueta.

234 2671 404 2730 Hodie,
430 2677 625 2734 peracto
649 2673 868 2735 prandio,
895 2673 1135 2737 completa
1166 2679 1238 2722 est
1269 2680 1466 2737 ruptura
1497 2675 1566 2723 vie
1588 2690 1731 2732 nove,
1759 2679 1888 2723 recte
1917 2691 1941 2722 a

164 2758 299 2817 parta
319 2755 460 2802 castri
485 2771 524 2801 S.
548 2755 721 2818 Angeli
747 2756 807 2802 ad
827 2760 1015 2819 portam
1040 2757 1200 2820 palatii
1232 2758 1482 2820 apostolici
1505 2758 1632 2822 apud
1659 2774 1697 2805 s.
1725 2761 1940 2817 Petrum,

163 2841 210 2884 01
232 2852 320 2900 per
337 2853 443 2885 eam
467 2843 696 2885 venerunt
718 2854 887 2885 omnes
918 2839 1183 2889 cardinales
1206 2845 1253 2889 et
1274 2841 1351 2889 alii
1384 2842 1444 2889 ad
1464 2842 1713 2889 basilicam
1745 2858 1784 2889 S.
1816 2843 1942 2890 Petri

162 2921 427 2979 venientes,
452 2922 565 2984 quia
584 2921 780 2985 antiquo
802 2921 891 2969 fuit
912 2927 1174 2984 narratum,
1202 2925 1267 2972 ita
1288 2930 1337 2972 ut
1360 2941 1528 2972 omnes
1546 2930 1838 2987 cogerentur
1858 2941 1946 2988 per

163 3018 335 3050 novam
357 3005 590 3066 equitare.
618 3007 985 3055 Processionem
1007 3008 1123 3055 cleri
1148 3009 1287 3057 Urbis
1303 3024 1400 3056 non
1422 3009 1512 3056 vidi
1536 3014 1794 3072 antequam
1817 3012 1944 3072 Papa

163 3091 351 3149 portam
386 3100 581 3132 auream
616 3087 966 3149 ingrederetur.
1008 3090 1119 3148 Sed,
1155 3091 1368 3153 vesperis
1400 3091 1621 3154 inceptis,
1654 3091 1746 3138 vidi
1781 3091 1942 3153 plures

162 3173 296 3216 extra
317 3168 585 3216 cancellum
607 3169 740 3217 chori
764 3171 928 3219 altaris
952 3172 1147 3235 majoris
1168 3173 1481 3235 pertransire.
1502 3176 1768 3236 Campanas
1792 3174 1939 3220 0110111

162 3250 378 3297 omnium
405 3250 719 3300 ecclesiarum
750 3269 847 3300 11011
873 3253 1026 3301 audivi
1058 3255 1254 3317 pulsari,
1283 3261 1425 3318 prout
1453 3256 1606 3302 fuerat
1644 3257 1935 3314 ordinatum,

166 3334 251 3381 sed
273 3333 428 3381 solum
450 3349 681 3397 campana
697 3337 913 3399 Capitolii
937 3336 1024 3385 fuit
1039 3354 1126 3400 per
1146 3339 1373 3395 triduum,
1389 3343 1498 3386 ante
1520 3339 1752 3402 virgiliam
1775 3340 1938 3403 hujus-

167 3417 295 3464 modi
319 3417 364 3463 in
387 3418 600 3480 vesperis
622 3419 824 3480 pulsata.
