2202 3900
314 324 382 359 354
920 326 1152 365 JOHANNJS
1185 308 1481 373 BURC'HARDI,
1822 329 1979 369 [Fevrier
1999 331 2094 371 149⁷]

317 431 369 477 P.
405 431 462 478 D.
489 429 804 493 Stephanum,
831 430 1110 494 episcopum
1138 434 1496 488 Cattacencem,
1519 429 1727 477 ecclesia
1748 445 1787 477 S.
1813 431 1936 479 Celsi
1955 434 2094 496 juxta

314 517 513 577 pontem
541 531 580 562 s.
612 514 784 578 Angeli
818 514 875 563 de
913 515 1036 563 Urbe
1072 529 1130 562 ex
1157 529 1215 562 eo
1245 513 1421 560 violata
1458 511 1588 575 quod
1630 511 1723 560 duo
1762 527 1819 560 ex
1850 515 2096 564 canonicis

316 597 535 660 ejusdem
563 597 766 645 ecclesie
794 596 843 643 in
873 612 930 644 ea
949 596 1186 644 violenter
1213 595 1274 642 ad
1301 594 1548 659 sanguinis
1580 595 1866 645 effusionem
1896 613 2096 661 percus-

316 683 481 727 serunt
506 695 558 726 se
580 678 641 727 ad
667 678 872 726 invicem
895 679 980 740 (1).

380 761 518 810 Feria
549 761 733 824 quinta,
766 765 793 809 2
828 760 1075 819 februarii,
1105 761 1229 809 festo
1259 760 1609 823 purificationis
1644 763 1786 811 beate
1819 762 1969 811 Marie
2003 758 2098 811 vir?

313 844 457 908 ginis,
492 847 576 893 SS.
610 847 666 893 D.
693 848 861 893 noster
885 849 1079 907 paratus
1104 859 1239 892 more
1266 843 1405 892 solito
1429 844 1557 893 venit
1585 844 1646 892 ad
1674 845 1911 909 capellam
1939 846 2093 910 majo-

313 944 435 987 rem,
452 928 534 976 ubi
553 928 798 977 benedixit
820 928 1044 977 candelas
1067 933 1114 976 et
1141 927 1383 975 distribuit
1400 943 1534 975 more
1562 928 1720 976 solito.
1739 927 2094 977 Illustrissimus

316 1014 374 1059 D.
405 1010 650 1059 Johannes
680 1010 856 1058 Sfortia
888 1010 1074 1058 Pisauri
1105 1026 1132 1058 a
1166 1009 1346 1058 dextris
1375 1012 1421 1057 et
1455 1013 1650 1057 senator
1676 1027 1704 1058 a
1731 1011 1934 1060 sinistris
1969 1015 2095 1077 Pape

314 1097 577 1143 tenuerunt
615 1094 841 1142 candelas
881 1094 1091 1158 majores
1137 1109 1146 1141 :
1192 1096 1352 1141 orator
1392 1092 1591 1140 dominii
1636 1096 1931 1144 Venetorum
1967 1095 2097 1145 dedit

316 1194 491 1241 aquam
519 1178 743 1227 manibus
765 1180 892 1242 Pape
925 1181 1033 1242 post
1064 1177 1375 1226 candelarum
1402 1175 1819 1239 distributionem3
1848 1179 2096 1244 processio

345 1363 400 1401 ,1.
428 1363 499 1401 Ces
527 1364 656 1399 soenes
682 1362 726 1398 de
755 1361 917 1399 violence
944 1360 1078 1398 etaient
1099 1362 1192 1398 dans
1219 1360 1272 1398 les
1298 1373 1434 1399 moeurs
1454 1366 1491 1399 et
1516 1374 1556 1399 se
1576 1362 1850 1401 renouvelaient
1876 1366 2052 1410 souvent;
2073 1361 2098 1398 il

318 1422 431 1468 suffit,
451 1433 543 1469 pour
565 1421 642 1458 s'en
662 1420 891 1466 convaincre,
914 1421 959 1457 de
982 1421 1169 1469 parcourir
1195 1421 1248 1458 les
1275 1421 1384 1458 ecrits
1412 1422 1717 1470 contemporains.
1743 1422 1904 1468 Muralti,
1924 1423 2017 1460 dans
2037 1434 2097 1460 ses

317 1483 481 1519 Annalia
503 1480 727 1527 (Medionali,
751 1481 872 1527 1861),
894 1481 952 1518 ch.
975 1493 1026 1527 xi,
1049 1493 1083 1529 p.
1107 1481 1168 1525 57,
1188 1485 1334 1518 raconte
1354 1493 1404 1517 un
1432 1481 1576 1519 combat
1595 1494 1639 1518 en
1661 1482 1761 1531 regle
1782 1483 1847 1519 des
1868 1482 1995 1519 Freres
2015 1494 2098 1520 con-

318 1540 483 1578 ventuels
510 1540 555 1576 de
575 1539 872 1586 Saint-Francois
893 1543 1011 1577 armes
1033 1540 1078 1576 de
1105 1539 1303 1585 cuirasses,
1323 1541 1367 1576 de
1387 1539 1537 1577 balistes
1564 1545 1600 1577 et
1625 1541 1880 1589 d'escopettes,
1901 1545 2025 1579 contre
2045 1540 2097 1578 les

318 1611 460 1637 nonnes
481 1600 526 1636 de
553 1599 806 1637 Saint-Pierre
833 1600 878 1636 de
907 1599 1066 1648 Broglie,
1096 1602 1117 1636 a
1142 1599 1252 1636 Come
1280 1599 1418 1647 (1499).
1448 1600 1552 1637 Paris
1587 1601 1633 1637 de
1667 1600 1812 1638 Grassis
1848 1604 1985 1638 retrace
2010 1612 2099 1638 avec

318 1659 584 1708 complaisance
606 1672 676 1696 une
698 1663 806 1696 scene
828 1659 1068 1696 scandaleuse
1096 1660 1187 1696 dont
1204 1658 1230 1695 il
1248 1659 1304 1697 fut
1327 1659 1361 1695 le
1387 1659 1511 1697 heros,
1536 1659 1666 1696 C'etait
1693 1660 1726 1696 le
1752 1661 1799 1696 20
1823 1660 1970 1697 octobre
1991 1660 2098 1704 1508,

319 1722 426 1768 apres
447 1718 575 1756 l’office
598 1719 737 1756 celebre
758 1722 779 1756 a
798 1719 833 1755 la
851 1718 1022 1755 memoire
1042 1719 1092 1755 du
1111 1717 1270 1755 cardinal
1290 1719 1335 1755 de
1355 1718 1553 1756 Lisbonne.
1577 1719 1626 1755 Le
1645 1719 1887 1767 predicat-eur,
1907 1718 1939 1755 le
1960 1719 2099 1756 celebre

318 1778 476 1815 Thomas
509 1778 722 1827 Inghirami‚
751 1783 863 1827 ayant
887 1778 997 1815 voulu
1023 1782 1206 1826 emporter
1225 1778 1260 1815 la
1288 1777 1372 1815 toile
1397 1777 1520 1826 peinte
1548 1777 1610 1826 qui
1637 1777 1817 1815 entourait
1836 1778 1870 1815 la
1889 1777 2022 1820 chaire,
2045 1776 2098 1814 les

318 1837 444 1874 Freres
466 1837 514 1874 du
535 1838 672 1886 Peuple
700 1838 756 1886 s'y
782 1842 1014 1887 opposerent,
1037 1838 1071 1875 la
1097 1838 1147 1874 lui
1172 1838 1404 1875 arracherent
1432 1838 1496 1874 des
1523 1837 1641 1874 mains
1671 1842 1708 1875 et
1732 1838 1883 1875 allerent
1898 1837 2048 1887 jusqu’a
2067 1837 2100 1874 le

316 1896 472 1945 frapper.
501 1896 606 1933 Paris
634 1898 679 1933 de
707 1897 868 1943 Grassis,
896 1898 958 1946 qui
983 1897 1121 1935 voulait
1145 1897 1290 1935 retablir
1315 1897 1457 1942 l’ordre,
1479 1897 1534 1933 fut
1559 1897 1663 1934 traite
1689 1910 1777 1934 avec
1800 1896 1931 1934 dedain
1959 1908 2024 1946 par
2050 1908 2100 1932 un

315 1955 509 2004 religieux.
537 1956 705 1995 Aussitet
731 1956 763 1993 le
783 1960 910 1994 maitre
936 1958 1002 1994 des
1029 1956 1250 1994 ceremonies
1281 1956 1386 1994 saisit
1414 1968 1479 1993 son
1506 1956 1764 1993 interlocuteur
1787 1968 1853 2005 par
1876 1967 1942 1993 son
1969 1966 2098 2003 scapu-

315 2013 403 2051 laire
422 2014 510 2063 qu'il
533 2015 680 2053 dechira
700 2020 736 2053 et
755 2017 845 2054 dont
863 2016 887 2052 il
909 2017 985 2065 jeta
1005 2016 1057 2053 les
1080 2028 1273 2053 morceaux
1295 2017 1385 2052 dans
1406 2015 1559 2064 l’eglise,
1579 2019 1615 2052 et
1637 2015 1711 2052 l'un
1732 2016 1797 2053 des
1817 2016 1944 2053 Freres
1963 2014 2100 2063 l’ayant

314 2077 462 2111 menace
482 2075 526 2111 de
546 2074 595 2111 lui
616 2087 737 2113 casser
756 2078 792 2114 la
820 2080 901 2122 tete,
923 2076 1028 2114 Paris
1055 2077 1102 2113 de
1130 2076 1276 2113 Grassis
1303 2076 1336 2112 le
1362 2075 1434 2124 prit
1459 2087 1524 2124 par
1548 2075 1602 2112 les
1626 2076 1789 2112 cheveux
1809 2078 1845 2112 et
1863 2074 1916 2112 les
1941 2072 2098 2119 oreilles,

315 2133 389 2171 asin
409 2138 454 2171 ue
474 2135 551 2171 voir
572 2135 628 2171 s'il
650 2136 760 2173 serait
780 2148 883 2173 assez
903 2136 1105 2173 audacieux
1125 2148 1216 2185 pour
1235 2138 1405 2173 executer
1424 2146 1466 2171 sa
1485 2146 1646 2172 menace.

363 2207 383 2227 «
466 2193 584 2232 Finito
608 2195 728 2232 officio
754 2196 883 2233 fratres
910 2195 954 2232 de
980 2195 1121 2244 Populo
1141 2207 1214 2232 non
1235 2200 1276 2232 ut
1303 2194 1478 2243 religiosi,
1499 2206 1618 2241 neque
1644 2199 1685 2231 ut
1709 2193 1842 2230 milites
1862 2193 2022 2231 latrones
2043 2193 2098 2230 vel
2131 2213 2138 2218 —

314 2250 450 2300 publici
469 2251 601 2299 sicarii,
632 2254 697 2290 sed
723 2258 764 2291 ut
789 2254 969 2292 maledicti
999 2254 1132 2292 diaboli
1158 2254 1193 2291 in
1221 2266 1347 2291 omnes
1373 2253 1546 2302 impetum
1571 2254 1735 2290 fecerunt
1752 2257 1898 2302 propter
1925 2265 2044 2290 ceram
2063 2257 2099 2290 et

313 2314 460 2359 propter
487 2323 529 2348 ea
555 2313 724 2350 utensilia
751 2326 820 2362 que
848 2319 950 2352 erant
976 2315 1072 2352 circa
1098 2318 1269 2352 castrum.
1299 2313 1474 2350 Dominus
1503 2313 1617 2349 Fedra
1643 2312 1841 2360 predictus,
1869 2324 1914 2350 ex
1939 2324 1981 2349 eo
2014 2311 2099 2360 quia

315 2370 444 2416 oravit,
460 2371 574 2409 voluit
589 2373 722 2409 habere
737 2378 869 2410 certam
887 2373 994 2410 telam
1009 2373 1152 2422 nigram
1166 2373 1299 2421 pictam
1317 2372 1548 2408 circumcirca
1561 2371 1741 2420 pulpitum
1761 2383 1870 2420 super
1891 2383 1963 2420 quo
1983 2370 2098 2408 oravit

315 2433 352 2465 et
377 2427 448 2476 ipsi
474 2441 556 2466 eum
582 2437 854 2479 percusserunt,
876 2437 912 2470 et
936 2432 1022 2480 quia
1047 2432 1145 2469 volui
1165 2431 1357 2480 prohibere
1379 2431 1604 2477 scandalum,
1627 2431 1735 2468 etiam
1762 2431 1842 2468 ausi
1868 2435 1955 2468 sunt
1974 2434 2099 2468 contra

314 2499 372 2524 me
395 2499 403 2524 :
427 2489 491 2525 sed
511 2489 659 2538 quidam
681 2491 790 2528 Frater
808 2491 922 2529 voluit
937 2491 1057 2539 potius
1077 2491 1186 2528 telam
1201 2491 1358 2527 lacerare
1372 2503 1480 2539 quam
1494 2491 1674 2538 integram
1689 2489 1896 2539 relinquere
1911 2491 1955 2528 D.
1971 2490 2099 2538 Fedre,

315 2550 352 2583 et
371 2548 468 2595 quod
492 2548 561 2586 fuit
586 2550 668 2597 plus
689 2555 726 2587 et
745 2551 864 2600 pejus,
887 2551 979 2588 dixit
997 2551 1095 2599 quod
1119 2550 1155 2587 in
1180 2563 1300 2587 meum
1319 2551 1531 2598 despectum
1559 2548 1674 2587 voluit
1696 2561 1775 2586 eam
1802 2549 1959 2586 lacerare
1987 2553 2023 2586 et
2049 2549 2102 2586 sic

315 2607 498 2647 laceravit.
522 2611 600 2659 Ego
622 2614 742 2647 autem
756 2610 836 2647 visa
856 2610 919 2648 tali
933 2610 1159 2659 malignitate
1180 2614 1215 2647 et
1230 2609 1381 2659 perfidia
1396 2608 1586 2654 diabolica,
1600 2608 1823 2658 apprehendi
1844 2621 1926 2646 eum
1940 2619 2005 2658 per
2019 2620 2099 2645 sca-

314 2667 441 2715 pulare
461 2669 559 2718 quod
581 2673 696 2706 totum
723 2670 863 2707 abscidi
890 2674 927 2708 et
953 2682 997 2707 ex
1017 2669 1111 2707 collo
1130 2669 1289 2707 levatum
1308 2669 1345 2705 in
1365 2668 1461 2705 mille
1482 2668 1597 2706 frusta
1617 2667 1738 2717 sparsi
1761 2680 1825 2716 per
1849 2667 2037 2705 ecclesiam
2058 2679 2101 2704 ac

315 2726 437 2775 ipsum
464 2728 573 2765 etiam
605 2729 641 2765 in
667 2729 793 2766 tunica
818 2729 973 2766 laceravi
999 2730 1123 2766 dicens
1151 2728 1305 2765 subinde
1328 2726 1500 2764 fratribus
1527 2726 1599 2763 nisi
1635 2739 1716 2763 eum
1742 2727 1926 2776 punirent,
1947 2739 2017 2776 ego
2043 2727 2096 2763 fa-

316 2798 434 2823 cerem
453 2799 535 2823 eum
555 2788 688 2835 puniri.
706 2789 785 2834 Quo
804 2790 938 2826 factum
959 2793 1071 2826 estut
1087 2787 1234 2837 quidam
1248 2786 1355 2831 alius,
1376 2789 1417 2822 ut
1438 2785 1509 2822 sibi
1527 2786 1732 2832 videbatur,
1752 2798 1907 2835 magnus
1929 2790 2096 2834 satrapus

317 2845 364 2881 ad
384 2857 440 2882 me
461 2846 553 2882 clam
571 2847 722 2884 veniens
743 2847 780 2883 in
800 2860 861 2884 ore
881 2849 969 2884 mihi
991 2846 1210 2891 surruravit;
1232 2846 1330 2894 quod
1351 2856 1420 2893 ego
1445 2856 1518 2881 non
1537 2845 1631 2882 hene
1651 2845 1876 2893 intelligens,
1895 2843 2038 2892 quesivi
2059 2849 2098 2881 ut

316 2905 388 2942 alte
409 2906 555 2952 diceret,
579 2912 615 2945 et
631 2913 707 2945 tum
727 2908 857 2946 iterum
882 2906 1085 2945 susurravit
1104 2905 1192 2942 mihi
1218 2905 1254 2940 in
1280 2915 1403 2940 aurem
1431 2904 1527 2951 quod
1552 2903 1623 2940 nisi
1648 2903 1844 2940 remedium
1870 2905 1993 2940 darem
2025 2902 2096 2952 ipsi

316 2963 446 3000 fratres
466 2964 555 3001 mihi
575 2971 782 3013 rumperent
809 2971 918 3014 caput
940 2978 948 3002 :
977 2964 1071 3001 illico
1097 2965 1176 3012 cepi
1204 2962 1305 2999 illum
1330 2962 1475 2998 fratrem
1503 2973 1566 3009 per
1591 2973 1697 2998 aures
1723 2967 1759 2999 et
1784 2961 1949 3010 capillos,
1971 2962 2096 2998 volens

317 3022 510 3060 ostendere
536 3035 582 3060 an
609 3024 689 3072 ipse
715 3029 813 3062 esset
838 3029 912 3061 tam
940 3025 1061 3060 audax
1089 3027 1130 3059 ut
1154 3026 1279 3071 posset
1306 3019 1395 3056 mihi
1421 3024 1530 3068 caput
1555 3031 1720 3068 rumpere
1749 3031 1758 3057 ε
1780 3031 1852 3068 quo
1877 3020 1971 3066 viso,
1997 3023 2096 3058 totus

316 3080 473 3128 populus
493 3081 581 3117 mihi
602 3082 689 3119 favit
708 3082 867 3119 clamans
889 3086 1016 3119 contra
1027 3080 1126 3116 illum
1146 3085 1185 3117 ut
1201 3081 1246 3117 ad
1265 3079 1431 3129 publicos
1453 3091 1615 3131 carceres
1636 3079 1848 3126 duceretur3
1871 3085 1906 3118 et
1926 3092 2008 3118 cum
2027 3092 2097 3129 ego

316 3151 520 3178 recusarem
542 3142 604 3178 sed
632 3145 671 3178 ut
697 3154 761 3190 per
786 3141 941 3190 priorem
967 3139 1168 3189 puniretur,
1191 3139 1339 3176 advenit
1364 3137 1462 3188 prior
1487 3143 1522 3175 et
1548 3139 1717 3187 promisit
1743 3152 1783 3177 se
1808 3139 1910 3177 illum
1935 3139 2095 3188 castiga-

314 3203 446 3239 turum.
470 3200 545 3236 Hec
577 3211 647 3248 que
675 3199 799 3247 scripti
827 3204 912 3237 sunt
936 3211 1035 3243 vera,
1058 3202 1093 3235 et
1118 3202 1309 3246 propterea
1335 3196 1466 3245 scripsi
1492 3202 1532 3234 ut
1556 3197 1593 3234 in
1619 3203 1807 3247 posterum
1831 3199 2000 3236 videatur
2024 3199 2095 3235 fra-

312 3261 408 3293 trum
439 3257 484 3294 de
514 3258 648 3307 populo
678 3258 889 3307 malignitas
916 3262 952 3295 et
978 3258 1117 3307 perfida
1142 3257 1322 3295 diabolica
1347 3262 1382 3295 et
1413 3257 1670 3296 insatiabilitas
1695 3259 1887 3298 maledicta
1911 3271 2036 3297 eorum
2061 3259 2098 3295 in

311 3316 446 3363 quibus
479 3329 551 3353 non
587 3323 643 3355 est
676 3318 770 3355 uella
794 3318 927 3367 pietas,
959 3321 1022 3354 aut
1053 3317 1212 3354 charitas
1246 3329 1311 3354 seu
1339 3316 1480 3365 religio,
1512 3318 1577 3354 sed
1609 3319 1729 3356 omnia
1769 3318 1960 3358 contraria.
1995 3319 2096 3355 Deus

313 3375 495 3423 perennis.
519 3391 537 3410 »
561 3377 602 3415 Ρ.
631 3377 675 3414 de
703 3377 852 3415 Grassis
878 3378 1062 3422 niarium,
1084 3389 1174 3414 mss.
1195 3378 1302 3422 5165,
1325 3380 1351 3414 t.
1381 3377 1408 3424 Ι,
1430 3388 1466 3425 p.
1496 3378 1579 3414 542.
1603 3379 1667 3425 (Le
1686 3382 1785 3417 texte
1804 3383 1908 3428 porte
1929 3390 1974 3416 en
1993 3389 2095 3414 man-

311 3435 431 3472 chette
455 3447 462 3472 :
486 3437 699 3483 Maliqnitoes
720 3439 888 3474 Fratrum
910 3438 953 3474 de
972 3437 1142 3485 Populo.)
