2222 3926
162 370 245 412 [Mai
267 370 361 409 1496]
612 366 780 404 RERUM
815 366 1116 404 URBAN-ARUM
1148 366 1496 405 COMMENTARH.
1881 375 1950 409 '’‘9

1880 389 1919 408 „A

165 471 448 523 Goffredum
483 470 542 519 de
568 469 811 533 Aragonia
842 469 1038 518 fratrem
1075 485 1216 518 suum
1244 475 1291 518 et
1320 471 1422 535 ejus
1460 487 1661 520 uxorem
1684 473 1947 522 affectuose

165 556 362 620 recepit.

227 643 474 699 Venerant
503 640 634 688 enim
669 639 856 688 obviam
887 638 1069 686 eisdem
1104 641 1160 687 D.
1187 638 1376 686 Garzias
1400 641 1566 698 Lasso,
1599 635 1757 699 miles,
1783 645 1948 689 orator

163 724 291 787 regis
322 727 369 771 et
400 724 566 787 regine
598 722 954 787 Hispaniarum,
986 726 1149 770 orator
1183 722 1312 786 regis
1346 723 1666 787 Neapolitani,
1704 726 1760 771 D.
1796 725 1946 772 Phili-

163 807 329 856 bertus
363 807 612 867 Naturelli,
644 811 813 855 orator.
829 806 959 869 regis
991 809 1336 865 Romanorum,
1368 807 1464 855 duo
1498 811 1715 856 oratores
1746 808 1942 856 dominii

163 895 461 942 Venetorum
491 896 536 940 et
558 895 722 940 orator
742 890 879 939 ducis
902 890 1181 947 Mediolani,
1212 893 1268 938 R.
1294 893 1352 938 D.
1383 894 1594 939 Joannes
1620 891 1946 956 archiepisco-

162 994 250 1041 pus
267 977 555 1040 Ragusinus,
580 977 697 1024 alias
719 975 860 1024 Urbis
882 974 1194 1037 gubernator,
1220 989 1331 1020 cum
1352 974 1504 1022 tribus
1526 975 1945 1022 conservatoribus

163 1060 488 1119 cancellariis,
527 1059 764 1123 capitibus
807 1058 1059 1122 regionum
1099 1060 1147 1105 et
1191 1057 1295 1104 aliis
1335 1057 1648 1116 officialibus,
1687 1073 1743 1105 ac
1782 1058 1944 1106 multis

163 1144 341 1192 civibus
378 1143 625 1202 Romanis,
665 1157 786 1206 quos
812 1145 1006 1189 secutus
1036 1144 1109 1188 est
1139 1144 1334 1189 senator
1363 1156 1474 1188 cum
1507 1140 1690 1189 familia
1718 1158 1827 1202 sua3
1861 1143 1942 1206 qui

163 1243 332 1276 omnes
350 1231 584 1276 venerunt
607 1227 796 1276 obviam
818 1225 1049 1290 predictis
1076 1240 1186 1272 cum
1214 1225 1425 1273 maxima
1444 1241 1624 1289 pompa
1650 1231 1762 1276 ante
1787 1227 1946 1276 eccle—

163 1312 285 1360 siam
313 1314 690 1360 Lateranensem
718 1314 766 1359 et
791 1310 896 1373 ejus
923 1313 1112 1373 portam
1139 1308 1474 1372 principalem.
1500 1312 1868 1360 Descenderunt
1889 1328 1948 1359 ex

163 1397 300 1460 equis
331 1400 389 1444 D.
421 1394 694 1454 Goffredus,
721 1409 841 1442 uxor
865 1408 967 1451 sua,
993 1392 1218 1441 Lucretia
1238 1407 1392 1450 soror,
1417 1407 1528 1440 cum
1552 1393 1704 1441 tribus
1733 1395 1806 1443 vel
1827 1410 1947 1458 qua-

162 1485 271 1533 tuor
297 1479 400 1547 aliis
428 1479 731 1537 mulieribuS,
762 1477 936 1526 ceteris
964 1476 1189 1524 omnibus
1213 1475 1262 1524 in
1290 1476 1427 1539 equis
1454 1479 1869 1540 permanentibus,
1901 1483 1948 1527 et

164 1564 461 1613 intraverunt
481 1562 739 1612 ecclesiam
762 1561 1030 1625 predictam
1051 1575 1196 1623 quam
1218 1560 1468 1609 exiverunt
1488 1577 1577 1624 per
1596 1562 1738 1610 aliam
1760 1567 1949 1626 portam

163 1663 314 1712 prope
347 1648 497 1696 altare
524 1646 680 1710 majus
714 1645 794 1694 ubi
828 1644 1153 1693 ascenderunt
1184 1659 1335 1707 equos
1373 1649 1421 1692 et
1456 1650 1691 1694 venerunt
1733 1646 1793 1694 ad
1823 1647 1951 1710 pala-

164 1731 285 1778 tium
306 1730 628 1795 apostolicum
650 1729 778 1793 apud
798 1745 837 1777 5.
867 1731 1063 1778 Petrum
1087 1728 1181 1776 hoc
1206 1728 1375 1776 ordine
1401 1745 1411 1776 ε
1436 1735 1775 1792 precesserunt
1798 1747 1950 1778 xxvni

166 1815 317 1863 salme
357 1815 597 1866 bonorum
633 1813 746 1862 dicti
786 1815 843 1864 D.
881 1812 1093 1860 Goffredi
1130 1828 1228 1860 non
1258 1816 1514 1875 cooperte,
1548 1814 1695 1861 armis
1729 1814 1947 1878 ejusdem

165 1903 350 1958 ornate,
375 1914 492 1961 quas
514 1898 840 1961 sequebantur
859 1896 1039 1945 familie
1061 1896 1396 1954 cardinalium,
1418 1897 1644 1960 armigeri
1670 1901 1717 1945 et
1744 1897 1822 1945 alii
1848 1898 1950 1945 sine

165 1983 333 2030 ordine
356 1981 591 2030 officiales
608 1981 815 2040 romani,
837 1981 1052 2029 scutiferi
1076 1983 1202 2044 Pape
1225 1985 1272 2030 et
1294 1981 1477 2029 familia
1495 1980 1733 2040 intrantiS,
1765 1982 1951 2044 pedites

167 2066 322 2124 multi,
352 2065 592 2115 tubicines
625 2069 672 2114 et
705 2080 875 2113 omnes
906 2063 1126 2113 custodie
1154 2065 1319 2128 palatii
1354 2068 1506 2129 Pape3
1532 2072 1580 2114 et
1600 2071 1710 2130 post
1743 2083 1853 2115 eum
1893 2069 1949 2114 D.

167 2148 393 2198 Nicolaus
429 2148 657 2207 Michael,
692 2152 856 2196 orator
887 2150 1189 2198 Venetorum
1220 2164 1248 2195 a
1281 2148 1462 2197 dextris
1504 2152 1551 2197 et
1587 2152 1644 2197 D.
1678 2151 1952 2214 Stephanus

167 2232 402 2291 Taberna,
429 2235 592 2280 orator
611 2231 748 2279 ducis
775 2231 1036 2279 Mediolani
1067 2247 1093 2279 a
1119 2231 1344 2291 sinistris,
1370 2233 1517 2281 medii
1546 2233 1672 2282 inter
1694 2234 1815 2282 duos
1837 2250 1954 2281 con-

170 2320 436 2364 servatores
470 2315 610 2365 Urbis
643 2330 766 2379 quos
798 2315 1125 2379 sequebantur
1155 2319 1212 2364 D.
1245 2318 1514 2364 Coronatus
1544 2318 1604 2365 de
1636 2318 1830 2376 Planca,
1858 2316 1955 2380 pri-

167 2415 276 2447 mus
323 2403 633 2448 conservator
674 2415 868 2448 camere
905 2399 1044 2447 Urbis
1087 2402 1134 2447 et
1170 2402 1228 2447 D.
1271 2401 1532 2464 Georgius,
1569 2402 1754 2465 primus
1794 2404 1958 2449 orator

168 2483 367 2530 dominii
399 2486 700 2532 Venetorum
734 2499 762 2531 a
795 2483 1019 2542 sinistris,
1050 2483 1267 2531 medium
1305 2484 1432 2532 inter
1462 2501 1512 2532 se
1546 2485 1782 2533 habentes
1817 2500 1958 2537 sena—

168 2570 323 2619 torem
369 2565 532 2626 Urbis,
570 2581 655 2614 sex
692 2566 955 2614 servientes
990 2581 1260 2626 armorum,
1290 2583 1379 2615 nos
1419 2567 1621 2616 clericos
1653 2567 1958 2615 ceremonia-

169 2665 295 2698 rum.
340 2651 396 2697 D.
450 2649 704 2698 Goffredus
750 2649 938 2698 medius
994 2649 1120 2697 inter
1165 2650 1586 2714 archiepiscopum
1636 2651 1953 2714 Ragusinum,

170 2733 545 2797 gubernatorem
574 2733 713 2782 Urbis
740 2749 768 2781 a
793 2733 994 2792 dextris,
1024 2737 1071 2781 et
1099 2735 1157 2780 D.
1191 2733 1530 2792 Philibertum,
1557 2738 1800 2782 oratorem
1830 2734 1958 2797 regis

171 2820 500 2867 Romanorum
522 2833 550 2864 a
574 2817 780 2865 sinistris
805 2834 814 2865 ;
839 2817 930 2864 hos
952 2816 1279 2880 sequebantur
1298 2818 1472 2866 Saucia
1499 2818 1547 2865 in
1576 2833 1702 2882 equo
1726 2822 1958 2880 cooperto

171 2900 231 2948 de
254 2905 357 2948 seta
377 2900 513 2964 nigra
532 2900 694 2949 listata
720 2917 748 2949 a
776 2900 956 2948 dextris
979 2904 1027 2949 et
1055 2901 1296 2957 Lucretia,
1319 2900 1417 2949 tilia
1444 2904 1590 2965 Pape,
1616 2902 1664 2949 in
1694 2888 1826 2950 mula
1850 2917 1961 2949 coo-

172 2987 309 3047 perta
333 2983 393 3032 de
426 2988 530 3033 seta
556 2984 696 3048 nigra
716 3000 742 3038 a
773 2984 997 3043 sinistris,
1029 2984 1191 3032 media
1222 2984 1349 3032 inter
1379 2987 1435 3032 D.
1460 2985 1809 3050 Hieronymum
1839 2987 1960 3048 Spe-

172 3067 371 3127 randeo,
396 3073 641 3116 oratorem
661 3068 791 3132 regis
814 3067 1119 3131 Neapolitani
1149 3083 1178 3115 a
1204 3068 1402 3126 dextris,
1423 3073 1475 3117 et
1503 3072 1560 3117 D.
1585 3069 1817 3127 Garziam,
1847 3085 1957 3117 ora-

173 3157 328 3199 torem
359 3153 488 3214 regis
519 3157 566 3200 et
596 3152 764 3216 regine
798 3151 1136 3215 Hispaniarum
1170 3168 1199 3199 a
1231 3152 1453 3212 sinistriS,
1479 3168 1599 3216 quos
1636 3153 1963 3216 sequebantur

172 3249 343 3282 omnes
371 3234 463 3282 alie
493 3236 740 3295 mulieres,
766 3240 864 3284 tres
887 3240 934 3284 et
955 3239 1161 3299 quatuor
1180 3252 1235 3284 ac
1257 3235 1350 3283 duo
1371 3235 1532 3294 simul,
1563 3236 1686 3284 sicut
1715 3236 1956 3293 volebant,

169 3320 273 3366 sine
315 3318 499 3365 ordine.
543 3321 656 3366 Post
697 3334 867 3367 omnes
906 3320 1159 3375 mulieres,
1204 3319 1528 3367 cubicularius
1568 3322 1713 3382 Pape,
1745 3324 1846 3366 tum
1881 3318 1959 3365 alii

172 3401 322 3465 togati
363 3401 463 3448 bini
505 3404 552 3449 et
586 3401 687 3451 bini
717 3418 727 3449 :
762 3403 1081 3466 equitavimus
1119 3403 1213 3450 hoc
1255 3402 1424 3449 ordine
1463 3403 1602 3465 juxta
1640 3402 1879 3450 Coliseum
1913 3406 1961 3447 et

174 3502 213 3533 s.
238 3486 453 3533 Marcum
475 3500 623 3547 prope
651 3484 849 3533 domum
876 3484 934 3531 de
967 3485 1187 3532 Maximis
1214 3485 1274 3532 ad
1301 3500 1525 3548 campum
1554 3485 1713 3541 Flore,
1738 3483 1847 3530 inde
1875 3482 1954 3530 via
