2202 3926
285 359 331 394 40
896 354 1128 392 JOHANNIS
1165 356 1459 404 BURCHARDI,
1802 360 1956 401 [Fe-vrier
1979 361 2069 402 1493]

286 459 402 508 alias
437 458 799 509 Plumhatorum
834 458 883 506 in
920 461 1141 524 opposito
1184 462 1346 525 palatii
1385 462 1537 510 sancti
1570 462 1719 523 Marci
1753 477 1889 511 more
1928 457 2070 512 solito

284 544 526 593 associati.
553 545 740 593 Primus
762 544 987 607 equitavit
1007 544 1194 592 medius
1216 545 1342 593 inter
1365 548 1465 592 DD.
1489 545 1788 608 Ragusinum
1810 550 1857 595 et
1880 549 2066 596 Cusen-

285 627 439 674 tinum
467 628 856 692 archiepiscopos
887 628 1096 691 prelatos
1127 628 1307 691 palatii,
1346 628 1588 676 secundus
1625 628 1752 677 inter
1785 631 2069 695 episcopum

289 710 570 759 Laudanum
601 715 843 759 oratorem
872 710 998 773 regis
1021 711 1220 759 Francie
1252 727 1279 758 a
1309 711 1514 758 sinistris
1542 715 1589 760 et
1612 713 2017 763 Concordiensem
2047 730 2075 762 a

287 793 492 854 dextris;
518 795 687 842 tertius
709 794 835 843 inter
855 794 1139 858 episcopum
1161 795 1565 856 Segobricensem
1593 795 1832 858 prelatum
1860 797 2023 860 palatii
2046 814 2074 846 a

289 877 467 925 dextris
496 882 543 925 et
567 877 791 925 abbatem
820 894 858 925 s.
895 877 1089 924 Antonii
1119 881 1361 926 oratorem
1391 879 1517 943 regis
1549 879 1752 928 Francie
1787 895 1815 927 a
1848 880 2071 929 sinistris.

290 961 554 1025 Episcopus
574 961 745 1009 Albani
766 961 962 1009 intravit
983 961 1162 1009 Urbem
1183 961 1230 1009 in
1261 962 1490 1011 mantello
1516 967 1563 1011 et
1591 964 1821 1027 capuccio
1850 964 1899 1012 in
1920 967 2078 1012 trans-

290 1061 428 1094 verso
447 1046 665 1109 cooperti
689 1045 817 1108 equi,
848 1049 897 1092 ut
929 1044 1098 1108 prelati
1137 1044 1293 1093 solent
1321 1062 1407 1109 per
1441 1047 1619 1096 Urbem
1650 1049 1885 1111 equitare,
1917 1054 2079 1114 preter

292 1134 595 1178 consuetum.
619 1129 899 1177 Habuerunt
921 1129 968 1175 in
992 1129 1217 1177 comitiva
1245 1145 1331 1177 sua
1358 1145 1507 1194 equos
1534 1131 1839 1195 septuaginta
1867 1133 2076 1195 quinque

293 1214 366 1261 vel
388 1213 519 1261 circa
540 1217 587 1261 et
610 1213 786 1260 salmas
806 1229 932 1260 xvln.

360 1297 540 1346 Diebus
576 1297 818 1360 preteritis
847 1300 1084 1344 venerunt
1117 1312 1239 1345 nova
1268 1297 1329 1345 ad
1356 1299 1535 1347 Urbem
1566 1300 1694 1347 lllus.
1738 1303 1795 1348 D.
1835 1300 2081 1348 Ludovico'

295 1382 444 1431 Marie
478 1381 654 1429 Sfortie
684 1381 956 1429 vicecomiti
989 1381 1098 1428 Bari
1126 1382 1235 1430 duci
1271 1398 1326 1430 ac
1353 1383 1488 1431 ducis
1515 1387 1562 1431 et
1593 1383 1793 1432 ducatus
1820 1384 2080 1433 Mediolani

299 1464 626 1527 gubernatori,
651 1464 727 1512 die
737 1501 833 1511 .....
859 1468 1021 1512 natum
1043 1480 1148 1513 esse
1169 1465 1322 1514 filium
1338 1467 1732 1530 primogenitum,
1759 1484 1814 1516 ac
1837 1469 1879 1516 ei
1903 1483 2081 1517 nomen

300 1549 532 1597 Hercules
565 1563 672 1596 esse
702 1547 1000 1611 impositum.
1038 1549 1269 1599 Volentes
1300 1550 1448 1613 igitur
1475 1550 1641 1598 RRmi.
1680 1553 1781 1598 DD.
1813 1551 2081 1600 cardinales

301 1638 465 1681 sancte
490 1632 762 1691 Anastasie,
798 1632 972 1679 Montis
1002 1632 1191 1695 Regalis
1223 1637 1271 1680 et
1295 1633 1571 1680 Parmensis
1600 1650 1656 1681 ac
1681 1634 1833 1682 sancti
1867 1635 2080 1698 Georgii,

300 1716 536 1764 Ascanius
565 1719 612 1762 et
642 1715 700 1764 de
728 1716 904 1763 Sancto
931 1715 1164 1763 Severino
1194 1731 1244 1763 se
1272 1716 1489 1779 predicto
1518 1717 1627 1765 duci
1656 1718 1763 1764 Bari
1793 1719 2080 1780 gratificare,

301 1800 501 1847 missam
530 1798 820 1857 solemnem,
845 1798 894 1845 in
928 1799 1134 1846 ecclesia
1163 1799 1304 1847 beate
1335 1800 1486 1848 Marie
1516 1800 1574 1847 de
1605 1801 1788 1864 Populo
1822 1801 1881 1848 de
1905 1802 2084 1865 Spiritu
2154 1849 2157 1852 ,

303 1889 473 1940 sancto
492 1883 721 1931 mercurii
739 1900 822 1931 xm
851 1882 1031 1931 mensis
1060 1882 1303 1941 februarii,
1328 1898 1414 1946 per
1440 1885 1496 1929 R.
1532 1885 1584 1930 P.
1622 1886 1679 1931 D.
1706 1883 1930 1931 Carolum
1957 1885 2086 1947 epis-

302 1983 476 2031 copum
519 1968 812 2026 Ostiensem,
859 1967 973 2014 dicti
1011 1966 1267 2014 cardinalis
1303 1965 1495 2013 Ascanii
1523 1966 1860 2029 magistratum
1889 1966 2081 2025 domus,

303 2057 350 2099 et
377 2056 600 2100 cantores
634 2050 818 2114 capelle
852 2052 936 2099 SS.
972 2053 1028 2098 D.
1066 2053 1144 2109 N.,
1186 2053 1379 2097 cantare
1412 2049 1630 2097 fecerunt
1660 2065 1716 2097 ac
1747 2050 1904 2098 eidem
1939 2051 2085 2100 misse

302 2135 654 2193 interfuerunt;
689 2135 897 2183 ecclesia
925 2135 1058 2198 prius
1090 2134 1138 2180 in
1164 2133 1272 2181 loco
1303 2133 1383 2181 ubi
1408 2132 1498 2196 ipsi
1528 2132 1775 2191 sederunt‚·
1806 2138 1853 2181 et
1881 2134 2009 2182 circa
2030 2150 2086 2182 ac

299 2220 436 2283 juxta
459 2218 624 2277 altare,
650 2218 820 2281 pannis
843 2224 890 2266 et
912 2218 1063 2266 auleis
1086 2218 1390 2266 ornatissime
1412 2222 1593 2281 parata.

374 2305 426 2349 In
443 2302 537 2348 hoc
559 2301 870 2364 carnisprivio
890 2301 1000 2349 data
1022 2308 1131 2349 sunt
1146 2317 1319 2350 novem
1337 2302 1483 2365 pallia
1497 2318 1584 2365 pro
1608 2302 1930 2362 currentibus,
1953 2302 2088 2350 vide-

303 2385 417 2432 licet
443 2385 532 2432 tria
564 2384 705 2432 solito
736 2399 823 2447 pro
860 2384 1102 2432 dominica
1138 2385 1296 2448 prima
1326 2385 1697 2449 quadragesime
1733 2401 1821 2449 pro
1849 2385 2083 2445 barbaris,

305 2467 441 2530 equis
465 2471 512 2514 et
529 2466 792 2530 jumentis,
817 2482 872 2514 ac
895 2482 979 2514 sex
1000 2467 1093 2514 alia
1123 2482 1210 2530 pro
1239 2469 1421 2529 Judeis,
1447 2470 1628 2533 pueris,
1658 2469 1933 2533 juvenibus,
1959 2468 2088 2516 seni-

306 2550 411 2608 bus,
437 2549 584 2597 asinis
605 2553 652 2597 et
678 2549 870 2608 bufalis,
902 2554 1043 2613 prout
1075 2554 1147 2599 est
1179 2553 1508 2614 superioribus
1536 2553 1674 2600 annis
1702 2552 1884 2600 factum
1906 2568 1961 2599 ac
1982 2551 2086 2600 fieri

308 2634 571 2682 consuevit.

372 2717 511 2766 Feria
544 2722 715 2780 quarta
754 2718 991 2776 cinerum,
1033 2721 1094 2765 20
1135 2716 1248 2764 dicti
1289 2717 1470 2765 mensis
1511 2715 1756 2775 februarii,
1797 2717 1881 2764 SS.
1931 2718 1989 2763 D.
2028 2719 2085 2765 N.

308 2805 500 2864 paratus
523 2817 658 2850 more
685 2802 845 2861 solito,
878 2802 1006 2850 venit
1037 2802 1097 2848 ad
1134 2800 1367 2864 capellam
1393 2801 1648 2864 majorem,
1679 2800 1925 2848 benedixit
1956 2800 2089 2849 cine-

311 2899 405 2942 res,
440 2887 487 2931 et
516 2884 638 2930 datis
665 2885 751 2932 sibi
781 2886 912 2948 prius
944 2901 1030 2949 per
1058 2888 1248 2932 Rmum.
1283 2887 1340 2931 D.
1373 2883 1667 2933 cardinalem
1692 2884 2087 2942 Ulixbonensem,

311 2967 389 3029 qui
428 2967 487 3014 ad
526 2966 704 3014 dictam
739 2969 972 3030 capellam
1011 2969 1295 3031 perveniens
1335 2967 1551 3015 officium
1588 2972 1890 3030 peracturUS,
1928 2965 2092 3014 omnia

309 3054 592 3114 paramenta
612 3050 926 3113 pontificalia,
958 3051 1165 3114 demptis
1197 3051 1492 3100 chirothecis
1521 3055 1568 3098 et
1596 3050 1774 3098 annulo
1800 3050 2087 3114 pontificali,

311 3137 582 3196 acceperat,
621 3133 862 3181 distribuit
902 3133 1007 3180 aliis
1050 3149 1184 3181 more
1226 3134 1386 3193 solito,
1429 3134 1618 3196 dispoto
1658 3137 1768 3196 post
1802 3134 2088 3194 cardinales,

311 3218 561 3281 capitaneo
584 3217 789 3266 ecclesie
813 3220 860 3264 et
880 3216 989 3263 duci
1013 3217 1149 3280 Sored'
1163 3221 1272 3279 post
1305 3232 1473 3264 omnes
1506 3215 1717 3279 prelatos
1739 3232 1795 3264 ac
1816 3217 1978 3280 nepoti
2003 3233 2090 3266 suo

314 3305 419 3349 Don
433 3301 669 3349 Roderico
687 3301 940 3365 capitaneo
954 3299 1117 3364 palatii
1138 3303 1246 3362 post
1263 3314 1431 3346 omnes
1453 3299 1729 3347 immediate
1752 3304 1862 3348 ante
1883 3301 2090 3348 servien-

314 3389 385 3433 tes
407 3400 670 3443 armorum,
693 3389 740 3432 et
760 3387 869 3447 post
891 3398 999 3432 eum
1021 3382 1258 3445 aliquibus
1285 3382 1518 3430 militibus
1542 3383 1783 3445 Hispanis,
1802 3382 1945 3430 sociis
1967 3382 2082 3433 suis.

379 3470 575 3531 Incepta
593 3467 928 3515 distributione
952 3467 1188 3525 cinerum,
1215 3466 1343 3514 venit
1365 3466 1425 3515 ad
1448 3467 1682 3530 capellam
1705 3469 1759 3514 R.
1787 3468 1842 3513 D.
1862 3465 2085 3513 Nicolaus
