2222 3926
150 315 258 355 [Aont
279 316 371 355 1496]
499 317 502 319 ’
599 313 769 350 RERUM
803 312 1107 350 URBANARUM
1141 312 1492 351 COMMENTARII.
1863 317 1934 352 317

151 431 354 464 numero
385 432 470 464 sex
500 416 574 465 vel
607 417 752 476 circa,
789 422 836 465 et
871 408 1085 465 cumeis
1124 415 1399 464 Alexandro
1438 416 1498 464 de
1533 415 1791 464 Bentivolis
1833 418 1932 465 sive

151 499 254 562 ejus
278 499 425 559 fratri,
447 500 527 564 qui
549 506 710 549 orator
730 501 877 565 patris
898 501 1010 549 illuc
1032 505 1244 549 venerat.

213 582 287 630 Ad
324 582 664 644 elevationem,
700 589 907 648 quatuor
945 584 1108 633 clerici
1151 587 1409 632 tenuerunt
1445 583 1677 632 intortitia
1710 601 1719 631 ε
1750 584 1927 633 librum

148 670 192 713 et
226 682 396 729 pacem
435 667 719 717 ministravit
751 669 934 717 electus
970 669 1218 728 BarensiS,
1254 671 1305 715 ut
1335 667 1459 726 heri,
1494 672 1542 716 et
1577 668 1656 716 alii
1696 669 1932 733 capellani

148 749 310 812 legati.

214 833 360 885 Missa
381 834 534 892 finita,
557 835 744 899 legatus
767 837 896 885 dedit
913 837 1304 886 benedictionem
1330 838 1600 887 solemnem
1623 837 1670 884 in
1691 840 1852 895 cantu,
1883 835 1932 884 in

150 917 312 965 medio
351 917 513 966 altaris
546 923 708 979 stans,
746 924 796 968 ut
830 921 962 979 heri,
1000 926 1047 969 et
1082 937 1278 970 crucem
1320 938 1404 970 sue
1440 920 1697 985 legationis
1734 925 1845 968 ante
1883 936 1934 967 se

149 999 353 1060 habens,
377 1006 425 1050 et
455 1003 695 1050 concessit
718 1003 1040 1067 indulgentias
1074 1005 1219 1053 trium
1251 1020 1489 1054 annorum
1519 1008 1566 1053 et
1595 1004 1798 1052 totidem
1820 1020 1935 1067 qua-

149 1084 491 1148 dragenarum,
530 1103 648 1151 quas
686 1103 800 1151 ego,
836 1103 895 1136 ex
934 1089 1279 1137 commissione
1324 1091 1380 1136 D.
1418 1088 1563 1152 legati
1601 1087 1930 1151 pronunciavi.

151 1168 335 1218 Deinde
365 1170 556 1219 intravit
587 1171 636 1218 in
666 1172 1015 1220 monasterium
1045 1172 1318 1236 predictum
1353 1177 1400 1220 et
1431 1172 1635 1219 chorum
1668 1172 1932 1220 monalium

151 1269 262 1300 cum
291 1253 431 1314 duce,
457 1255 726 1303 oratoribus
758 1260 805 1304 et
832 1254 1135 1319 paucissimis
1164 1271 1223 1303 ex
1253 1255 1415 1315 nobis;
1442 1255 1554 1303 vidit
1574 1255 1933 1304 multitudinem

151 1337 420 1399 puellarum
448 1338 772 1402 professarum
802 1339 849 1386 in
877 1339 1028 1386 choro
1058 1339 1277 1387 ordinate
1307 1339 1552 1397 stantium,
1582 1339 1754 1401 quibus
1782 1339 1932 1388 hene-

151 1413 267 1468 dixit
282 1425 346 1480 et,
369 1420 675 1484 paucissimis
695 1421 850 1469 verbis
873 1437 984 1468 cum
1006 1421 1250 1469 abbatissa
1269 1420 1465 1481 habitis,
1486 1421 1626 1469 rediit
1644 1421 1705 1469 ad
1719 1426 1931 1470 castrum

150 1503 317 1552 ordine
339 1519 434 1568 quo
458 1510 668 1554 venerat.

215 1586 396 1636 Eadem
418 1588 513 1647 die,
534 1589 745 1653 acceptis
765 1589 936 1638 litteris
957 1590 1203 1654 magnifici
1221 1594 1277 1638 D.
1297 1589 1572 1653 Marquardi
1586 1589 1645 1638 de
1663 1589 1926 1655 Breysach‚

151 1670 448 1719 serenissimi
470 1675 801 1721 Romanorum
822 1674 950 1738 regis
975 1673 1285 1722 Maximiliani
1308 1674 1556 1722 secretarii
1578 1679 1627 1722 et
1647 1674 1927 1735 consiliarii,

151 1752 210 1800 de
231 1754 466 1804 veniendo
488 1757 548 1804 ad
567 1757 739 1820 prefati
764 1758 1062 1806 serenissimi
1092 1758 1218 1822 regis
1239 1759 1547 1822 Majestatem
1568 1758 1649 1821 qui
1671 1758 1747 1805 his
1768 1762 1931 1822 prete-

152 1836 251 1884 ritis
279 1837 448 1886 diebus
481 1855 540 1888 ex
569 1840 710 1888 terris
742 1841 838 1889 suis
871 1858 959 1905 per
978 1844 1192 1890 Montem
1216 1842 1410 1890 Bormie
1439 1857 1550 1889 cum
1581 1842 1933 1905 quinquaginta

150 1920 226 1967 vel
258 1921 387 1970 circa
418 1937 477 1971 ex
514 1923 612 1971 suis
642 1927 805 1973 tamen
837 1925 886 1972 in
924 1941 1127 1974 numero
1168 1925 1364 1989 copioso
1402 1925 1560 1989 ipsum
1597 1925 1927 1989 sequentibus,

149 2004 348 2052 veniens
369 2005 418 2052 in
438 2008 659 2055 Castrum
682 2010 852 2056 Creme
874 2025 902 2056 a
923 2009 1195 2057 Mediolano
1230 2009 1290 2057 ad
1323 2008 1567 2057 sexdecim
1597 2009 1835 2068 milliaria,
1858 2007 1931 2056 vel

150 2087 296 2148 circa,
330 2089 531 2150 distans,
573 2106 624 2139 se
666 2091 941 2140 firmaverat
982 2098 1030 2141 et
1066 2097 1330 2157 receperat.
1368 2092 1524 2140 Retuli
1562 2091 1655 2138 hec
1693 2094 1832 2139 Rmo.
1866 2093 1924 2138 D.

146 2171 326 2235 legato,
354 2173 393 2220 si
417 2173 539 2222 forte
561 2174 699 2222 vellet
718 2175 846 2239 apud
867 2176 992 2224 illius
1011 2177 1317 2241 Majestatem
1332 2176 1447 2240 quid
1463 2192 1552 2239 per
1571 2191 1650 2223 me
1672 2174 1794 2223 fieri.
1820 2174 1929 2222 Pla-

145 2254 243 2302 cuit
264 2257 665 2326 reverendissime
688 2259 1015 2308 Dominationi
1037 2277 1139 2320 sue,
1163 2262 1298 2325 juxta
1319 2260 1712 2308 informationem
1735 2274 1763 2306 a
1784 2261 1924 2306 Rmo.

146 2340 203 2386 D.
238 2339 479 2388 cardinale
515 2341 719 2389 Senensi
739 2341 800 2406 ‚in
833 2343 953 2392 urbe
982 2344 1216 2403 habitam,
1249 2327 1608 2394 verha’habere
1642 2343 1848 2392 honeste
1882 2347 1931 2391 et

145 2428 440 2484 opportune3
466 2422 584 2470 mihi
621 2425 864 2473 commisit
899 2428 1030 2490 quod
1063 2428 1166 2476 sine
1208 2429 1330 2478 scitu
1362 2428 1497 2476 ducis
1530 2426 1788 2475 Mediolani
1828 2440 1927 2473 non

146 2505 444 2565 recederem,
474 2508 613 2571 cujus
652 2509 945 2558 Excellentia
977 2510 1110 2559 dedit
1138 2513 1259 2560 mihi
1289 2513 1338 2560 in
1375 2512 1606 2560 comitem
1640 2513 1696 2557 D.
1731 2512 1927 2557 Petrum

142 2591 539 2650 Cremonensem,
574 2593 892 2640 camerarium
940 2610 1098 2655 suum,
1139 2596 1218 2658 qui
1251 2596 1299 2643 in
1337 2598 1576 2643 Cremona
1612 2593 1670 2642 de
1713 2592 1926 2656 hospitio

147 2671 263 2719 mihi
284 2673 558 2736 providerat
580 2680 626 2723 et
647 2676 752 2723 aliis
774 2678 1074 2740 opportunis.
1098 2679 1333 2727 Venimus
1358 2679 1438 2726 illo
1461 2693 1567 2726 sero
1596 2677 1657 2724 ad
1682 2679 1922 2735 Cremam‚

146 2753 276 2802 circa
314 2756 574 2805 secundam
614 2757 785 2806 horam
818 2760 991 2820 noctis,
1030 2765 1078 2809 et
1118 2777 1213 2810 non
1252 2767 1354 2811 erat
1394 2767 1586 2825 tempus
1622 2760 1925 2824 Majestatem

147 2837 329 2901 regiam
364 2838 591 2899 adeundi,
626 2856 717 2888 nec
755 2841 936 2890 ibidem
974 2844 1207 2909 hospitari
1240 2847 1502 2910 potuimus.
1541 2843 1926 2893 Ret'rocessimus

146 2921 290 2984 igitur
310 2925 370 2972 ad
395 2925 554 2974 villam
584 2927 772 2976 Tercha
790 2934 1132 2993 nuncupatam,
1157 2930 1238 2977 ubi
1263 2930 1669 2994 pernoctavimus,
1695 2927 1756 2976 ad
1776 2942 1925 2975 unum

146 3005 349 3056 milliare
383 3024 492 3057 cum
525 3010 722 3059 dimidio
751 3011 827 3059 vel
861 3011 1005 3073 circa,
1042 3029 1070 3061 a
1100 3016 1273 3062 Crema
1301 3014 1575 3062 distantem.
1602 3014 1654 3059 In
1674 3026 1816 3059 mane
1847 3025 1924 3058 se-

146 3091 328 3153 quenti,
347 3093 640 3142 accessimus
656 3095 716 3142 ad
732 3098 954 3144 Cremam
974 3097 1055 3145 ubi
1075 3098 1302 3162 Majestas
1324 3097 1451 3161 regis
1470 3112 1548 3145 me
1565 3094 1759 3153 audivit,
1779 3109 1924 3156 quam

146 3174 195 3220 in
222 3173 390 3237 primis
415 3182 670 3226 veneratus
698 3195 824 3239 sum,
849 3183 900 3227 ut
921 3181 1202 3229 servitorem
1223 3181 1379 3230 decet.
1405 3180 1639 3229 Venimus
1669 3176 1843 3226 deinde
1864 3176 1925 3224 ad

146 3257 309 3305 locum
335 3260 600 3323 Majestatis
626 3278 710 3310 sue
733 3281 744 3321 ;
774 3279 886 3312 cum
913 3265 1041 3329 apud
1065 3265 1279 3330 legatum
1310 3262 1586 3312 conveniret
1614 3260 1843 3317 debitum,
1874 3258 1923 3304 in

147 3357 242 3403 quo
263 3341 608 3391 advertendum
632 3350 761 3394 esset
782 3346 1105 3394 differentiam
1127 3346 1251 3395 inter
1270 3346 1612 3408 imperatorem
1640 3344 1921 3390 coronatum

147 3430 195 3472 et
217 3428 545 3475 Romanorum
568 3443 734 3491 regem
755 3429 970 3478 nondum
992 3433 1295 3487 coronatum,
1334 3431 1382 3474 et
1402 3425 1612 3474 rationes
1634 3427 1922 3488 opportunas
