2202 3926
132 370 217 412 [Mai
238 370 332 411 1793]
579 369 750 407 RERUM
782 368 1090 406 URBANARUM
1123 368 1476 410 COMMENTARII.
1877 377 1925 413 75

132 489 300 538 regem
319 477 367 523 et
394 473 614 538 reginam
640 472 871 537 Hispania
905 472 1053 521 etiam
1093 471 1324 536 singulari
1361 471 1620 522 affectione
1654 474 1919 537 honorare,

127 560 359 624 ipsosque
381 573 548 622 regem
570 561 618 607 et
636 556 857 621 reginam
887 556 1195 605 sanctitatem
1227 572 1363 604 suam
1394 572 1493 606 non
1525 557 1760 606 mediocri
1783 559 1925 608 devo-

130 644 263 693 tione
302 642 553 707 prosequi;
589 645 850 706 propterea
888 641 1054 705 utique
1092 641 1333 705 cogitasse
1375 642 1553 691 honori
1594 646 1641 692 et
1675 643 1921 694 devotioni

129 727 411 793 hujusmodi
449 726 726 786 convenire,
765 724 897 789 quod
924 727 1093 775 Rmus.
1127 727 1185 773 D.
1218 725 1475 775 cardinalis
1502 728 1682 776 Montis
1709 729 1922 793 Regalis,

132 813 217 861 SS.
244 815 302 861 D.
333 813 390 860 N.
426 826 596 875 nepos,
630 810 758 859 inter
784 814 1001 860 oratores
1031 826 1119 875 pro
1156 811 1436 861 obedientia
1465 813 1750 878 hujusmodi
1787 830 1925 878 pres-

132 896 280 945 tanda
299 899 694 954 connumeretur,
725 898 771 943 et
799 895 958 959 ipsum
986 895 1292 943 nominatum
1321 911 1447 957 esse,
1482 902 1547 956 et,
1582 902 1633 945 ut
1671 898 1923 962 utriusque

134 980 337 1044 gravitas
359 979 658 1038 observetur,
690 977 781 1026 sibi
810 977 981 1038 videri,
1018 978 1150 1041 quod
1179 979 1229 1025 in
1258 994 1402 1028 mane
1433 980 1661 1029 introitus
1683 981 1923 1030 dictorum

134 1068 382 1114 oratorum
404 1062 652 1128 predictus
674 1065 842 1110 RmuS.
869 1065 927 1110 D.
952 1061 1131 1110 Montis
1146 1063 1339 1127 Regalis
1362 1063 1621 1112 cardinalis
1643 1065 1705 1113 ad
1726 1068 1928 1129 Burget-

134 1154 236 1198 tum
256 1149 419 1198 locum
439 1163 528 1213 per
547 1163 633 1196 sex
659 1146 866 1194 miliaria
893 1146 953 1196 ab
982 1147 1110 1195 Urbe
1140 1147 1400 1197 distantem
1432 1148 1632 1212 equitet,
1667 1152 1713 1197 et
1743 1149 1925 1197 ibidem

132 1238 349 1283 oratores
373 1232 624 1281 venientes
645 1234 892 1295 expectet3
916 1235 1026 1295 post
1048 1247 1256 1295 quorum
1271 1232 1530 1281 adventum
1545 1232 1647 1297 ipse
1666 1234 1924 1282 cardinalis

132 1318 192 1368 ad
221 1317 467 1366 sinistram
495 1331 632 1365 suam
658 1315 846 1364 habens
872 1316 1115 1380 prefatum
1143 1318 1202 1364 D.
1237 1316 1474 1365 Didacum
1502 1319 1660 1381 Lopes
1688 1318 1747 1366 de
1776 1321 1922 1379 Haro,

134 1406 340 1454 Romam
368 1403 536 1462 intret,
562 1404 609 1449 et
628 1403 740 1465 post
760 1415 874 1449 eum
896 1400 1009 1449 dicti
1028 1401 1421 1462 TarraconensiS,
1446 1400 1857 1465 Carthaginiensis
1879 1406 1926 1450 et

134 1487 380 1547 Pacensis,
412 1486 589 1550 singuli
616 1487 744 1536 inter
772 1485 984 1550 prelatos
1011 1484 1196 1549 palatii,
1229 1489 1277 1533 et
1314 1485 1434 1534 alios
1469 1490 1688 1534 oratores
1713 1486 1764 1533 in
1798 1487 1926 1534 Urbe

134 1572 415 1631 existenteS,
440 1571 605 1630 medii,
632 1575 680 1620 et
698 1571 794 1619 hoc
822 1570 991 1618 ordine
1020 1569 1204 1634 equitet
1226 1585 1382 1634 usque
1410 1569 1472 1618 ad
1492 1570 1692 1618 domum
1713 1570 1840 1619 Rmi.
1865 1573 1923 1619 D,

133 1656 327 1706 Ascanii
348 1654 752 1714 vicecancellarii,
775 1654 855 1703 ubi
889 1655 994 1718 ipse
1020 1654 1151 1702 solus
1172 1658 1458 1718 permaneat
1479 1670 1591 1702 cum
1615 1670 1702 1703 sua
1723 1654 1923 1715 familia,

134 1741 350 1806 prefatus
382 1755 496 1790 vero
529 1742 588 1789 D.
626 1739 836 1788 Didacus
873 1741 1050 1803 LopeS,
1091 1754 1188 1787 una
1232 1754 1344 1787 cum
1381 1738 1521 1787 dictis
1555 1741 1923 1799 Tarraconensi,

136 1823 523 1888 Carthaginiensi
535 1827 584 1873 et
596 1823 800 1872 Pacensi
813 1823 906 1872 iter
917 1822 1261 1871 suumcontinu
1275 1828 1324 1871 et
1338 1839 1491 1887 usque
1506 1823 1567 1871 ad
1581 1824 1781 1872 domum
1797 1824 1922 1872 Rmi.

136 1911 195 1957 D.
226 1907 487 1956 cardinalis
509 1908 568 1955 de
588 1907 790 1956 Medicis
820 1907 870 1954 in
900 1922 1073 1971 campo
1101 1907 1260 1967 Flore,
1290 1907 1339 1954 in
1371 1923 1466 1970 qua
1487 1908 1819 1971 hospitaturus
1856 1914 1926 1957 est

135 1991 352 2055 prefatus
386 1994 443 2039 D.
491 1991 698 2039 Didacus
729 1993 885 2054 Lopes
929 2006 939 2038 :
982 1989 1252 2054 adjungens
1288 2005 1466 2039 novum
1502 2007 1599 2039 non
1643 2008 1750 2041 esse
1799 1992 1928 2055 quod

138 2075 395 2124 cardinalis
425 2090 514 2139 pro
550 2090 666 2139 rege
704 2073 1033 2123 obedientiam
1071 2078 1257 2138 prestet
1290 2090 1484 2123 summo
1523 2075 1760 2139 pontifici.
1803 2078 1925 2124 Nam

137 2161 263 2210 bone
299 2144 536 2209 memorie
577 2159 961 2208 Constantiensis
1002 2163 1050 2208 et
1084 2159 1420 2208 Atrebatensis
1471 2159 1742 2208 cardinales
1783 2160 1926 2208 simul

135 2244 270 2293 missi
300 2259 328 2292 a
361 2242 604 2291 Ludovico
633 2244 933 2291 Francorum
967 2257 1084 2306 rege
1118 2243 1179 2290 ad
1214 2242 1370 2290 felicis
1407 2244 1756 2292 recordationis
1787 2244 1926 2292 Pium

132 2343 307 2394 papam
329 2307 615 2388 secundum,
640 2326 707 2374 illi
732 2326 932 2375 nomine
957 2326 1073 2374 dicti
1092 2326 1224 2391 regis
1242 2327 1572 2378 obedientiam
1590 2329 1923 2394 prestiterunt,

135 2427 233 2460 non
252 2411 380 2459 inter
400 2410 672 2459 cardinales
694 2411 938 2471 sedentes,
969 2411 1057 2459 sed
1084 2416 1216 2461 retro
1245 2412 1490 2461 banchum
1522 2414 1923 2479 presbyterorum

135 2495 453 2544 cardinalium
479 2494 529 2542 in
549 2494 658 2544 loco
680 2499 929 2543 oratorum
957 2500 1192 2545 consueto
1224 2500 1425 2558 stanteS,
1458 2497 1702 2546 cardinale
1727 2497 1927 2546 Atreba-

134 2579 260 2629 tensi
301 2577 520 2643 predicto
565 2579 839 2628 orationem
878 2579 1113 2639 faciente3
1163 2580 1385 2630 similiter
1429 2586 1478 2630 et
1519 2582 1646 2630 bone
1689 2582 1925 2631 memorie

135 2663 431 2712 cardinalem
466 2663 868 2727 Andegavensem
911 2665 972 2712 ad
1009 2664 1162 2713 felicis
1204 2666 1555 2715 recordationis
1590 2667 1925 2715 Innocentium

134 2762 311 2811 papam
339 2751 561 2798 octavum
591 2762 679 2811 pro
711 2747 969 2811 prestanda
999 2747 1279 2797 obedientia
1303 2749 1500 2798 nomine
1541 2748 1769 2797 Ludovici
1798 2748 1925 2812 regis

135 2832 452 2891 Francorum,
476 2847 574 2880 una
593 2847 704 2880 cum
735 2831 1026 2896 quibusdam
1056 2831 1160 2881 aliis
1192 2832 1563 2881 conoratoribus
1596 2831 1693 2880 suis
1722 2831 1925 2881 missum

137 2913 307 2963 fuisse.

202 2999 448 3063 Respondi
469 2998 799 3048 Dominationi
820 3016 904 3049 sue
935 3016 1014 3049 me
1042 3000 1102 3050 de
1136 3000 1506 3051 Constantiense
1539 3006 1588 3050 et
1606 3002 1925 3051 Atrebatense

136 3082 256 3131 nihil
276 3083 420 3144 scire,
441 3084 528 3132 sed
554 3084 958 3150 Andegavensem
983 3100 1062 3134 me
1090 3100 1362 3134 memorem
1387 3101 1514 3146 esse,
1549 3086 1680 3149 quod
1705 3086 1819 3135 licet
1839 3101 1926 3150 per

138 3180 304 3228 regem
334 3167 607 3230 predictum
646 3168 708 3216 ad
741 3168 1024 3233 hujusmodi
1065 3168 1282 3217 officium
1318 3169 1596 3218 nominatus
1636 3169 1798 3230 fuerit,
1835 3185 1923 3233 per

136 3250 317 3312 Papam
347 3252 509 3299 tamen
547 3255 595 3299 et
632 3267 721 3315 per
754 3251 1023 3300 cardinales
1059 3252 1110 3299 in
1135 3253 1316 3317 populo
1347 3258 1576 3316 tanquam
1605 3253 1823 3316 legatum
1861 3252 1920 3300 de

133 3333 285 3381 latere
319 3348 408 3396 per
438 3338 602 3382 sancte
635 3335 871 3384 memorie
906 3336 1094 3384 Sixtum
1120 3351 1296 3400 papam
1324 3339 1549 3399 quartum
1575 3336 1638 3384 ad
1665 3336 1918 3383 Franciam

135 3418 356 3476 missum,
389 3415 501 3465 inde
527 3418 813 3468 redeuntem
831 3424 1084 3483 receptum
1105 3419 1270 3480 fuisse,
1306 3424 1354 3467 et
1384 3419 1560 3469 deinde
1591 3420 1812 3483 sequenti
1845 3419 1922 3465 die

137 3501 312 3551 comite
336 3500 561 3564 Delphini
583 3507 868 3552 conoratore
891 3518 1003 3562 suo,
1023 3519 1119 3552 una
1140 3518 1251 3551 cum
1273 3502 1447 3551 ceteris
1468 3519 1556 3566 per
1580 3507 1770 3566 portam
1792 3500 1921 3549 Viri-
