2202 3900
300 357 371 393 344
917 352 1150 390 ιΙΟΗΑΝΝΙΞ
1184 352 1480 399 BURCHARDI,
1759 356 1966 397 [Decembre
1987 363 2086 404 1496]

302 459 455 508 ciatus
478 462 525 506 et
552 473 662 506 cum
693 472 750 505 eo
774 460 828 504 R.
854 456 903 503 in
930 455 1118 504 Christo
1145 457 1197 501 P.
1221 457 1277 501 D.
1302 457 1486 513 PetrUS,
1512 454 1770 518 episcopus
1793 460 2080 509 Cesenaten-

305 542 386 602 sis,
421 541 552 590 curie
582 555 835 588 causarum
870 537 1134 601 apostolice
1166 536 1406 598 generalis
1437 537 1644 598 auditor,
1678 539 1758 602 qui
1791 540 1934 589 ambo
1968 534 2084 592 alias

306 640 474 686 regem
496 623 696 670 Francie
723 623 781 669 ab
814 622 941 668 Urbe
967 619 1277 667 recedentem
1299 620 1453 667 secuti
1476 625 1601 680 sunt,
1628 624 1674 670 et
1702 622 1761 670 ab
1783 638 1841 671 ea
1860 623 1936 671 die
1968 625 2087 673 citra

311 708 369 755 ad
392 706 568 754 Urbem
591 720 744 767 usque
766 703 910 750 modo
932 717 1030 749 non
1051 702 1247 749 reversi.
1845 769 1847 771 Ι

372 791 424 835 ln
446 803 555 836 sero
578 787 816 850 sequenti,
840 786 1089 834 visitarunt
1113 787 1196 833 SS.
1222 787 1277 832 D.
1303 790 1538 847 nostrum,
1565 805 1592 837 a
1615 806 1711 853 quo
1733 791 1925 842 fuerunt
1948 809 2084 842 more

311 871 450 919 solito
474 869 674 932 recepti.

378 953 604 1010 Sabbato,
631 954 690 998 24
719 951 1008 1010 decembris,
1038 952 1196 1016 vigilia
1225 951 1482 1001 nativitatis
1512 956 1704 1004 Domini
1734 962 1781 1007 et
1813 959 2089 1009 salvationis

312 1038 463 1086 nostri
485 1040 526 1084 J.
553 1036 744 1095 Christi,
771 1035 964 1083 fuerunt
987 1053 1185 1100 vespere
1203 1039 1399 1102 papales
1421 1039 1469 1085 in
1499 1040 1684 1103 capella
1705 1043 1887 1105 maj0re
1910 1043 2088 1106 palatii,

314 1125 443 1184 Papa
463 1121 662 1168 absente
687 1119 767 1185 (1),
797 1135 915 1182 quas
941 1119 1143 1168 debebat
1167 1123 1331 1169 Rmus.
1359 1124 1414 1170 D.
1441 1122 1695 1171 cardinalis
1726 1126 2088 1189 Neapolitanus,

315 1204 526 1252 crastina
558 1203 633 1251 die
665 1203 1012 1262 celebraturuS,
1045 1203 1243 1251 missam
1274 1206 1510 1269 majorem
1538 1206 1813 1267 decantare,
1841 1207 1927 1256 sed
1954 1209 2094 1257 dubi-

320 1292 422 1335 tans
445 1303 503 1335 ex
521 1287 742 1340 catarrho
765 1286 921 1349 ipsum
943 1287 1238 1349 impediente
1261 1293 1307 1336 et
1323 1289 1552 1352 temporis
1568 1290 1824 1353 asperitate
1847 1291 1886 1338 si
1908 1291 1969 1338 ad
1989 1307 2094 1340 ves-

316 1386 458 1432 peras
478 1369 664 1418 veniret
681 1385 776 1416 non
799 1385 942 1432 posse
965 1370 1174 1418 crastina
1195 1371 1270 1419 die
1290 1371 1449 1420 debite
1470 1373 1733 1433 celebrare,
1752 1390 1830 1422 me
1853 1375 2095 1423 commisit

319 1458 368 1501 ut
403 1453 612 1516 aliquem
646 1468 705 1501 ex
738 1452 929 1499 RRmis.
963 1455 1062 1500 DD.
1095 1453 1414 1502 cardinalibus
1451 1455 1531 1518 qui
1563 1471 1786 1519 vesperas
1813 1456 2093 1521 hujusmodi

321 1537 616 1594 decantaret,
653 1551 738 1583 suo
777 1535 970 1583 nomine
1004 1551 1245 1599 rogarem.
1284 1539 1521 1586 Executus
1560 1555 1667 1586 sum
1701 1540 2094 1589 commissionem

319 1619 438 1666 mihi
462 1619 637 1667 factam
663 1617 940 1682 hujusmodi
968 1619 1096 1682 apud
1117 1622 1309 1668 Rmum.
1337 1624 1393 1669 D.
1420 1621 1713 1670 cardinalem
1744 1638 1784 1669 S.
1809 1622 2089 1681 Clementis,

321 1701 400 1765 qui
422 1701 636 1749 officium
658 1700 865 1763 benigne
890 1701 1116 1764 susc-epit,
1143 1707 1190 1749 et
1211 1702 1502 1766 adimplevit.

389 1789 440 1833 In
478 1789 621 1833 nocte
657 1783 895 1846 sequenti,
927 1782 1056 1830 idem
1097 1786 1153 1830 D.
1192 1784 1446 1832 cardinalis
1485 1786 1697 1835 sentiens
1735 1802 1785 1836 se
1826 1789 2091 1849 turbatum,

321 1868 501 1931 rogavit
519 1884 606 1931 per
625 1866 845 1914 nuntium
871 1881 1012 1914 suum
1040 1869 1230 1914 Rmum.
1257 1870 1315 1915 D.
1341 1869 1633 1917 cardinalem
1655 1871 1938 1919 Perusinum
1964 1876 2016 1920 ut
2035 1872 2095 1920 de

320 1952 411 1999 alio
432 1951 667 2015 provideri
689 1950 983 2013 dignaretur,
1006 1948 1085 2012 qui
1113 1950 1322 1998 crastina
1346 1951 1423 1999 die
1445 1952 1642 2000 missam
1674 1953 1941 2001 solemnem
1963 1954 2095 2003 dice-

318 2039 408 2094 ret,
434 2051 545 2082 cum
567 2034 669 2098 ipse
692 2038 914 2097 gravatus
937 2037 984 2081 et
1005 2033 1234 2080 alteratus
1255 2049 1353 2081 non
1374 2041 1537 2098 posset
1560 2050 1681 2083 onus
1705 2036 1983 2100 hujusmodi
2005 2037 2093 2085 sibi

315 2118 595 2181 impositum
626 2119 845 2166 sufferre.
871 2117 1135 2165 Celebravit
1157 2117 1300 2180 igitur
1320 2118 1518 2166 missam
1536 2119 1815 2182 hujusmodi
1842 2123 2007 2167 Rmus.
2034 2123 2090 2167 D.

316 2200 572 2247 cardinalis
601 2216 639 2247 s.
664 2200 892 2247 Praxedis
921 2199 969 2246 in
995 2200 1192 2248 basilica
1213 2216 1250 2246 s.
1277 2199 1422 2258 Petri,
1448 2201 1576 2262 Papa
1605 2199 1824 2247 absente.
1847 2199 1985 2247 Bulla
2005 2199 2096 2248 fuit

315 2283 539 2331 columne
567 2284 705 2331 solite
735 2299 965 2346 appensa,
991 2299 1078 2346 per
1098 2298 1241 2345 quam
1270 2281 1626 2329 concedebatur
1647 2281 1845 2330 facultas
1864 2285 2003 2330 Rmo.
2031 2285 2088 2330 D.

316 2366 544 2414 cardinali
569 2367 799 2414 Perusino
819 2366 866 2413 in
890 2366 1038 2413 altare
1060 2366 1247 2429 majore
1270 2365 1395 2413 dicte
1417 2364 1634 2412 basilice.

386 2450 472 2497 Die
502 2453 562 2497 26
585 2449 874 2508 decembris,
901 2465 993 2511 qua
1020 2449 1114 2496 dux
1140 2449 1320 2497 Gandie
1349 2453 1538 2496 creatus
1569 2435 1654 2495 fuit
1689 2449 1906 2511 gentium
1933 2464 2094 2498 armo-

318 2549 425 2580 rum
459 2528 662 2580 romane
696 2532 901 2580 ecclesie
937 2533 1176 2596 generalis
1209 2532 1511 2596 capitaneus,
1545 2532 1742 2579 missam
1778 2533 2016 2597 maj0rem
2049 2538 2095 2581 et

317 2616 410 2664 alia
445 2615 603 2663 divina
640 2615 801 2663 officia
837 2615 1113 2663 celebrandi
1148 2620 1193 2663 et
1225 2616 1318 2663 hoc
1350 2619 1550 2678 propter
1584 2614 1791 2664 formam
1826 2621 1871 2664 et
1901 2619 2098 2680 propter

368 2812 402 2848 1.
434 2826 451 2844 «
470 2811 501 2846 A
521 2811 650 2856 Roma,
678 2810 709 2846 el
730 2810 901 2858 pontifice
919 2822 993 2847 non
1020 2811 1051 2846 si
1072 2810 1204 2847 sentite
1223 2810 1330 2856 bene,
1352 2811 1441 2847 adeo
1461 2822 1534 2846 non
1555 2813 1660 2847 canto
1679 2823 1802 2848 messa
1822 2810 1854 2847 el
1873 2811 1910 2846 di
1929 2811 1964 2846 di
1990 2811 2099 2848 nadal

317 2871 419 2919 justa
437 2869 463 2905 il
482 2874 671 2907 consueto.
694 2870 764 2905 Era
784 2872 892 2906 eciam
912 2869 1097 2906 adolorato
1117 2870 1250 2917 perche
1277 2869 1308 2906 le
1329 2880 1435 2905 cosse
1455 2881 1520 2905 sue
1541 2873 1667 2906 contra
1688 2869 1808 2906 Orsini
1828 2880 1901 2905 non
1927 2869 2097 2916 procede-

322 2941 416 2967 vano
436 2931 484 2966 ad
503 2933 599 2971 vota,
617 2931 689 2965 imo
709 2941 773 2977 per
794 2929 861 2965 doe
881 2928 975 2965 volte
1002 2930 1068 2965 che
1088 2928 1120 2965 16
1141 2933 1243 2965 zente
1271 2940 1335 2964 sue
1360 2928 1522 2964 haveano
1543 2929 1625 2965 dato
1651 2927 1687 2965 la
1710 2927 1884 2975 bataglia,
1906 2938 2015 2963 erano
2041 2932 2098 2964 sta

323 2988 538 3034 maltratate,
555 2992 590 3025 et
609 2987 708 3024 molti
726 2988 876 3024 amazati
896 3000 917 3024 a
940 2988 1113 3025 Brazano.
1128 2988 1172 3024 Et
1183 2988 1216 3024 fo
1230 2987 1320 3024 ditto
1341 2987 1467 3023 chome
1489 2987 1598 3035 quelli
1621 2986 1657 3022 di
1678 2987 1854 3032 Brazano,
1876 2988 2061 3024 hessendo
2077 2999 2098 3023 a

323 3059 450 3096 campo
476 3047 628 3097 inimici,
645 3046 787 3084 tolseno
809 3058 879 3083 uno
899 3059 1012 3083 aseno
1033 3047 1142 3084 molto
1163 3047 1301 3095 grande
1316 3051 1351 3083 et
1364 3046 1470 3093 bello,
1485 3051 1519 3083 et
1539 3045 1704 3082 messelli·
1720 3038 1765 3082 a'd
1785 3045 1875 3083 collo
1892 3058 1967 3083 una
1988 3046 2099 3084 scrita

324 3119 390 3142 con
412 3107 536 3143 lettere
558 3107 696 3154 grande
721 3106 788 3142 che
814 3105 938 3142 diceva
961 3117 968 3141 :
991 3107 1176 3142 lassatime
1203 3106 1320 3141 andem·
1334 3116 1404 3151 per
1430 3106 1464 3140 la
1490 3107 1564 3141 mia
1583 3107 1655 3146 via,
1679 3106 1740 3142 che
1766 3107 1857 3143 vado
1884 3107 2100 3143 ambasador

323 3169 359 3203 (ιί
380 3168 497 3203 ducha
523 3168 563 3203 di
583 3166 760 3203 Chandia.
783 3165 828 3202 Et
846 3165 971 3202 driedo
1002 3164 1036 3201 la
1061 3165 1153 3201 coda
1178 3164 1286 3202 havia
1311 3176 1384 3201 una
1409 3163 1536 3201 lettera
1562 3164 1697 3201 drizata
1722 3164 1757 3201 al
1785 3165 1875 3203 ditto
1895 3165 2013 3202 ducha
2034 3165 2100 3200 che

325 3226 449 3262 diceva
471 3226 569 3262 assai
590 3225 673 3263 mal.
701 3225 837 3270 Questo
858 3225 982 3262 feceno
1003 3224 1124 3261 Orsini
1145 3229 1181 3261 et
1199 3223 1283 3272 quel
1309 3224 1454 3260 domino
1472 3224 1724 3261 Bartholomeo
1745 3224 1947 3270 d'Alviano,
1968 3223 2100 3272 perche

326 3296 407 3321 esso
428 3285 559 3330 (locha,
582 3285 760 3320 credendo
787 3284 933 3321 desviar
958 3283 990 3320 le
1016 3288 1124 3331 gente
1150 3283 1283 3320 d’arme
1310 3288 1345 3320 et
1372 3283 1522 3320 santarie
1542 3294 1651 3319 erano
1676 3283 1711 3319 in
1738 3282 2009 3327 Brazanoffece
2028 3293 2100 3318 uno

326 3344 422 3381 edito
443 3345 508 3380 che
530 3356 568 3380 se
588 3357 634 3381 ne
653 3344 783 3381 veniva
802 3344 861 3381 nel
886 3355 1012 3392 campo
1039 3343 1089 3378 dil
1114 3355 1209 3391 papa
1236 3344 1440 3380 dovesseno
1461 3342 1545 3379 tutti
1573 3354 1675 3379 esser
1695 3341 1857 3387 conduti‚
1885 3345 1921 3378 et,
1938 3340 2049 3377 datoli
2070 3341 2102 3377 la

326 3404 413 3440 mita
439 3403 499 3451 piu
525 3403 560 3439 di
588 3404 769 3451 stipendio
796 3408 830 3440 et
851 3402 977 3439 danari
996 3402 1032 3438 di
1058 3402 1178 3450 quello
1195 3402 1384 3440 havevano
1406 3414 1472 3439 con
1494 3401 1631 3438 Orsini.
1657 3403 1787 3438 Tamen
1812 3401 1909 3438 nihil
1926 3400 2056 3437 valuit.
2081 3415 2099 3434 »

329 3463 380 3502 M.
403 3463 555 3508 Sanuto,
577 3465 712 3508 Marii,
733 3467 760 3500 t.
783 3464 812 3508 I,
835 3462 902 3500 col.
925 3462 1096 3500 409-410.
