2202 3926
164 341 252 387 [Mat
275 340 369 381 1494]
615 337 784 376 RERUM
817 337 1122 377 URBANARUM
1156 339 1507 377 COMMENTARII.
1888 345 1951 381 151

168 440 362 489 fuerunt
386 440 462 490 vel
491 439 850 505 permittuntur,
883 438 974 489 sed
1001 441 1159 490 solum
1187 441 1313 491 inter
1346 442 1466 490 alios
1499 442 1711 506 prelatos
1744 444 1952 506 primum

168 524 330 573 locum
350 523 556 584 habent;
578 523 707 588 quod
726 523 819 572 vidi
840 523 890 572 in
911 525 1121 588 quodam
1143 525 1420 590 patriarcha
1438 526 1743 575 Antiocheno
1763 531 1952 577 oratore

171 609 300 673 regis
322 609 520 657 Francie
550 608 611 657 ad
637 608 947 673 prestandam
976 610 1321 670 obedientiam,
1347 626 1443 658 una
1469 627 1580 658 cum
1610 611 1953 676 principalibus

171 692 278 740 aliis
299 693 360 740 ad
380 691 533 741 felicis
555 692 906 742 recordationis
929 694 1115 743 Sixtum
1135 711 1310 759 papam
1333 699 1557 758 quartum
1578 694 1746 755 misso,
1773 699 1820 742 et
1842 710 1952 742 suc—

172 775 354 823 cessive
385 775 435 823 in
461 775 587 824 bone
619 778 853 826 memorie
884 779 1142 827 Laurentio
1171 779 1318 828 etiam
1346 779 1622 843 patriarcha
1649 778 1952 828 Antiocheno

174 858 286 907 dicti
315 860 517 908 oratoris
545 876 826 910 successore
849 866 897 910 et
916 862 1087 926 prefati
1113 863 1311 911 Jordani
1336 863 1613 911 immediate
1643 866 1952 910 antecessore

170 942 415 1004 similiter,
458 947 506 991 et
543 943 592 990 in
631 947 686 992 R.
730 948 788 992 D.
835 945 1179 994 Bar-tholomeo
1216 946 1491 1009 patriarcha
1531 946 1953 995 Hierosolimitano

169 1027 397 1091 episcopo
433 1026 727 1074 Ferrariensi
761 1027 886 1075 Rmi.
924 1030 982 1076 D.
1015 1028 1271 1083 cardinalis
1306 1029 1459 1078 sancti
1493 1029 1622 1078 Petri
1657 1029 1719 1077 ad
1749 1029 1955 1079 Vincula

169 1126 421 1174 germano,
448 1110 499 1158 in
518 1124 721 1158 romana
747 1109 880 1158 curia
907 1114 954 1158 et
981 1111 1168 1174 capella
1197 1114 1324 1175 Pape
1350 1112 1612 1172 observari,
1634 1112 1714 1176 qui
1744 1111 1954 1176 primum

168 1194 332 1242 locum
353 1193 480 1242 inter
498 1193 710 1258 prelatos
732 1195 861 1258 Pape
883 1194 1164 1243 assistentes
1185 1195 1478 1256 habuerunt,
1504 1196 1742 1245 declaravi
1765 1201 1813 1245 et
1831 1195 1956 1243 ordi-

170 1277 276 1325 navi
303 1278 520 1341 primum
552 1277 705 1325 locum
741 1277 811 1326 D.
857 1279 1198 1343 archiepiscopo
1244 1279 1563 1343 Neapolitano
1605 1281 1655 1328 in
1694 1281 1878 1328 civitate
1911 1289 1954 1328 et

170 1364 358 1411 eeclesia
392 1361 714 1427 Neapolitana
753 1363 858 1411 dari
894 1362 1056 1411 debere
1084 1380 1098 1412 .·
1129 1363 1388 1412 secandum
1413 1364 1688 1427 patriarche
1709 1364 1951 1427 prediet0;

171 1446 445 1511 quodlicet
483 1447 575 1511 ipsi
612 1446 886 1511 patriarche
924 1446 1015 1496 fuit
1055 1447 1230 1496 durum
1273 1452 1322 1496 et
1362 1451 1531 1495 contra
1565 1447 1659 1495 hoc
1693 1446 1951 1509 quemdam

170 1530 456 1579 advocatum
483 1530 545 1579 ad
571 1530 880 1595 allegandum
908 1531 1099 1580 miserit
1124 1532 1250 1581 inter
1271 1531 1655 1595 patriarcharum
1682 1529 1952 1594 privilegia,

170 1614 251 1679 qui
280 1614 383 1675 illa,
407 1614 500 1663 nisi
529 1630 617 1663 sua
640 1615 799 1679 culpa,
826 1615 1051 1664 amittere
1075 1631 1175 1663 non
1202 1615 1398 1675 debent,
1424 1630 1516 1678 ego
1544 1619 1707 1663 tamen
1732 1629 1954 1661 asserens

171 1697 574 1747 consuetudinem
601 1713 801 1748 romane
830 1699 962 1748 curie
991 1716 1069 1748 me
1090 1699 1269 1748 imitari
1300 1700 1497 1759 debere,
1522 1699 1572 1748 in
1602 1698 1745 1747 unico
1776 1713 1954 1761 propo-

170 1786 261 1835 sito
282 1785 502 1834 firmatus
523 1784 730 1848 perstiti.
754 1784 969 1832 Tandem
991 1783 1121 1833 idem
1143 1783 1420 1848 patriarcha
1447 1783 1563 1831 fecit
1584 1798 1643 1831 ex
1662 1781 1954 1830 necessitate

170 1869 414 1929 virtutem,
438 1869 567 1918 venit
588 1868 649 1916 ad
670 1868 797 1931 regis
818 1867 1256 1927 incoronationem‚
1283 1872 1331 1916 et
1350 1867 1559 1933 primum
1579 1866 1742 1914 locum
1764 1865 1955 1915 archie-

173 1953 374 2017 piscopo
391 1968 480 2017 per
496 1968 575 2000 me
597 1952 699 1999 dari
720 1950 959 2015 permisit,
986 1954 1034 1999 et
1054 1951 1157 2014 ipse
1181 1951 1394 1999 secundo
1415 1967 1531 1998 usus
1553 1955 1643 1998 est.

239 2036 378 2084 Feria
404 2039 589 2100 quarta,
617 2040 641 2083 7
664 2034 846 2083 mensis
874 2034 1007 2093 maii,
1032 2038 1333 2084 contractum
1360 2033 1451 2081 fuit
1479 2033 1843 2082 matrimonium
1868 2049 1956 2096 per

172 2121 316 2169 verba
339 2120 398 2169 de
421 2119 637 2184 presenti
662 2119 790 2166 inter
817 2117 1200 2166 illustrissimum
1228 2121 1284 2167 D.
1313 2117 1579 2166 Joffredum
1601 2117 1777 2181 Borgia
1803 2117 1954 2167 filium

173 2206 256 2254 SS.
281 2207 340 2254 D.
360 2206 417 2252 N.
441 2202 700 2251 Alexandri
718 2217 842 2266 pape
864 2205 927 2252 VI
950 2206 996 2249 et
1018 2201 1397 2249 illustrissimam
1426 2204 1482 2249 D.
1510 2201 1732 2250 Sanciam
1754 2201 1813 2248 de
1834 2202 1954 2249 Ara-

170 2289 316 2353 gonia
335 2288 483 2336 filiam
504 2287 809 2352 illegitimam
831 2285 1131 2335 serenissimi
1153 2285 1386 2349 Alphonsi
1407 2285 1606 2335 secundi
1626 2283 1786 2333 Sicilie
1804 2282 1951 2346 regiS‚

168 2373 263 2422 hoc
283 2372 451 2422 ordine
473 2374 543 2436 (1)
562 2388 572 2419 :

234 2460 374 2507 Rmo.
405 2458 462 2505 D.
493 2454 745 2504 cardinale.
763 2454 942 2503 Montis
974 2454 1167 2518 Regalis
1192 2454 1353 2517 legato
1382 2455 1647 2519 apostolico
1676 2452 1954 2516 supradicto

170 2545 219 2589 et
263 2555 379 2604 rege
415 2539 728 2588 serenissimo
771 2539 821 2586 in
857 2538 1066 2602 quadam
1108 2553 1303 2587 camera
1339 2539 1492 2588 Castri
1525 2539 1634 2587 novi
1671 2537 1871 2601 Neapoli
1907 2536 1956 2584 in

170 2623 354 2672 duabus
377 2623 573 2671 sedibus
595 2622 895 2680 sedentibus,
918 2624 965 2669 et
985 2622 1111 2670 inter
1127 2622 1259 2686 ipsos
1280 2622 1375 2670 alia
1404 2625 1452 2669 et
1473 2622 1535 2669 ad
1561 2621 1806 2669 sinistram
1828 2619 1955 2682 regis

173 2712 343 2772 quarta
381 2708 617 2756 similibus
657 2706 850 2755 sedibus
896 2705 1055 2765 vanis,
1094 2706 1223 2754 venit
1259 2705 1472 2769 prefatus
1514 2707 1619 2753 Don
1656 2702 1896 2752 Joffredus
1928 2717 1958 2749 a

171 2791 338 2857 paucis
377 2791 616 2841 nobilibus
653 2788 940 2850 associatuS,
976 2793 1023 2837 et
1064 2788 1189 2836 sedit
1224 2787 1285 2837 ad
1315 2788 1559 2836 sinistram
1590 2787 1746 2850 regis3
1782 2801 1954 2850 parum

171 2881 280 2942 post
310 2875 442 2925 venit
478 2875 651 2924 Sancia
688 2873 908 2939 predicta
938 2887 1029 2938 per
1065 2872 1444 2921 illustrissimum
1475 2874 1533 2920 D.
1565 2869 1863 2920 Fridericum
1896 2869 1955 2916 de

171 2958 415 3023 Aragonia
447 2958 647 3007 fratrem
677 2957 806 3021 regis
837 2973 865 3006 a
898 2956 1103 3006 sinistris
1137 2957 1311 3006 eodem
1345 2957 1508 3017 ducta,
1539 2959 1587 3004 et
1619 2970 1688 3003 ΧΠ
1721 2954 1795 3001 vel
1828 2954 1956 3001 circa

173 3042 453 3091 mulieribus
484 3042 588 3091 sive
617 3041 852 3090 matronis
882 3041 1138 3101 associata,
1169 3057 1262 3106 que
1287 3041 1446 3090 locata
1473 3040 1561 3090 suit
1588 3039 1714 3089 inter
1741 3038 1954 3101 legatum

222 3179 255 3216 1.
282 3177 354 3214 Les
380 3178 612 3227 stipulations
639 3180 684 3216 de
708 3193 748 3217 ce
774 3181 937 3227 mariage
964 3178 1110 3216 avaient
1135 3180 1191 3215 ete
1217 3178 1387 3226 redigees
1415 3181 1435 3214 a
1459 3178 1574 3214 Rome
1605 3177 1637 3213 le
1665 3178 1709 3213 16
1735 3178 1821 3212 aoht
1848 3175 1953 3212 1493.

173 3237 269 3275 Elles
291 3249 331 3273 se
350 3241 518 3274 trouvent
541 3240 793 3277 mentionnees
820 3240 913 3277 dans
940 3238 975 3275 la
998 3241 1072 3275 tres
1100 3237 1343 3274 interessante
1370 3237 1474 3273 lettre
1501 3235 1697 3272 (l'Antonio
1728 3232 1890 3271 Guidotti
1910 3232 1954 3267 de

175 3295 274 3332 Colle
294 3306 368 3331 aux
385 3296 630 3345 Magnifiques
648 3299 864 3348 SeigneurS,
888 3299 941 3335 les
961 3299 984 3334 8
1009 3298 1054 3334 de
1079 3297 1225 3334 Pratica
1244 3298 1303 3343 (17
1329 3299 1417 3333 aout
1442 3295 1563 3341 1493),
1585 3295 1727 3331 donnee
1748 3297 1770 3330 a
1795 3292 1954 3339 l'appen-

175 3356 254 3392 dice
274 3361 317 3391 n⁰
336 3355 396 3397 22,
417 3359 454 3390 et
473 3356 564 3392 dans
584 3357 671 3394 celle
690 3359 736 3395 de
756 3359 905 3396 Stefano
925 3359 970 3394 de
988 3357 1218 3402 Castrocaro,
1239 3355 1470 3392 mentionnee
1490 3355 1784 3402 precedemment
1805 3354 1854 3398 (p.
1877 3350 1953 3395 97),

177 3419 224 3453 οὺ
246 3419 330 3452 sont
348 3413 502 3451 relatees
523 3413 576 3451 les
596 3418 834 3455 conventions
852 3420 1006 3466 passees
1034 3421 1134 3452 entre
1155 3415 1208 3451 les
1235 3414 1518 3451 ambassadeurs
1545 3414 1594 3449 du
1618 3412 1669 3449 roi
1693 3412 1738 3447 de
1764 3409 1896 3456 Naples
1919 3412 1954 3442 et

178 3476 211 3511 le
231 3476 343 3523 Pape,
362 3472 530 3510 relatives
551 3485 597 3510 au
617 3476 778 3524 mariage
798 3477 843 3513 de
864 3478 942 3512 Don
964 3475 1074 3512 Joffre
1093 3487 1181 3511 avec
1201 3475 1305 3510 Dona
1325 3473 1470 3510 Sancia.
