2248 3906
203 309 414 350 [Decembre
434 309 527 348 1498]
643 306 811 344 RERUM
844 304 1149 344 URBANARUM
1182 305 1530 344 COMMENTARH.
1912 311 1982 348 423

206 408 502 473 Spei-andem
526 413 687 456 orator
708 407 833 471 regis
855 410 1199 466 Romanorum,
1227 405 1416 454 tertiam
1439 410 1634 454 senator
1656 407 1813 467 Urbis,
1838 424 1980 471 quar-

206 498 304 542 tam
326 491 679 540 illustrissimus
700 494 757 539 D.
783 490 1065 554 Boguslaus,
1086 490 1182 538 dux
1204 489 1506 550 StetinensiS,
1531 490 1612 554 qui
1632 491 1801 540 habuit
1819 492 1979 540 locum

205 582 253 625 ut
277 593 418 642 supra
440 577 708 635 decretum,
738 574 958 623 videlicet
977 578 1086 638 post
1108 578 1298 622 Rmum.
1326 577 1381 622 D.
1414 574 1710 623 cardinalem
1732 575 1976 638 Borgiam,

204 662 254 708 in
290 676 488 709 scamno
526 661 840 709 diaconorum
876 658 1208 707 cardinalium.
1250 661 1416 707 Rmus.
1458 658 1714 706 cardinalis
1751 659 1980 708 Senensis

203 745 461 809 publicavit
491 744 830 808 indulgentias,
864 743 1000 791 finita
1032 742 1195 801 missa,
1232 759 1320 807 per
1351 746 1528 806 Papam
1556 759 1814 791 concessas
1846 759 1855 791 :
1886 743 1981 791 alia

203 828 456 876 observata
501 832 608 875 sunt
650 842 786 875 more
834 827 990 875 solito.
1041 826 1289 874 Publicata
1332 827 1549 890 plenaria
1594 827 1895 890 indulgentia
1933 831 1981 875 et

202 911 448 975 evangelio
480 929 518 959 s.
552 910 784 959 ,iohannis
813 926 900 974 per
931 913 1108 973 Papam
1137 909 1282 968 lecto,
1317 912 1446 973 Papa
1472 910 1689 958 ascendit
1715 910 1776 957 ad
1804 910 1979 958 solium

200 994 280 1043 ubi
315 1010 426 1043 cum
459 994 602 1042 mitra
628 993 803 1041 sedens
833 991 1024 1039 donavit
1052 1007 1219 1040 ensem
1243 1008 1387 1055 quem
1415 993 1579 1052 hodie,
1610 998 1868 1056 antequam
1898 1008 1979 1041 ca-

203 1094 387 1127 meram
418 1076 654 1142 papagalli
682 1075 851 1134 exiret,
881 1074 1071 1139 publice
1102 1075 1349 1124 benedixit
1378 1076 1466 1124 sub
1495 1076 1651 1125 verbis
1684 1077 1734 1124 in
1764 1092 1981 1139 ceremo-

197 1162 313 1210 niali
334 1161 395 1210 ad
421 1161 514 1209 hoc
543 1160 774 1208 ordinatis
801 1158 1127 1207 illustrissimo
1149 1161 1208 1207 D.
1232 1159 1341 1207 duci
1370 1160 1630 1209 Stetinensi
1659 1177 1803 1224 supra
1828 1160 1974 1219 dicto,

200 1261 363 1294 coram
393 1261 443 1293 se
471 1244 746 1308 genuflexo,
780 1244 917 1307 cujus
939 1242 1135 1291 nomine
1157 1243 1282 1290 volui
1306 1243 1557 1291 Sanctitati
1581 1259 1665 1291 sue
1686 1248 1795 1307 post
1819 1243 1977 1308 ipsum

198 1329 287 1376 sibi
321 1330 484 1377 datum
519 1343 705 1387 ensem,
742 1327 906 1391 paucis
939 1327 1098 1374 verbis
1132 1327 1193 1374 ad
1223 1326 1318 1375 hoc
1351 1327 1474 1390 aptis
1507 1342 1595 1390 per
1623 1342 1701 1375 me
1729 1328 1976 1391 conceptis

196 1412 373 1475 gratias
394 1427 565 1475 agere3
599 1411 686 1459 sed
716 1413 844 1475 Papa
874 1426 1097 1459 asserens
1124 1410 1173 1458 id
1203 1415 1491 1458 consuetum
1511 1426 1610 1458 non
1640 1427 1766 1469 esse,
1786 1411 1977 1474 negavit

195 1512 274 1545 me
313 1495 465 1545 audiri
510 1512 520 1544 :
559 1495 781 1544 existimo
821 1510 881 1542 ne
920 1495 1121 1542 haberet
1162 1510 1221 1543 ex
1259 1499 1478 1558 tempore
1515 1495 1825 1558 respondere.
1871 1498 1976 1544 Dux

195 1595 363 1628 ensem
393 1594 502 1627 cum
532 1578 717 1642 capello
752 1577 919 1626 habito
950 1578 1247 1641 consignavit
1282 1577 1362 1625 uni
1398 1593 1458 1626 ex
1488 1577 1586 1626 suis
1619 1578 1861 1627 nobilibus
1892 1579 1972 1642 qui

195 1665 354 1728 ipsum
383 1662 612 1711 continuo
638 1667 748 1711 ante
778 1662 951 1710 ducem
975 1662 1198 1726 portavit,
1235 1666 1281 1710 et
1314 1661 1566 1710 descendit
1597 1661 1700 1725 ipse
1734 1662 1830 1710 dux
1863 1677 1972 1709 cum

197 1762 312 1796 ense
333 1746 393 1795 ad
413 1746 611 1810 planum
633 1745 816 1809 capelle
841 1762 850 1794 :
879 1746 1096 1794 ascendit
1117 1750 1281 1794 autem
1302 1745 1362 1793 ad
1384 1745 1558 1794 solium
1579 1748 1708 1809 Pape
1731 1747 1789 1793 D.
1815 1747 1973 1794 Bene-

196 1830 350 1878 dictus
370 1829 430 1878 de
458 1829 615 1888 Senis,
644 1828 892 1892 professus
920 1829 1103 1877 ordinis
1125 1829 1302 1877 montis
1324 1829 1512 1887 Oliveti,
1535 1829 1683 1877 frater
1710 1844 1971 1892 germanus

196 1914 324 1963 Petri
346 1913 589 1961 Francisci
610 1913 827 1976 magistri
847 1912 1080 1960 Johannis
1109 1912 1338 1961 Senensis
1365 1912 1560 1961 factoris
1592 1916 1640 1961 et
1666 1912 1973 1976 negotiorum

195 1997 400 2062 gestoris
431 1999 532 2045 DD.
575 1995 834 2044 Alexandri
874 2000 921 2044 et
958 1996 1067 2044 Julii
1092 1996 1149 2044 de
1177 1996 1492 2060 Spanocchis,
1535 1997 1736 2045 fratrum
1779 1995 1973 2060 deposi-

194 2081 426 2130 tariorum
463 2081 547 2128 SS.
587 2082 644 2127 D.
684 2082 740 2128 N.
779 2096 921 2144 pape,
963 2096 1105 2143 quem
1140 2080 1294 2144 pridie
1332 2081 1572 2129 Sanctitas
1607 2096 1711 2139 sua,
1746 2079 1972 2143 hospitali

193 2180 232 2229 s.
260 2163 464 2227 Spiritus
484 2163 533 2210 in
555 2162 698 2210 Saxia
717 2163 775 2211 de
799 2164 943 2223 Urbe,
968 2179 1054 2227 per
1076 2163 1260 2211 obitum
1287 2163 1531 2227 quondam
1553 2162 1766 2211 Gratiani
1788 2162 1847 2211 de
1868 2163 1971 2213 Vil-

188 2247 377 2305 lanova,
406 2249 692 2310 preceptore
714 2246 915 2304 carenti,
940 2246 1142 2310 prefecit
1170 2247 1219 2293 in
1242 2252 1599 2311 preceptorem,
1625 2261 1768 2309 quem
1799 2246 1970 2295 eadem

192 2330 427 2380 Sanctitas
466 2329 596 2378 exuit
632 2329 800 2378 habitu
836 2330 949 2379 dicti
984 2330 1167 2377 ordinis
1202 2331 1378 2378 montis
1415 2330 1602 2390 Oliveti,
1643 2334 1691 2377 et
1729 2329 1969 2393 capellum

190 2414 400 2478 nigrum,
423 2417 564 2477 prout
590 2417 638 2461 et
663 2413 982 2477 protonotarii
1004 2414 1178 2473 solent,
1209 2414 1352 2478 capiti
1381 2429 1468 2462 suo
1490 2413 1719 2477 imposuit
1741 2417 1788 2461 et
1808 2418 1966 2461 vestes

190 2498 308 2545 duas
340 2496 472 2544 albas
499 2500 548 2544 et
577 2496 827 2560 scapulare
856 2497 1029 2559 quibus
1058 2500 1185 2560 Papa
1211 2497 1393 2546 dictum
1429 2502 1768 2561 preceptorem
1801 2496 1927 2544 exuit
1954 2515 1962 2544 :

190 2580 462 2644 recepimus
497 2595 588 2644 ego
622 2583 669 2628 et
701 2580 861 2627 socius
889 2596 1026 2628 meus
1062 2597 1138 2629 res
1172 2597 1231 2629 ex
1260 2581 1611 2629 consuetudine
1647 2579 1787 2627 nobis
1821 2579 1967 2628 obve-

190 2665 397 2713 nientes.
431 2663 693 2713 Descendit
713 2663 887 2711 deinde
916 2663 1134 2712 Pontifex
1164 2667 1229 2722 et,
1262 2663 1389 2711 facta
1415 2663 1632 2711 oratione
1660 2665 1771 2710 ante
1795 2661 1963 2721 altare,

189 2754 390 2813 accepto
408 2763 578 2813 regnO,
600 2749 729 2797 venit
752 2748 808 2797 ad
833 2763 1004 2796 navem
1025 2747 1248 2795 veronice
1279 2747 1360 2795 ubi
1379 2746 1494 2795 vidit
1520 2746 1704 2795 ferrum
1729 2745 1898 2793 lancee
1921 2750 1967 2793 et
2032 2757 2035 2758 ’

188 2833 370 2882 vultum
391 2832 584 2882 Domini
617 2849 627 2880 :
658 2833 832 2896 quibus
862 2831 1088 2890 ostensis,
1119 2831 1390 2879 licenciavit
1417 2826 1687 2879 cardinales
1715 2835 1763 2878 et
1792 2829 1965 2878 ducem

191 2916 280 2964 sub
309 2917 497 2981 porticu
530 2933 570 2965 s.
608 2917 760 2976 Petri;
797 2916 899 2979 ipse
932 2932 1030 2964 non
1064 2915 1280 2964 ascendit
1313 2915 1374 2963 ad
1405 2914 1650 2980 palatium.
1683 2917 1788 2962 Dux
1817 2913 1963 2962 Steti-

189 3000 372 3059 nensiS,
403 3000 669 3049 associatus
692 3001 752 3048 ab
780 2999 1050 3048 oratoribus
1083 3003 1132 3048 et
1164 2999 1256 3047 alia
1280 2999 1604 3057 multitudine,
1634 2996 1884 3046 descendit
1906 2997 1966 3045 ad

191 3082 344 3131 scalas
366 3083 559 3132 basilice
583 3083 904 3148 predictejubi
930 3099 1107 3146 equum
1127 3083 1345 3131 ascendit
1366 3087 1414 3131 et
1434 3082 1624 3130 medius
1652 3082 1778 3129 inter
1805 3079 1964 3127 archi-

191 3164 472 3228 episcopum
505 3166 830 3229 Reginensem
862 3181 890 3213 a
923 3165 1103 3212 dextris
1131 3169 1178 3213 et
1206 3165 1486 3223 Henricum,
1518 3164 1692 3211 ducem
1724 3162 1963 3209 Brunswi-

192 3262 388 3295 censem
415 3263 443 3295 a
468 3247 689 3308 sinistris,
726 3255 969 3297 oratorem
998 3248 1293 3296 serenissimi
1328 3251 1656 3295 Romanorum
1682 3245 1828 3309 regis,
1853 3261 1964 3309 pre-

190 3329 474 3380 cedentibus
504 3330 759 3390 scutit'eriS,
791 3335 907 3390 etc.,
945 3334 992 3378 et
1026 3330 1108 3378 illo
1140 3330 1288 3378 nobili
1322 3329 1403 3392 qui
1432 3344 1600 3377 ensem
1632 3343 1743 3376 cum
1776 3327 1962 3391 capello

190 3412 469 3462 immediate
498 3418 610 3462 ante
637 3428 750 3461 eum
774 3414 1014 3477 portabat,
1047 3413 1153 3477 ipso
1182 3412 1444 3476 equitante.
1482 3414 1596 3460 Post
1627 3411 1801 3460 ducem
1827 3409 1962 3472 equi-
