2228 3938
162 350 370 423 [becembre
394 381 487 421 1492]
609 379 779 417 RERUM
810 378 1116 416 URBANARUM
1144 378 1499 416 COMMENTARII.
1927 384 1950 417 9

158 489 206 534 et
227 483 490 541 secundus;
516 483 686 531 tertius
713 483 838 530 inter
863 482 1102 546 prelatum
1130 482 1291 546 palatii
1316 498 1343 530 a
1371 481 1573 541 dextris,
1593 486 1640 530 et
1667 484 1723 529 D.
1752 483 1943 545 episco—

156 584 272 634 pum
296 571 648 616 Dertonensem
670 569 911 615 oratorem
935 565 1069 613 ducis
1091 565 1465 613 Mediolanensis
1487 582 1515 613 a
1538 565 1772 622 sinistris;
1798 582 1943 628 quar—

158 657 232 701 tus
261 652 480 701 similiter
503 651 628 699 inter
654 650 892 715 prelatum
918 649 1084 713 palatii
1115 666 1143 697 a
1170 650 1351 698 dextris
1381 654 1427 697 et
1458 649 1711 697 dominum
1742 649 1950 712 Stepha-

160 753 277 784 num
307 736 576 784 Tabernam
598 734 744 783 etiam
766 738 1008 782 oratorem
1030 733 1248 798 ejusdem
1267 733 1402 781 ducis
1423 749 1451 781 a
1471 733 1696 781 sinistris.
1724 728 1945 780 Aliorum

158 824 401 869 oratorum
437 819 595 867 nullus
642 818 686 866 ei
732 817 920 866 obviam
961 818 1106 866 venit.
1141 817 1422 866 Habuerunt
1460 817 1638 865 salmas
1686 817 1861 865 decem
1900 821 1949 865 et

157 919 308 967 equos
345 920 400 951 ac
427 903 632 968 ,mulos3
679 904 816 950 erant
858 901 1199 964 quadraginta,
1236 901 1588 949 mercatoribus
1624 901 1947 950 Januensibus

157 987 335 1046 mixtis,
358 986 439 1049 qui
461 1000 545 1033 eos
566 984 947 1032 associaverunt.

222 1068 357 1116 Feria
377 1070 563 1129 quarta,
590 1069 616 1114 5
639 1065 928 1125 decembris,
949 1067 1031 1117 SS.
1059 1069 1116 1114 D.
1143 1069 1200 1114 N.
1226 1072 1422 1130 paratus
1444 1067 1636 1130 pluviali
1662 1068 1814 1116 rubeo
1834 1084 1945 1116 cum

166 1151 312 1215 perlis
345 1166 401 1198 ac
433 1150 574 1198 mitra
606 1149 837 1213 preciosis
872 1149 1001 1198 venit
1030 1150 1091 1197 ad
1125 1150 1317 1198 tertiam
1353 1151 1514 1199 aulam
1548 1156 1831 1200 consuetam
1861 1169 1949 1215 pro

165 1234 357 1298 publico
385 1234 671 1282 consistorio
700 1238 939 1297 paratam,
963 1233 1010 1281 in
1045 1249 1140 1297 quo
1173 1234 1522 1282 illustrissimus
1565 1238 1766 1283 Hermes
1800 1236 1951 1283 Maria

167 1316 342 1364 Sfortia
370 1332 480 1364 cum
514 1321 722 1378 quatuor
747 1316 852 1363 aliis
880 1317 1151 1364 oratoribus
1183 1316 1417 1364 Johannis
1449 1317 1651 1366 Galeatii
1682 1318 1818 1365 ducis
1846 1321 1949 1365 Me-

165 1399 342 1447 diolani
364 1404 411 1448 et
427 1399 653 1447 Ludovici
669 1400 802 1448 ducis
824 1399 969 1459 Barii,
994 1400 1284 1463 presentatis
1306 1416 1366 1449 ex
1386 1416 1522 1449 more
1542 1401 1728 1450 duabus
1750 1401 1948 1449 diversis

163 1484 446 1533 eorumdem
478 1484 656 1531 ducum
675 1468 828 1533 literis
859 1485 1250 1544 credentialibus,
1279 1485 1481 1549 prestitit
1513 1485 1840 1534 obedientiam
1871 1502 1950 1535 so·

163 1568 298 1616 litam
333 1572 380 1616 et
407 1571 693 1616 consuetam
721 1569 805 1616 SS.
839 1571 895 1616 D.
932 1571 988 1617 N.
1019 1568 1257 1617 Associati
1284 1569 1479 1617 fuerunt
1510 1569 1625 1617 dicti
1647 1574 1866 1617 oratores
1889 1585 1947 1618 ex

162 1668 306 1717 parva
336 1652 520 1716 capella
547 1668 634 1715 per
668 1667 752 1700 sex
779 1652 1002 1700 dominos
1033 1652 1334 1713 assistentes,
1366 1649 1589 1701 videlicet
1623 1652 1948 1716 archiepisco-

161 1753 277 1800 pum
303 1736 618 1784 Cusentinum
647 1739 694 1784 et
721 1738 1044 1791 Castrensem,
1069 1736 1467 1796 Tricaricensem,
1496 1735 1776 1794 Dolensem,
1800 1736 1947 1785 Vola-

164 1825 381 1869 [eranum
410 1823 456 1868 et
485 1819 863 1867 Alexandrinum
893 1819 1148 1882 episcopos
1176 1820 1236 1867 ad
1262 1820 1557 1883 presentiam
1581 1821 1666 1867 SS.
1691 1822 1747 1867 D.
1773 1821 1942 1868 nostri.

163 1904 440 1951 Orationem
461 1902 574 1950 fecit
595 1905 652 1949 D.
675 1905 822 1950 Jason
842 1905 1060 1966 Maynus,
1086 1903 1281 1965 quintus
1303 1907 1569 1962 oratorum,
1587 1908 1697 1967 post
1716 1919 1860 1967 quem
1884 1904 1945 1969 (1)

207 2067 239 2103 1.
269 2066 318 2101 Le
349 2064 517 2101 discours
555 2065 600 2100 de
631 2065 744 2100 Jason
781 2065 940 2113 Maynus
974 2076 1014 2101 se
1043 2068 1172 2101 trouve
1203 2051 1296 2102 dans
1328 2065 1448 2113 Lunig
1479 2077 1488 2102 :
1529 2066 1719 2103 Orationes
1753 2079 1943 2114 procerum

161 2128 358 2171 Europoe...
380 2128 407 2161 t.
432 2125 459 2169 I,
481 2136 517 2172 p.
541 2124 622 2160 113.
646 2124 700 2159 En
719 2123 812 2160 voici
833 2124 885 2160 les
905 2135 1087 2172 passages
1109 2123 1163 2160 les
1184 2124 1266 2172 plus
1287 2123 1556 2171 remarquables
1581 2137 1590 2161 :

207 2199 226 2217 «
317 2183 431 2220 Nemo
458 2183 567 2220 etiam
594 2183 795 2220 litterarum
828 2183 1045 2229 eruditione,
1074 2195 1155 2220 cum
1184 2183 1296 2232 longo
1323 2195 1443 2220 rerum
1474 2196 1556 2229 usu,
1584 2188 1619 2221 te
1649 2185 1800 2222 doctior.
1832 2186 1944 2222 Nemo

155 2244 255 2280 varia
284 2248 320 2281 et
346 2243 537 2291 multiplici
564 2244 758 2280 multarum
785 2255 905 2279 rerum
932 2243 1158 2291 experientia
1186 2243 1410 2291 prudentior.
1443 2244 1557 2280 Nemo
1589 2244 1700 2292 longa
1731 2249 1768 2281 et
1795 2246 1945 2281 assidua

152 2302 381 2340 diversarum
402 2303 566 2350 gentium
586 2303 852 2340 consuetudine
874 2303 909 2339 in
932 2302 1128 2339 noscendis
1150 2315 1191 2339 ac
1212 2303 1387 2339 librandis
1408 2303 1617 2340 hominibus
1639 2304 1809 2342 callidior.
1832 2306 1945 2341 Nemo

156 2374 278 2398 rerum
299 2362 531 2410 antiquarum
551 2375 592 2400 ac
612 2375 788 2399 novarum
814 2362 1022 2411 cognitione
1049 2363 1209 2412 peritior,
1231 2375 1337 2400 nemo
1358 2376 1495 2401 morum
1519 2365 1748 2413 antiquorum
1769 2377 1811 2401 ac
1830 2377 1943 2402 novo-

157 2433 238 2457 rum
259 2421 412 2459 scientia
430 2422 665 2470 prestantior.
687 2423 769 2460 Jam
788 2423 895 2459 annis
918 2428 1059 2471 septem
1086 2428 1122 2459 et
1142 2423 1293 2471 triginta
1312 2423 1559 2460 cardinalatus
1581 2425 1720 2472 apicem
1741 2431 1888 2461 evectus
1910 2431 1940 2461 et

156 2481 265 2529 paulo
291 2486 376 2530 post
402 2481 438 2518 in
467 2482 800 2519 vicecancellarium
830 2487 1043 2531 assumptus
1072 2494 1146 2519 non
1174 2483 1292 2519 solum
1312 2483 1488 2519 Romanae
1510 2484 1626 2521 Curiae
1649 2496 1766 2521 mores
1792 2497 1834 2520 ac
1854 2484 1943 2521 ritus

157 2552 283 2577 omnes
315 2541 536 2589 percaluisti,
571 2554 644 2579 non
675 2542 791 2579 solum
824 2542 1060 2579 ecclesiarum
1086 2554 1127 2579 ac
1159 2543 1490 2580 ecclesiasticarum
1511 2556 1748 2592 personarum
1777 2544 1945 2581 instituta

154 2612 359 2648 causasque
391 2601 553 2638 didicisti
574 2614 699 2638 verum
720 2602 828 2640 etiam
856 2603 1050 2639 secretoria
1066 2614 1223 2651 quaeque
1243 2603 1474 2652 populorum,
1498 2603 1701 2649 nationum,
1723 2603 1942 2651 principum.

158 2672 287 2707 regum
318 2661 467 2709 negotia
498 2662 770 2710 pertactasti....
804 2664 874 2700 Pro
904 2662 1104 2711 apostolica
1130 2664 1217 2699 sede
1243 2662 1344 2699 varia
1364 2662 1510 2698 functus
1543 2667 1600 2699 est
1620 2662 1816 2710 legatione,
1849 2674 1943 2710 pra*-

155 2720 279 2756 sertim
306 2720 557 2768 Hispaniensi,
580 2721 770 2758 Picentina
795 2727 832 2759 et
856 2722 1112 2770 Parthenopea
1131 2726 1211 2759 'non
1240 2723 1361 2759 minus
1383 2722 1567 2770 sapienter
1587 2726 1622 2758 et
1640 2732 1813 2770 prospere
1834 2732 1940 2768 quam

153 2778 310 2826 gloriose
333 2780 383 2827 (p.
407 2781 549 2827 118)....
574 2795 593 2814 »
1042 2820 1045 2822 .

199 2853 217 2871 «
244 2838 410 2875 Accessit
433 2839 556 2876 formae
578 2840 761 2890 elegantia
780 2852 861 2888 quae
883 2841 1006 2878 virtuti
1028 2841 1245 2889 suffragium
1274 2842 1389 2887 addit,
1418 2841 1490 2878 leta
1510 2841 1790 2888 srons‚.regium
1812 2852 1939 2889 super-

152 2899 285 2945 cilium,
306 2899 417 2937 facies
437 2900 597 2937 liberalis
619 2906 654 2938 et
671 2906 746 2939 tota
763 2901 965 2950 majestatis
987 2901 1106 2949 plena,
1129 2902 1314 2949 ingenuus
1344 2905 1381 2938 et,
1405 2901 1574 2938 heroicus
1603 2914 1612 2936 :
1641 2900 1753 2937 totius
1779 2900 1941 2948 corporis

151 2959 272 3004 decor,
301 2963 340 2995 ut.
364 2964 551 3008 appareat,
579 2966 758 2999 maturam
789 2973 933 3010 quoque
962 2962 1086 2997 sormm
1119 2960 1335 3008 dignitatem
1367 2961 1565 2998 indulcisse
1586 2972 1667 3008 qua,¹
1688 2960 1753 2996 tibi
1784 2959 1940 3008 primum

153 3017 304 3054 multum
335 3019 462 3066 gratiae
491 3024 526 3056 et
550 3021 797 3058 venerationis
823 3020 1028 3068 acquireret
1053 3025 1088 3056 et
1113 3032 1210 3056 nunc
1237 3020 1475 3069 apostolicam
1498 3022 1622 3057 sedem
1643 3021 1711 3056 hac
1739 3024 1802 3056 tua
1822 3019 1942 3056 divina

152 3075 264 3112 forma
283 3077 389 3124 quasi
414 3079 575 3115 numinis
601 3080 678 3116 vice
705 3082 865 3117 decorat.
890 3095 909 3114 »
931 3081 974 3116 P.
998 3081 1079 3116 127.
1104 3080 1160 3116 On
1186 3086 1275 3128 peut
1299 3092 1488 3129 comparer
1507 3084 1528 3117 a
1549 3093 1589 3117 ce
1609 3080 1759 3128 portrait
1778 3080 1827 3115 du
1847 3080 1939 3127 papo

152 3134 243 3171 celui
263 3137 371 3183 qu'en
391 3150 413 3174 a
432 3142 529 3176 trace
551 3139 797 3189 Hieronymus
818 3140 971 3177 Porcius
991 3142 1088 3189 (voy.
1112 3143 1134 3176 a
1152 3139 1262 3188 l'app.
1286 3149 1329 3176 n⁰
1351 3141 1400 3188 1).

199 3193 339 3241 Gaspar
357 3197 402 3231 de
422 3197 579 3245 verone,
601 3200 663 3247 qui
683 3200 780 3236 avait
800 3204 856 3237 ete
878 3201 910 3236 le
930 3204 1146 3248 precepteur
1165 3201 1215 3235 du
1235 3199 1536 3236 vice-chancelier
1561 3199 1706 3245 Borgia,
1734 3199 1831 3236 avait
1857 3199 1937 3245 (toja

147 3251 357 3289 mentionne
377 3253 411 3290 la
429 3255 560 3294 beaute
587 3259 632 3295 de
658 3272 725 3296 son
751 3260 865 3306 eleva,
893 3260 989 3296 alors
1017 3262 1085 3307 age
1112 3260 1156 3295 de
1183 3259 1390 3307 vingt-cinq
1411 3271 1458 3295 ou
1477 3258 1661 3306 vingt-six
1681 3270 1762 3303 ans,
1786 3262 1822 3295 et
1842 3259 1936 3294 avait.

145 3311 209 3347 fait
239 3310 396 3348 allusion
421 3316 443 3349 a
466 3314 612 3354 l’attrait
642 3319 878 3368 magnetique
906 3320 993 3368 qu'il
1014 3320 1173 3365 exercait
1193 3332 1256 3356 sur
1276 3320 1328 3356 les
1349 3320 1513 3365 femmes,
1539 3319 1625 3367 qu'il
1652 3319 1748 3356 aima
1770 3323 1870 3355 toute
1892 3330 1933 3354 sa

140 3370 209 3408 vie.
239 3386 258 3404 «
289 3371 538 3410 ...Formosus
558 3381 615 3412 est.
636 3380 998 3426 (vicecancellarius),
1020 3379 1200 3416 letissimo
1226 3379 1331 3416 vultu
1359 3385 1584 3427 aspectuque
1605 3379 1783 3427 jucundo,
1806 3378 1932 3425 lingua

141 3434 269 3466 ornata
300 3435 408 3478 atque
440 3430 622 3478 melliflua,
656 3437 719 3482 qui
744 3437 912 3475 mulieres
939 3439 1109 3487 egregias
1130 3440 1229 3476 visas
1251 3440 1298 3476 ad
1318 3451 1357 3475 se
1378 3439 1575 3475 amandum
1602 3438 1740 3486 gratior
1763 3437 1873 3473 allicit
1893 3440 1929 3471 et

143 3488 272 3525 mirum
299 3490 335 3525 in
354 3490 502 3526 modum
523 3493 678 3530 concitat
697 3495 778 3541 plus
802 3509 912 3543 quam
931 3509 1083 3544 magnes
1104 3498 1236 3534 ferrum
1266 3510 1273 3533 :
1304 3509 1396 3544 quas
1418 3502 1536 3533 tamen
1563 3497 1719 3534 intactas
1746 3495 1926 3532 dimittere
