2222 3926
161 342 429 386 [Janvier1495]
603 340 773 390 RERUM
806 338 1109 377 URBANARUM
1144 338 1492 377 COMMENTARII.
1871 341 1941 377 233

163 447 430 497 associatus
459 450 559 496 Rex
586 445 646 505 ad
673 459 889 493 cameras
917 458 1028 492 suas
1058 457 1279 491 reversus
1308 442 1369 490 sit
1389 441 1575 499 nesciO,
1602 440 1714 504 quia
1739 442 1937 489 recessi.

162 535 275 582 Erat
302 531 431 581 enim
465 531 590 579 inter
617 529 895 594 vigesimam
921 526 1183 576 secundam
1209 526 1284 574 vel
1312 525 1599 588 vigesimam
1632 524 1824 572 tertiam
1850 524 1941 571 ho-

152 632 284 676 ram,
308 631 417 664 cum
445 615 538 663 hec
559 619 667 662 acta
688 618 866 662 essent.
893 615 993 660 Rex
1015 610 1142 659 venit
1167 610 1226 658 ad
1251 609 1419 669 altare,
1449 609 1509 656 ad
1535 608 1696 657 locum
1717 607 1943 657 benedic-

162 699 305 747 tionis
324 699 559 762 predicte,
584 702 631 746 et
650 698 762 746 inde
780 697 840 745 ad
868 695 1131 745 secundam
1158 694 1316 742 aulam
1341 692 1502 757 palatii
1523 692 1811 756 predictam,
1834 695 1944 756 post

162 799 330 832 omnes
363 783 631 831 cardinales
662 786 771 831 ante
806 784 1001 844 Papam,
1027 794 1138 828 cum
1169 778 1268 826 suis
1294 776 1591 841 principibus
1623 779 1670 825 et
1701 775 1942 840 nobilibus

161 867 289 916 inter
309 882 419 925 eos;
446 871 493 914 et
517 866 632 914 licet
662 869 791 929 Papa
817 864 1002 913 diceret
1027 863 1146 911 mihi
1177 861 1307 925 quod
1332 861 1435 924 ipse
1463 860 1567 924 regi
1592 860 1755 908 locum
1776 859 1943 908 darem

151 951 288 1000 *inter
318 950 501 1014 primos
535 949 757 997 dominos
799 947 1066 996 cardinales
1100 950 1269 1008 ut*par
1295 948 1414 1004 erat,
1449 944 1498 992 id
1532 948 1715 1003 tamen,
1747 947 1945 1008 propter

163 1050 362 1084 suorum
383 1034 655 1098 principum
677 1037 724 1081 et
745 1032 980 1080 nobilium
1001 1032 1302 1087 consuetam,
1329 1031 1376 1076 et
1396 1033 1448 1077 ut
1468 1027 1535 1096 ita
1561 1028 1719 1076 dicam
1750 1027 1942 1091 insepa-

158 1119 361 1167 rabilem
382 1116 725 1176 assistentiam,
743 1116 850 1165 fieri
869 1130 967 1164 non
985 1114 1139 1178 potui.

226 1201 553 1250 Interfuerunt
580 1204 741 1249 autem
769 1200 1018 1265 premissis
1044 1199 1209 1264 viginti
1237 1197 1526 1256 cardinales,
1556 1196 1776 1245 videlicet
1800 1213 1811 1244 ι
1836 1211 1944 1244 car·-

159 1285 330 1334 dinalis
357 1284 719 1348 Neapolitanus,
749 1301 788 1332 s.
812 1283 1000 1347 Angeli,
1028 1282 1384 1342 Ulixbonensis,
1422 1281 1787 1339 Recanatensis‚
1815 1280 1944 1344 epis-

160 1369 267 1433 copi
289 1385 300 1428 ;
353 1385 394 1417 s,
447 1368 732 1428 Clementis,
791 1367 1093 1425 Parmensis,
1141 1369 1533 1422 Beneventanus,
1581 1381 1620 1412 s.
1669 1363 1939 1422 Anastasie,

158 1453 335 1501 Montis
369 1453 579 1517 Regalis,
605 1452 824 1512 Ursinus,
850 1468 888 1500 s.
917 1450 1151 1516 Dionysii,
1180 1448 1553 1507 Alexandrinus,
1579 1446 1942 1510 Carthaginien-

159 1536 241 1595 sis,
273 1536 627 1595 Macloviensis,
657 1535 954 1600 presbyteri3
989 1551 1028 1582 s.
1060 1534 1270 1596 Georgii,
1302 1549 1341 1581 s.
1375 1531 1609 1591 Severini,
1634 1530 1938 1589 Valentinus,

150 1620 430 1680 ,CesarinuS,
458 1620 714 1669 Gurcensis
736 1623 783 1668 et
803 1619 1080 1677 Farnesius,
1101 1617 1309 1666 diaconi.
1763 1675 1765 1677 Ι

226 1703 363 1764 Feria
395 1708 583 1767 quarta,
610 1707 673 1751 21-
694 1703 921 1768 januarii,
944 1703 1121 1751 festum
1150 1705 1317 1750 sancte
1347 1699 1565 1764 Agnetis,
1589 1699 1678 1747 fuit
1702 1702 1943 1747 secretum

162 1787 500 1836 consistorium
526 1787 576 1835 in
604 1803 697 1851 quo
726 1787 950 1836 Pontifex
976 1786 1107 1835 dedit
1133 1785 1366 1834 annulum
1388 1783 1645 1833 ettitulum
1668 1799 1707 1831 s.
1733 1782 1946 1830 Pruden-

163 1870 291 1919 tiane
331 1874 472 1919 Rmo.
506 1873 563 1918 D.
601 1871 832 1919 cardinali
871 1870 1200 1928 Macloviensi‚
1225 1885 1282 1917 ac
1322 1868 1497 1917 creavit
1535 1873 1582 1917 et
1611 1866 1868 1932 publicavit
1898 1869 1945 1930 et

150 1954 421 2018 ⁷assumpsit
441 1954 491 2002 in
518 1971 555 2003 s.
594 1969 793 2002 romane
825 1954 1039 2003 Ecclesie
1062 1954 1396 2018 presbyterum
1427 1951 1720 2000 cardinalem
1749 1953 1939 1997 Rmum.

162 2040 218 2085 D.
258 2038 551 2102 Philippum,
586 2038 868 2102 episcopum
911 2041 1328 2088 Cenomanensem
1362 2037 1559 2084 fratrem
1599 2034 1942 2083 consobrinum

162 2121 291 2184 regis
313 2122 533 2182 Francie,
556 2122 616 2170 ad
638 2123 854 2187 ejusdem
878 2123 1005 2186 regis
1027 2123 1354 2187 importunam
1372 2119 1668 2168 instantiam.

225 2205 365 2253 Fer-ia
391 2205 574 2268 quinta,
601 2209 661 2253 22
679 2207 907 2270 januarii,
933 2206 1187 2255 cardinalis
1224 2205 1502 2263 Gurcensis,
1534 2203 1678 2252 rebus
1709 2202 1807 2250 suis
1831 2217 1943 2251 cum

161 2289 393 2339 Pontifice
427 2305 514 2354 pro
548 2290 759 2355 benigno
794 2306 894 2340 non
928 2290 1187 2339 vindictam
1223 2292 1458 2353 querente
1493 2286 1790 2352 compositis,
1821 2290 1869 2334 et
1900 2285 1943 2333 ei

155 2375 526 2437 ,reconciliatum
558 2392 647 2440 per
677 2391 756 2424 me
789 2375 850 2423 ad
883 2374 1272 2424 benedictionem
1314 2388 1451 2421 suam
1486 2371 1638 2430 venit,
1666 2374 1714 2418 et
1752 2369 1943 2433 culpam

160 2474 298 2508 suam
316 2474 674 2522 recognoscens
695 2459 744 2506 in
766 2462 1055 2507 RRmorum.
1075 2460 1176 2506 DD.
1196 2457 1254 2505 de
1277 2456 1479 2515 Ursinis,
1499 2460 1547 2504 et
1568 2472 1607 2503 s.
1627 2453 1823 2517 Georgii
1843 2469 1945 2501 car-

160 2542 390 2591 dinalium
423 2543 687 2606 presentia,
712 2543 934 2609 Pontifici
965 2558 1052 2590 sua
1070 2541 1275 2590 crimina
1304 2540 1501 2605 objecit,
1529 2539 1805 2597 simoniam,
1829 2552 1945 2601 pec-

158 2631 322 2687 catum
351 2626 528 2687 carnis,
566 2626 959 2676 informationem
995 2641 1172 2690 magno
1212 2628 1367 2673 Turco
1401 2624 1598 2671 missam
1636 2627 1684 2671 et
1724 2625 1942 2686 mutuam

159 2708 545 2773 intelligentiam,
580 2725 804 2759 asserens
839 2711 997 2775 ipsum
1030 2709 1316 2761 Pontificem
1348 2723 1580 2772 magnum
1611 2705 1941 2754 simulatorem

159 2797 208 2842 et
228 2798 401 2842 verum·
418 2794 731 2859 deceptorem
753 2811 878 2855 esse,
904 2795 943 2843 si
966 2794 1040 2842 sui
1062 2809 1229 2842 verum
1247 2791 1366 2839 mihi
1387 2791 1656 2858 retulerunt
1676 2791 1762 2853 (1).

207 2878 408 2927 Eodem
430 2894 539 2939 sero
561 2879 649 2928 fuit
666 2895 871 2944 magnus
892 2895 1058 2927 rumor
1078 2878 1205 2926 inter
1231 2876 1474 2925 Suizzeros
1497 2877 1543 2922 et
1561 2872 1814 2921 Catalanos
1836 2886 1943 2920 cus-

160 2961 288 3010 todie
321 2962 446 3010 arcis
480 2979 519 3010 S.
550 2962 720 3026 Angeli
749 2963 1021 3027 deputatos,
1051 2962 1223 3026 quibus
1249 2960 1440 3009 ruffiani
1468 2975 1520 3007 se
1553 2959 1935 3023 conjunxerant,

152 3043 252 3095 uduo
286 3046 482 3094 suizzeri
521 3046 719 3095 fuerunt
761 3047 821 3095 ab
848 3047 940 3095 illis
974 3047 1215 3096 interfecti
1247 3050 1294 3095 et
1327 3046 1377 3093 in
1408 3043 1619 3093 Tiberim
1649 3041 1870 3106 projecti,
1893 3043 1939 3088 et

159 3126 322 3189 plures
344 3129 557 3177 Catalani
580 3135 627 3178 et
649 3130 839 3178 ruffiani
861 3146 889 3178 a
910 3130 1141 3178 Suizzeris
1161 3130 1327 3179 occisi.

228 3211 314 3258 Die
346 3213 586 3274 sequenti,
624 3213 882 3277 decapitati
909 3212 1103 3261 fuerunt
1125 3213 1220 3261 duo
1240 3212 1466 3273 Suizzeri,
1490 3228 1613 3259 unus
1635 3211 1681 3259 in
1702 3207 1935 3274 Capitolio

162 3298 209 3341 et
227 3292 348 3340 alius
366 3293 415 3340 in
435 3299 582 3357 ponte
601 3311 641 3344 s.
664 3296 854 3360 Angeli.

208 3429 241 3466 1.
258 3428 307 3464 Le
327 3426 485 3464 cardinal
495 3428 540 3464 de
555 3427 677 3465 Gurck
686 3430 911 3468 renouvelait
929 3442 990 3467 ces
1002 3431 1232 3468 accusations
1247 3434 1370 3468 contre
1385 3429 1416 3466 le
1431 3431 1546 3478 pape,
1563 3429 1692 3477 quinze
1707 3429 1799 3466 mois
1813 3431 1932 3476 apreS,

162 3500 208 3525 au
227 3487 367 3525 notaire
382 3487 605 3526 Alessandro
625 3487 762 3526 Bracci.
796 3490 903 3538 (Voy.
934 3489 1017 3537 plus
1036 3490 1127 3527 haut
1144 3503 1181 3538 p.
1193 3492 1379 3535 210,note'
1394 3490 1428 3535 1,
1451 3493 1487 3526 et
1507 3492 1528 3525 a
1547 3488 1774 3537 l'appendice
1794 3490 1838 3523 n⁰
1857 3487 1934 3531 27).
