2216 3886
262 308 331 342 5822
873 306 1103 343 JOHANNIS
1141 304 1432 349 BURCHARDI,
1714 307 1923 347 [Decembre
1946 308 2039 347 1499]

264 406 488 455 mitarum
516 424 554 456 s.
580 406 954 471 Augustini'pro
982 411 1292 472 procuratore
1327 406 1547 468 ejusdem
1578 408 1776 455 ordiniS.
1805 408 1908 456 Alia
1935 414 2041 457 acta

263 505 397 540 more
420 490 576 539 solito.

331 572 509 620 Eadem
543 572 638 630 die,
663 575 771 634 post
793 571 1066 634 prandium,
1092 573 1337 622 redierunt
1365 572 1424 620 ad
1456 573 1634 621 Urbem
1663 575 1757 620 RR.
1783 571 1832 619 in
1854 572 2042 622 Christo

264 660 355 704 PP.
386 659 486 703 DD.
510 655 755 703 ,Iohannes
789 655 1182 721 archiepiscopus
1213 657 1499 719 Ragusinus,
1524 661 1589 716 et,
1615 656 1654 704 si
1685 659 1813 703 recte
1845 655 2042 704 memini

263 740 335 788 vel
359 738 589 796 intellexi,
624 738 909 787 Franciscus
940 740 1136 787 Brevius
1164 739 1420 803 episcopus
1450 740 1730 788 Cenetensis
1761 755 1816 787 ac
1842 754 2044 788 venera-

264 822 371 870 bilis
409 824 466 869 D.
502 823 536 869 F
543 821 786 869 ranciscus
823 820 882 868 de
917 823 1106 881 Parma,
1139 821 1441 870 abbreviator
1469 822 1528 870 de
1556 837 1703 885 parco
1737 820 1928 885 maj0ri,
1959 820 2038 883 qui

263 921 374 953 cum
397 907 536 952 Rmo.
563 907 620 953 D.
648 904 887 952 cardinale
909 905 1084 968 Borgia
1104 906 1164 953 ad
1182 905 1474 969 legationem
1497 906 1842 969 equitaverant.

329 991 381 1036 In
401 988 494 1036 hac
523 988 848 1048 hebdomade,
876 990 960 1037 SS.
987 991 1041 1037 D.
1069 992 1124 1037 N.
1147 989 1207 1037 ad
1235 1005 1286 1037 se
1308 989 1465 1038 vocari
1494 989 1606 1038 fecit
1630 992 1730 1038 DD.
1754 989 2046 1054 penitentia-

262 1072 359 1120 rios
391 1071 660 1120 ordinarios
689 1071 738 1119 in
765 1072 962 1119 basilica
993 1089 1031 1120 s.
1058 1072 1203 1132 Petri,
1229 1088 1337 1121 cum
1372 1072 1542 1136 quibus
1573 1072 1723 1120 multa
1756 1072 1874 1120 dixit
1906 1076 1952 1120 et
1985 1073 2044 1120 ab

264 1156 333 1204 eis
359 1155 484 1204 scire
510 1155 658 1204 voluit
688 1156 803 1219 quid
831 1159 877 1204 et
905 1171 999 1219 que
1028 1155 1217 1220 agenda
1245 1172 1332 1219 pro
1365 1156 1706 1204 exoneratione
1728 1156 2046 1204 conscientia-

264 1255 369 1287 rum
403 1244 451 1287 et
477 1239 630 1288 salute
663 1240 935 1287 animarum
962 1239 1136 1287 Christi
1167 1239 1382 1288 fidelium
1410 1240 1469 1287 ad
1499 1240 1714 1288 futurum
1748 1239 1807 1288 de
1828 1241 2045 1303 proximo

264 1322 591 1371 inchoandum
616 1323 855 1387 jubileum
881 1322 1195 1382 venientium,
1220 1338 1276 1371 ac
1308 1323 1451 1371 etiam
1480 1324 1529 1370 in
1559 1323 1685 1371 Urbe
1717 1322 2042 1384 existentium,

267 1410 314 1454 et
341 1406 410 1454 eis
438 1405 679 1454 commisit
704 1410 755 1453 ut
782 1406 984 1469 quisque
1013 1422 1182 1454 eorum
1204 1422 1297 1469 que
1326 1406 1413 1454 sibi
1441 1406 1718 1454 viderentur
1744 1406 1978 1469 cogitaret
1999 1411 2044 1454 et

270 1489 519 1538 Sanctitati
543 1504 627 1538 sue
650 1489 866 1538 referret.
887 1490 1032 1538 Venit
1052 1494 1309 1554 propterea
1329 1489 1404 1538 die
1426 1489 1669 1548 mercurii,
1696 1493 1752 1537 18
1772 1490 2045 1539 decembris

269 1572 508 1636 presentis
535 1573 735 1633 mensis,
764 1578 872 1637 post
902 1574 1072 1621 horam
1098 1573 1379 1637 vigesimam
1407 1574 1613 1637 primam
1641 1573 1769 1622 idem
1796 1576 1879 1623 SS.
1902 1577 1959 1623 D.
1985 1577 2041 1623 N.

271 1655 331 1704 ad
351 1655 600 1703 basilicam
632 1672 670 1703 s.
701 1656 847 1714 Petri,
871 1656 952 1704 ubi
976 1656 1224 1704 Sanctitati
1253 1672 1336 1705 sue
1363 1657 1572 1720 primum
1595 1656 1784 1704 ostendi
1813 1656 1975 1704 locum
1996 1657 2044 1705 in

272 1738 455 1802 capella
479 1738 736 1798 Veronice‚
763 1754 907 1802 quem
942 1739 1107 1787 dicunt
1136 1739 1355 1787 canonici
1382 1739 1578 1787 basilice
1611 1754 1717 1787 esse
1747 1746 1935 1803 portam
1963 1756 2047 1788 au-

271 1837 403 1869 ream
433 1825 758 1885 nuncupatam
788 1837 881 1885 que
916 1822 1104 1885 singulo
1139 1822 1407 1870 centesimo
1433 1822 1604 1887 jubilei
1637 1838 1764 1871 anno
1801 1824 2049 1873 consuevit

270 1920 357 1968 per
386 1920 602 1953 summos
623 1904 878 1968 pontifices
906 1905 1097 1969 aperiri,
1122 1906 1249 1968 quod
1270 1910 1318 1954 et
1339 1904 1498 1968 sepius
1526 1904 1681 1952 audivi
1708 1904 1758 1952 in
1783 1905 1925 1969 vulgo
1955 1905 2047 1954 dici

269 1991 316 2037 et
345 1988 517 2037 teneri.
550 1988 733 2036 Placuit
761 1989 1010 2037 Sanctitati
1040 2004 1124 2038 sue
1155 2004 1263 2037 eam
1291 1988 1464 2037 eodem
1495 1988 1640 2036 modo
1669 1988 1847 2037 debere
1874 1989 2046 2052 aperiri

265 2072 314 2119 in
333 2072 456 2120 hora
474 2071 795 2120 inchoationis
812 2071 1007 2135 jubilei3
1033 2073 1274 2121 mandavit
1297 2072 1506 2120 ordinari
1534 2076 1582 2120 et
1605 2072 1751 2121 incidi
1780 2088 2047 2121 marmores

265 2171 352 2219 pro
375 2160 545 2203 ornatu
567 2155 785 2218 ejusdem
806 2160 943 2218 porte
966 2155 1027 2203 ad
1045 2154 1172 2202 illam
1194 2154 1493 2203 altitudinem
1514 2159 1562 2203 et
1581 2155 1884 2203 latitudinem
1901 2171 2045 2218 quam

265 2238 421 2286 forma
455 2239 515 2286 ab
548 2238 673 2286 intra
703 2238 1006 2296 ostendebat,
1036 2242 1083 2286 et
1112 2253 1276 2285 muros
1307 2242 1418 2286 ante
1456 2242 1502 2285 et
1534 2253 1563 2285 a
1592 2238 1744 2286 latere
1774 2238 2043 2302 predictam

267 2321 501 2384 capellam
531 2321 810 2370 claudentes
842 2321 1039 2369 omnino
1070 2321 1298 2379 amoveri,
1334 2325 1384 2370 ut
1415 2321 1619 2384 populus
1651 2321 1848 2370 liberius
1881 2327 2045 2386 posset

266 2404 577 2467 pertransire.
605 2404 849 2452 Ordinavit
880 2405 1010 2468 quod
1036 2404 1288 2468 episcopus
1315 2404 1601 2452 Mutinensis
1628 2405 1839 2453 datarius
1867 2405 2049 2454 faceret

268 2488 525 2545 minutam3
563 2487 737 2536 deinde
776 2487 919 2535 scribi
961 2487 1141 2535 bullam
1168 2487 1337 2551 jubilei
1374 2488 1423 2534 in
1454 2488 1666 2551 vesperis
1698 2488 1956 2537 nativitatis
1986 2491 2044 2537 D.

268 2570 442 2619 Christi
470 2571 688 2634 proxime
709 2571 868 2619 future
890 2570 1177 2630 inchoandi,
1203 2571 1332 2634 quod
1353 2571 1493 2619 Urbis
1518 2570 1865 2619 inhabitatores
1888 2587 1981 2618 xxx
2003 2576 2050 2618 et

271 2654 506 2714 forenses,
538 2671 618 2714 xv,
655 2655 824 2704 diebus
857 2654 1099 2703 continuis
1132 2655 1205 2703 vel
1236 2655 1550 2718 interpolatis,
1583 2671 1647 2703 ss.
1684 2655 1810 2703 Petri
1841 2659 1887 2702 et
1916 2654 2048 2703 Pauli

270 2753 325 2784 ac
348 2754 386 2784 S.
409 2737 639 2785 Johannis
668 2738 1005 2787 Lateranensis
1034 2742 1082 2785 et
1107 2738 1155 2785 b.
1186 2738 1336 2785 Marie
1362 2737 1557 2801 Majoris
1585 2737 1644 2785 de
1672 2738 1797 2786 Urbe
1827 2738 2047 2786 basilicas

269 2820 514 2868 visitantes
547 2821 813 2883 plenariam
845 2820 1193 2883 indulgentiam
1226 2824 1652 2883 consequerentur,
1681 2825 1729 2869 et
1748 2821 1876 2883 quod
1895 2820 2044 2879 bulla,

269 2902 371 2965 ipsa
398 2902 638 2950 dominica
665 2905 884 2965 proxime
917 2903 1094 2961 futura,
1118 2903 1407 2965 publicetur,
1433 2903 1727 2966 precedente
1761 2918 1880 2951 sono
1909 2903 2046 2950 tuba-

272 3000 396 3033 rum.
419 2987 597 3033 Iterum
622 2985 864 3033 concessit
887 3001 931 3031 x1
961 2985 1310 3048 penitentiariis
1336 2985 1587 3033 ordinariis
1610 2986 1827 3049 ejusdem
1851 2986 2047 3034 basilice

269 3068 591 3132 componendi
625 3067 947 3132 [potestatem]
983 3083 1127 3131 super
1159 3068 1284 3116 male
1322 3068 1492 3116 oblatis
1526 3074 1573 3117 et
1604 3069 1800 3117 incertis
1834 3069 2047 3118 eleemo-

270 3151 400 3215 synis
439 3167 526 3215 pro
560 3151 811 3198 animabus
850 3151 899 3198 in
938 3151 1214 3214 purgatorio
1259 3152 1572 3200 existentibus
1611 3152 1872 3201 liberandis
1905 3157 2045 3216 atque

270 3234 572 3282 absolvendis
600 3234 648 3281 in
677 3234 897 3281 omnibus
925 3234 1114 3282 casibus
1137 3234 1282 3283 etiam
1305 3235 1554 3283 Sanctitati
1587 3252 1670 3283 sue
1699 3243 1747 3284 et
1775 3236 1875 3284 sedi
1903 3251 2045 3301 apos-

271 3316 411 3364 tolice
440 3317 489 3364 in
522 3332 700 3380 genere
732 3318 804 3365 vel
834 3318 882 3365 in
914 3317 1074 3381 specie
1106 3318 1374 3376 reservatis,
1403 3319 1616 3382 exceptis
1645 3320 1891 3367 dumtaxat
1915 3318 2044 3367 vide-

267 3398 383 3446 licet
411 3400 766 3463 conspiratione
803 3401 851 3448 in
882 3416 1140 3463 personam
1173 3402 1246 3449 vel
1278 3404 1452 3449 statum
1484 3400 1657 3448 summi
1690 3401 1934 3450 Pontificis
1961 3406 2041 3449 aut
