<?xml version="1.0" encoding="UTF-8"?>
<!DOCTYPE html PUBLIC "-//W3C//DTD XHTML 1.0 Transitional//EN"
    "http://www.w3.org/TR/xhtml1/DTD/xhtml1-transitional.dtd">
<html xmlns="http://www.w3.org/1999/xhtml" xml:lang="en" lang="en">
 <head>
  <title>
</title>
<meta http-equiv="Content-Type" content="text/html;charset=utf-8" />
  <meta name='ocr-system' content='tesseract 3.04.00' />
  <meta name='ocr-capabilities' content='ocr_page ocr_carea ocr_par ocr_line ocrx_word'/>
</head>
<body>
  <div class='ocr_page' id='page_1' title='image "./diariumsivererum02burcuoft_0534.png"; bbox 0 0 2216 3886; ppageno 0'>
   <div class='ocr_carea' id='block_1_1' title="bbox 284 341 2059 386">
    <p class='ocr_par' dir='ltr' id='par_1_1' title="bbox 284 341 2059 386">
     <span class='ocr_line' id='line_1_1' title="bbox 284 341 2059 386; baseline -0.002 -6"><span class='ocrx_word' id='word_1_1' title='bbox 284 346 352 382; x_wconf 72' lang='lat'>522</span> <span class='ocrx_word' id='word_1_2' title='bbox 889 342 1122 379; x_wconf 79' lang='lat' dir='ltr'>JOHANNIS</span> <span class='ocrx_word' id='word_1_3' title='bbox 1155 341 1450 386; x_wconf 81' lang='lat' dir='ltr'><strong>BURCHARDI,</strong></span> <span class='ocrx_word' id='word_1_4' title='bbox 1834 342 1942 384; x_wconf 85' lang='lat' dir='ltr'>[Avril</span> <span class='ocrx_word' id='word_1_5' title='bbox 1965 344 2059 384; x_wconf 76' lang='lat'>1499]</span> 
     </span>
    </p>
   </div>
   <div class='ocr_carea' id='block_1_2' title="bbox 283 443 2115 3348">
    <p class='ocr_par' dir='ltr' id='par_1_2' title="bbox 283 443 2115 1912">
     <span class='ocr_line' id='line_1_2' title="bbox 284 443 2059 507; baseline -0.001 -10"><span class='ocrx_word' id='word_1_6' title='bbox 284 449 633 506; x_wconf 88' lang='lat' dir='ltr'>celebrantem;</span> <span class='ocrx_word' id='word_1_7' title='bbox 669 446 779 494; x_wconf 90' lang='lat' dir='ltr'>inde</span> <span class='ocrx_word' id='word_1_8' title='bbox 812 445 1028 494; x_wconf 87' lang='lat' dir='ltr'>ascendit</span> <span class='ocrx_word' id='word_1_9' title='bbox 1063 444 1249 493; x_wconf 88' lang='lat' dir='ltr'>trabem</span> <span class='ocrx_word' id='word_1_10' title='bbox 1279 443 1650 492; x_wconf 82' lang='lat' dir='ltr'>transversalem</span> <span class='ocrx_word' id='word_1_11' title='bbox 1682 460 1827 507; x_wconf 90' lang='lat' dir='ltr'>super</span> <span class='ocrx_word' id='word_1_12' title='bbox 1854 445 1983 495; x_wconf 87' lang='lat' dir='ltr'>dicta</span> <span class='ocrx_word' id='word_1_13' title='bbox 2012 451 2059 495; x_wconf 91' lang='lat' dir='ltr'>et</span> 
     </span>
     <span class='ocr_line' id='line_1_3' title="bbox 284 526 2057 592; baseline -0.002 -11"><span class='ocrx_word' id='word_1_14' title='bbox 284 533 456 581; x_wconf 88' lang='lat' dir='ltr'>ceteris</span> <span class='ocrx_word' id='word_1_15' title='bbox 493 530 729 578; x_wconf 89' lang='lat' dir='ltr'>columnis</span> <span class='ocrx_word' id='word_1_16' title='bbox 765 529 972 592; x_wconf 76' lang='lat' dir='ltr'>positam</span> <span class='ocrx_word' id='word_1_17' title='bbox 1013 543 1163 590; x_wconf 87' lang='lat' dir='ltr'>usque</span> <span class='ocrx_word' id='word_1_18' title='bbox 1202 527 1262 574; x_wconf 88' lang='lat' dir='ltr'>ad</span> <span class='ocrx_word' id='word_1_19' title='bbox 1298 526 1540 574; x_wconf 86' lang='lat' dir='ltr'>tribunam</span> <span class='ocrx_word' id='word_1_20' title='bbox 1581 527 1629 574; x_wconf 91' lang='lat' dir='ltr'>in</span> <span class='ocrx_word' id='word_1_21' title='bbox 1670 543 1763 591; x_wconf 88' lang='lat' dir='ltr'>qua</span> <span class='ocrx_word' id='word_1_22' title='bbox 1802 533 1875 575; x_wconf 88' lang='lat' dir='ltr'>est</span> <span class='ocrx_word' id='word_1_23' title='bbox 1913 529 2057 577; x_wconf 89' lang='lat' dir='ltr'>altare</span> 
     </span>
     <span class='ocr_line' id='line_1_4' title="bbox 285 610 2058 678; baseline -0.002 -14"><span class='ocrx_word' id='word_1_24' title='bbox 285 617 441 678; x_wconf 85' lang='lat' dir='ltr'>majus</span> <span class='ocrx_word' id='word_1_25' title='bbox 469 614 595 661; x_wconf 86' lang='lat' dir='ltr'>dicte</span> <span class='ocrx_word' id='word_1_26' title='bbox 624 612 839 669; x_wconf 88' lang='lat' dir='ltr'>basilice,</span> <span class='ocrx_word' id='word_1_27' title='bbox 871 615 919 659; x_wconf 75' lang='lat' dir='ltr'>et</span> <span class='ocrx_word' id='word_1_28' title='bbox 947 611 1171 658; x_wconf 86' lang='lat' dir='ltr'>incitatus</span> <span class='ocrx_word' id='word_1_29' title='bbox 1199 625 1283 658; x_wconf 93' lang='lat' dir='ltr'>seu</span> <span class='ocrx_word' id='word_1_30' title='bbox 1305 610 1523 659; x_wconf 88' lang='lat' dir='ltr'>turbatus</span> <span class='ocrx_word' id='word_1_31' title='bbox 1545 626 1572 658; x_wconf 93' lang='lat' dir='ltr'>a</span> <span class='ocrx_word' id='word_1_32' title='bbox 1598 611 1822 673; x_wconf 89' lang='lat' dir='ltr'>gentibus</span> <span class='ocrx_word' id='word_1_33' title='bbox 1843 614 2058 661; x_wconf 81' lang='lat' dir='ltr'>custodie</span> 
     </span>
     <span class='ocr_line' id='line_1_5' title="bbox 284 693 2058 763; baseline -0.002 -17"><span class='ocrx_word' id='word_1_34' title='bbox 284 698 444 763; x_wconf 87' lang='lat' dir='ltr'>palatii</span> <span class='ocrx_word' id='word_1_35' title='bbox 466 696 673 761; x_wconf 90' lang='lat' dir='ltr'>projecit</span> <span class='ocrx_word' id='word_1_36' title='bbox 696 695 754 742; x_wconf 92' lang='lat' dir='ltr'>de</span> <span class='ocrx_word' id='word_1_37' title='bbox 776 694 903 742; x_wconf 89' lang='lat' dir='ltr'>dicta</span> <span class='ocrx_word' id='word_1_38' title='bbox 924 694 1057 742; x_wconf 89' lang='lat' dir='ltr'>trabe</span> <span class='ocrx_word' id='word_1_39' title='bbox 1085 693 1338 742; x_wconf 81' lang='lat' dir='ltr'>duodecim</span> <span class='ocrx_word' id='word_1_40' title='bbox 1363 694 1436 742; x_wconf 90' lang='lat' dir='ltr'>vel</span> <span class='ocrx_word' id='word_1_41' title='bbox 1458 693 1734 756; x_wconf 90' lang='lat' dir='ltr'>quindecim</span> <span class='ocrx_word' id='word_1_42' title='bbox 1760 699 1943 757; x_wconf 92' lang='lat' dir='ltr'>portas,</span> <span class='ocrx_word' id='word_1_43' title='bbox 1975 711 2058 743; x_wconf 86' lang='lat' dir='ltr'>co-</span> 
     </span>
     <span class='ocr_line' id='line_1_6' title="bbox 283 776 2057 844; baseline -0.001 -16"><span class='ocrx_word' id='word_1_44' title='bbox 283 779 502 844; x_wconf 78' lang='lat' dir='ltr'>lumellas</span> <span class='ocrx_word' id='word_1_45' title='bbox 531 793 826 825; x_wconf 87' lang='lat' dir='ltr'>marmoreas</span> <span class='ocrx_word' id='word_1_46' title='bbox 858 793 950 840; x_wconf 92' lang='lat' dir='ltr'>que</span> <span class='ocrx_word' id='word_1_47' title='bbox 981 777 1298 841; x_wconf 88' lang='lat' dir='ltr'>superipsam</span> <span class='ocrx_word' id='word_1_48' title='bbox 1326 776 1510 825; x_wconf 90' lang='lat' dir='ltr'>trabem</span> <span class='ocrx_word' id='word_1_49' title='bbox 1534 777 1783 841; x_wconf 82' lang='lat' dir='ltr'>jacebant3</span> <span class='ocrx_word' id='word_1_50' title='bbox 1814 777 2057 827; x_wconf 90' lang='lat' dir='ltr'>neminem</span> 
     </span>
     <span class='ocr_line' id='line_1_7' title="bbox 284 859 2062 924; baseline -0.001 -13"><span class='ocrx_word' id='word_1_51' title='bbox 284 869 445 912; x_wconf 86' lang='lat' dir='ltr'>tamen</span> <span class='ocrx_word' id='word_1_52' title='bbox 477 861 728 909; x_wconf 90' lang='lat' dir='ltr'>hominum</span> <span class='ocrx_word' id='word_1_53' title='bbox 759 860 893 919; x_wconf 88' lang='lat' dir='ltr'>lesit;</span> <span class='ocrx_word' id='word_1_54' title='bbox 925 860 1127 908; x_wconf 73' lang='lat' dir='ltr'>incurrit</span> <span class='ocrx_word' id='word_1_55' title='bbox 1154 859 1326 908; x_wconf 88' lang='lat' dir='ltr'>exinde</span> <span class='ocrx_word' id='word_1_56' title='bbox 1356 863 1484 924; x_wconf 89' lang='lat' dir='ltr'>Papa</span> <span class='ocrx_word' id='word_1_57' title='bbox 1511 864 1558 908; x_wconf 88' lang='lat' dir='ltr'>et</span> <span class='ocrx_word' id='word_1_58' title='bbox 1587 860 1810 908; x_wconf 92' lang='lat' dir='ltr'>omnibus</span> <span class='ocrx_word' id='word_1_59' title='bbox 1833 862 1882 909; x_wconf 93' lang='lat' dir='ltr'>in</span> <span class='ocrx_word' id='word_1_60' title='bbox 1913 862 2062 910; x_wconf 87' lang='lat' dir='ltr'>choro</span> 
     </span>
     <span class='ocr_line' id='line_1_8' title="bbox 286 944 2065 1007; baseline 0 -13"><span class='ocrx_word' id='word_1_61' title='bbox 286 945 600 994; x_wconf 78' lang='lat' dir='ltr'>existentibus</span> <span class='ocrx_word' id='word_1_62' title='bbox 617 944 852 992; x_wconf 87' lang='lat' dir='ltr'>maximus</span> <span class='ocrx_word' id='word_1_63' title='bbox 869 949 1042 1004; x_wconf 86' lang='lat' dir='ltr'>terror,</span> <span class='ocrx_word' id='word_1_64' title='bbox 1062 944 1140 1006; x_wconf 92' lang='lat' dir='ltr'>qui</span> <span class='ocrx_word' id='word_1_65' title='bbox 1159 960 1325 992; x_wconf 88' lang='lat' dir='ltr'>casum</span> <span class='ocrx_word' id='word_1_66' title='bbox 1340 944 1684 1007; x_wconf 79' lang='lat' dir='ltr'>ignoravimus,</span> <span class='ocrx_word' id='word_1_67' title='bbox 1705 949 1751 993; x_wconf 93' lang='lat' dir='ltr'>et</span> <span class='ocrx_word' id='word_1_68' title='bbox 1767 945 1989 994; x_wconf 88' lang='lat' dir='ltr'>adstatim</span> <span class='ocrx_word' id='word_1_69' title='bbox 2006 947 2065 994; x_wconf 89' lang='lat' dir='ltr'>ad</span> 
     </span>
     <span class='ocr_line' id='line_1_9' title="bbox 290 1027 2064 1094; baseline 0.001 -17"><span class='ocrx_word' id='word_1_70' title='bbox 290 1030 462 1078; x_wconf 89' lang='lat' dir='ltr'>Urbem</span> <span class='ocrx_word' id='word_1_71' title='bbox 480 1043 644 1076; x_wconf 90' lang='lat' dir='ltr'>rumor</span> <span class='ocrx_word' id='word_1_72' title='bbox 662 1027 847 1075; x_wconf 89' lang='lat' dir='ltr'>delatus</span> <span class='ocrx_word' id='word_1_73' title='bbox 867 1030 938 1074; x_wconf 90' lang='lat' dir='ltr'>est</span> <span class='ocrx_word' id='word_1_74' title='bbox 953 1027 1012 1075; x_wconf 93' lang='lat' dir='ltr'>de</span> <span class='ocrx_word' id='word_1_75' title='bbox 1028 1027 1226 1075; x_wconf 88' lang='lat' dir='ltr'>diversis</span> <span class='ocrx_word' id='word_1_76' title='bbox 1244 1028 1402 1087; x_wconf 84' lang='lat' dir='ltr'>fictuS,</span> <span class='ocrx_word' id='word_1_77' title='bbox 1426 1028 1529 1075; x_wconf 88' lang='lat' dir='ltr'>aliis</span> <span class='ocrx_word' id='word_1_78' title='bbox 1545 1029 1872 1077; x_wconf 69' lang='lat' dir='ltr'>asserentibus</span> <span class='ocrx_word' id='word_1_79' title='bbox 1887 1032 2064 1094; x_wconf 88' lang='lat' dir='ltr'>Papam</span> 
     </span>
     <span class='ocr_line' id='line_1_10' title="bbox 287 1110 2060 1178; baseline 0 -17"><span class='ocrx_word' id='word_1_80' title='bbox 287 1130 392 1161; x_wconf 85' lang='lat' dir='ltr'>osse</span> <span class='ocrx_word' id='word_1_81' title='bbox 426 1112 733 1176; x_wconf 88' lang='lat' dir='ltr'>captivatum,</span> <span class='ocrx_word' id='word_1_82' title='bbox 771 1111 874 1158; x_wconf 88' lang='lat' dir='ltr'>aliis</span> <span class='ocrx_word' id='word_1_83' title='bbox 908 1110 1163 1158; x_wconf 87' lang='lat' dir='ltr'>ecclesiam</span> <span class='ocrx_word' id='word_1_84' title='bbox 1198 1111 1437 1159; x_wconf 88' lang='lat' dir='ltr'>ruinatam</span> <span class='ocrx_word' id='word_1_85' title='bbox 1469 1116 1516 1159; x_wconf 90' lang='lat' dir='ltr'>et</span> <span class='ocrx_word' id='word_1_86' title='bbox 1546 1111 1828 1175; x_wconf 91' lang='lat' dir='ltr'>hujusmodi</span> <span class='ocrx_word' id='word_1_87' title='bbox 1859 1112 1952 1160; x_wconf 86' lang='lat' dir='ltr'>alia</span> <span class='ocrx_word' id='word_1_88' title='bbox 1982 1112 2060 1178; x_wconf 87' lang='lat'><strong>(1).</strong></span> 
     </span>
     <span class='ocr_line' id='line_1_11' title="bbox 288 1194 2064 1260; baseline -0.001 -15"><span class='ocrx_word' id='word_1_89' title='bbox 288 1200 415 1260; x_wconf 89' lang='lat' dir='ltr'>Papa</span> <span class='ocrx_word' id='word_1_90' title='bbox 442 1194 813 1244; x_wconf 87' lang='lat' dir='ltr'>communicavit</span> <span class='ocrx_word' id='word_1_91' title='bbox 843 1209 1012 1242; x_wconf 90' lang='lat' dir='ltr'>omnes</span> <span class='ocrx_word' id='word_1_92' title='bbox 1043 1194 1271 1242; x_wconf 91' lang='lat' dir='ltr'>diaconos</span> <span class='ocrx_word' id='word_1_93' title='bbox 1300 1194 1568 1243; x_wconf 78' lang='lat' dir='ltr'>cardinales</span> <span class='ocrx_word' id='word_1_94' title='bbox 1600 1199 1646 1243; x_wconf 92' lang='lat' dir='ltr'>et</span> <span class='ocrx_word' id='word_1_95' title='bbox 1676 1200 1865 1244; x_wconf 91' lang='lat' dir='ltr'>ceteros</span> <span class='ocrx_word' id='word_1_96' title='bbox 1896 1211 2064 1243; x_wconf 88' lang='lat' dir='ltr'>omnes</span> 
     </span>
     <span class='ocr_line' id='line_1_12' title="bbox 288 1278 2115 1344; baseline 0 -17"><span class='ocrx_word' id='word_1_97' title='bbox 288 1280 336 1327; x_wconf 92' lang='lat' dir='ltr'>in</span> <span class='ocrx_word' id='word_1_98' title='bbox 366 1280 549 1344; x_wconf 89' lang='lat' dir='ltr'>capella</span> <span class='ocrx_word' id='word_1_99' title='bbox 583 1280 863 1337; x_wconf 81' lang='lat' dir='ltr'>existenteS,</span> <span class='ocrx_word' id='word_1_100' title='bbox 901 1278 981 1341; x_wconf 90' lang='lat' dir='ltr'>qui</span> <span class='ocrx_word' id='word_1_101' title='bbox 1012 1279 1405 1327; x_wconf 90' lang='lat' dir='ltr'>communionem</span> <span class='ocrx_word' id='word_1_102' title='bbox 1437 1279 1495 1326; x_wconf 93' lang='lat' dir='ltr'>de</span> <span class='ocrx_word' id='word_1_103' title='bbox 1528 1294 1615 1326; x_wconf 88' lang='lat' dir='ltr'>sua</span> <span class='ocrx_word' id='word_1_104' title='bbox 1643 1294 1789 1326; x_wconf 89' lang='lat' dir='ltr'>manu</span> <span class='ocrx_word' id='word_1_105' title='bbox 1818 1278 2066 1327; x_wconf 81' lang='lat' dir='ltr'>desidera-</span> <span class='ocrx_word' id='word_1_106' title='bbox 2109 1310 2115 1316; x_wconf 91' lang='lat'><strong>·</strong></span> 
     </span>
     <span class='ocr_line' id='line_1_13' title="bbox 287 1361 2064 1427; baseline -0.001 -16"><span class='ocrx_word' id='word_1_107' title='bbox 287 1368 415 1412; x_wconf 87' lang='lat' dir='ltr'>runt.</span> <span class='ocrx_word' id='word_1_108' title='bbox 450 1363 605 1411; x_wconf 89' lang='lat' dir='ltr'>Finita</span> <span class='ocrx_word' id='word_1_109' title='bbox 630 1363 778 1411; x_wconf 83' lang='lat' dir='ltr'>missa</span> <span class='ocrx_word' id='word_1_110' title='bbox 800 1368 846 1410; x_wconf 90' lang='lat' dir='ltr'>et</span> <span class='ocrx_word' id='word_1_111' title='bbox 868 1362 1203 1411; x_wconf 88' lang='lat' dir='ltr'>benedictione</span> <span class='ocrx_word' id='word_1_112' title='bbox 1236 1361 1362 1421; x_wconf 88' lang='lat' dir='ltr'>data,</span> <span class='ocrx_word' id='word_1_113' title='bbox 1398 1364 1543 1425; x_wconf 87' lang='lat' dir='ltr'>Papa,</span> <span class='ocrx_word' id='word_1_114' title='bbox 1574 1366 1763 1410; x_wconf 89' lang='lat' dir='ltr'>retento</span> <span class='ocrx_word' id='word_1_115' title='bbox 1791 1362 1954 1427; x_wconf 90' lang='lat' dir='ltr'>pallio,</span> <span class='ocrx_word' id='word_1_116' title='bbox 1985 1378 2064 1410; x_wconf 92' lang='lat' dir='ltr'>as-</span> 
     </span>
     <span class='ocr_line' id='line_1_14' title="bbox 288 1445 2063 1510; baseline -0.001 -15"><span class='ocrx_word' id='word_1_117' title='bbox 288 1447 449 1496; x_wconf 89' lang='lat' dir='ltr'>cendit</span> <span class='ocrx_word' id='word_1_118' title='bbox 480 1463 567 1510; x_wconf 89' lang='lat' dir='ltr'>per</span> <span class='ocrx_word' id='word_1_119' title='bbox 599 1462 767 1495; x_wconf 90' lang='lat' dir='ltr'>navem</span> <span class='ocrx_word' id='word_1_120' title='bbox 803 1446 1060 1494; x_wconf 87' lang='lat' dir='ltr'>Salvatoris</span> <span class='ocrx_word' id='word_1_121' title='bbox 1092 1445 1191 1503; x_wconf 89' lang='lat' dir='ltr'>(ubi</span> <span class='ocrx_word' id='word_1_122' title='bbox 1227 1451 1300 1493; x_wconf 91' lang='lat' dir='ltr'>est</span> <span class='ocrx_word' id='word_1_123' title='bbox 1332 1445 1571 1502; x_wconf 88' lang='lat' dir='ltr'>veronica)</span> <span class='ocrx_word' id='word_1_124' title='bbox 1604 1461 1697 1509; x_wconf 88' lang='lat' dir='ltr'>que</span> <span class='ocrx_word' id='word_1_125' title='bbox 1728 1450 1842 1494; x_wconf 90' lang='lat' dir='ltr'>tunc</span> <span class='ocrx_word' id='word_1_126' title='bbox 1869 1450 2063 1494; x_wconf 90' lang='lat' dir='ltr'>ostensa</span> 
     </span>
     <span class='ocr_line' id='line_1_15' title="bbox 289 1529 2060 1593; baseline -0.002 -14"><span class='ocrx_word' id='word_1_127' title='bbox 289 1536 378 1590; x_wconf 89' lang='lat' dir='ltr'>est,</span> <span class='ocrx_word' id='word_1_128' title='bbox 406 1531 508 1579; x_wconf 91' lang='lat' dir='ltr'>sine</span> <span class='ocrx_word' id='word_1_129' title='bbox 530 1531 658 1578; x_wconf 83' lang='lat' dir='ltr'>ferro</span> <span class='ocrx_word' id='word_1_130' title='bbox 679 1530 866 1590; x_wconf 83' lang='lat' dir='ltr'>lancee,</span> <span class='ocrx_word' id='word_1_131' title='bbox 898 1546 1042 1593; x_wconf 90' lang='lat' dir='ltr'>quam</span> <span class='ocrx_word' id='word_1_132' title='bbox 1074 1530 1225 1578; x_wconf 91' lang='lat' dir='ltr'>noluit</span> <span class='ocrx_word' id='word_1_133' title='bbox 1246 1529 1503 1578; x_wconf 81' lang='lat' dir='ltr'>ostendere</span> <span class='ocrx_word' id='word_1_134' title='bbox 1531 1529 1652 1576; x_wconf 90' lang='lat' dir='ltr'>infra</span> <span class='ocrx_word' id='word_1_135' title='bbox 1672 1529 2060 1578; x_wconf 88' lang='lat' dir='ltr'>decantationem</span> 
     </span>
     <span class='ocr_line' id='line_1_16' title="bbox 290 1612 2061 1681; baseline -0.002 -18"><span class='ocrx_word' id='word_1_136' title='bbox 290 1615 435 1663; x_wconf 89' lang='lat' dir='ltr'>misse</span> <span class='ocrx_word' id='word_1_137' title='bbox 463 1615 679 1678; x_wconf 91' lang='lat' dir='ltr'>majoris.</span> <span class='ocrx_word' id='word_1_138' title='bbox 710 1613 940 1662; x_wconf 90' lang='lat' dir='ltr'>Ascendit</span> <span class='ocrx_word' id='word_1_139' title='bbox 967 1613 1077 1661; x_wconf 91' lang='lat' dir='ltr'>inde</span> <span class='ocrx_word' id='word_1_140' title='bbox 1101 1613 1161 1661; x_wconf 90' lang='lat' dir='ltr'>ad</span> <span class='ocrx_word' id='word_1_141' title='bbox 1179 1613 1341 1661; x_wconf 90' lang='lat' dir='ltr'>locum</span> <span class='ocrx_word' id='word_1_142' title='bbox 1367 1612 1557 1681; x_wconf 86' lang='lat' dir='ltr'>publice</span> <span class='ocrx_word' id='word_1_143' title='bbox 1580 1612 1949 1672; x_wconf 78' lang='lat' dir='ltr'>benedictioniS,</span> <span class='ocrx_word' id='word_1_144' title='bbox 1982 1612 2061 1660; x_wconf 92' lang='lat' dir='ltr'>ubi</span> 
     </span>
     <span class='ocr_line' id='line_1_17' title="bbox 289 1695 2063 1762; baseline -0.002 -16"><span class='ocrx_word' id='word_1_145' title='bbox 289 1698 467 1762; x_wconf 93' lang='lat' dir='ltr'>populo</span> <span class='ocrx_word' id='word_1_146' title='bbox 497 1698 778 1746; x_wconf 88' lang='lat' dir='ltr'>solemniter</span> <span class='ocrx_word' id='word_1_147' title='bbox 803 1697 1048 1746; x_wconf 86' lang='lat' dir='ltr'>benedixit</span> <span class='ocrx_word' id='word_1_148' title='bbox 1075 1701 1121 1745; x_wconf 91' lang='lat' dir='ltr'>et</span> <span class='ocrx_word' id='word_1_149' title='bbox 1144 1697 1185 1744; x_wconf 88' lang='lat' dir='ltr'>ei</span> <span class='ocrx_word' id='word_1_150' title='bbox 1209 1696 1447 1744; x_wconf 87' lang='lat' dir='ltr'>concessit</span> <span class='ocrx_word' id='word_1_151' title='bbox 1471 1695 1710 1759; x_wconf 87' lang='lat' dir='ltr'>plena-rias</span> <span class='ocrx_word' id='word_1_152' title='bbox 1739 1695 2063 1759; x_wconf 84' lang='lat' dir='ltr'>indulgentias</span> 
     </span>
     <span class='ocr_line' id='line_1_18' title="bbox 290 1778 2066 1845; baseline 0.001 -17"><span class='ocrx_word' id='word_1_153' title='bbox 290 1796 410 1844; x_wconf 84' lang='lat' dir='ltr'>quas</span> <span class='ocrx_word' id='word_1_154' title='bbox 435 1784 599 1828; x_wconf 90' lang='lat' dir='ltr'>Rmus.</span> <span class='ocrx_word' id='word_1_155' title='bbox 629 1783 685 1828; x_wconf 92' lang='lat' dir='ltr'>D.</span> <span class='ocrx_word' id='word_1_156' title='bbox 713 1797 750 1828; x_wconf 89' lang='lat' dir='ltr'>S.</span> <span class='ocrx_word' id='word_1_157' title='bbox 779 1780 992 1843; x_wconf 80' lang='lat' dir='ltr'>Georgii,</span> <span class='ocrx_word' id='word_1_158' title='bbox 1014 1780 1180 1838; x_wconf 87' lang='lat' dir='ltr'>latine,</span> <span class='ocrx_word' id='word_1_159' title='bbox 1213 1784 1259 1827; x_wconf 91' lang='lat' dir='ltr'>et</span> <span class='ocrx_word' id='word_1_160' title='bbox 1281 1779 1392 1827; x_wconf 92' lang='lat' dir='ltr'>inde</span> <span class='ocrx_word' id='word_1_161' title='bbox 1415 1778 1648 1827; x_wconf 91' lang='lat' dir='ltr'>Columna</span> <span class='ocrx_word' id='word_1_162' title='bbox 1673 1780 1932 1844; x_wconf 85' lang='lat' dir='ltr'>vulgariter</span> <span class='ocrx_word' id='word_1_163' title='bbox 1959 1796 2066 1845; x_wconf 80' lang='lat' dir='ltr'>pro—</span> 
     </span>
     <span class='ocr_line' id='line_1_19' title="bbox 290 1862 1455 1912; baseline -0.002 -1"><span class='ocrx_word' id='word_1_164' title='bbox 290 1864 586 1912; x_wconf 85' lang='lat' dir='ltr'>nuntiarunt.</span> <span class='ocrx_word' id='word_1_165' title='bbox 611 1864 716 1912; x_wconf 88' lang='lat' dir='ltr'>Alia</span> <span class='ocrx_word' id='word_1_166' title='bbox 738 1863 989 1912; x_wconf 84' lang='lat' dir='ltr'>observata</span> <span class='ocrx_word' id='word_1_167' title='bbox 1011 1867 1119 1911; x_wconf 89' lang='lat' dir='ltr'>sunt</span> <span class='ocrx_word' id='word_1_168' title='bbox 1139 1878 1275 1910; x_wconf 89' lang='lat' dir='ltr'>more</span> <span class='ocrx_word' id='word_1_169' title='bbox 1298 1862 1455 1910; x_wconf 88' lang='lat' dir='ltr'>solito.</span> 
     </span>
    </p>

    <p class='ocr_par' dir='ltr' id='par_1_3' title="bbox 290 1946 2066 2180">
     <span class='ocr_line' id='line_1_20' title="bbox 356 1946 2066 2011; baseline 0.001 -15"><span class='ocrx_word' id='word_1_170' title='bbox 356 1948 493 1996; x_wconf 87' lang='lat' dir='ltr'>Feria</span> <span class='ocrx_word' id='word_1_171' title='bbox 521 1947 736 1995; x_wconf 89' lang='lat' dir='ltr'>secunda</span> <span class='ocrx_word' id='word_1_172' title='bbox 764 1947 965 2007; x_wconf 87' lang='lat' dir='ltr'>Pasche,</span> <span class='ocrx_word' id='word_1_173' title='bbox 993 1951 1019 1994; x_wconf 79' lang='lat'><strong>2</strong></span> <span class='ocrx_word' id='word_1_174' title='bbox 1041 1947 1243 2011; x_wconf 89' lang='lat' dir='ltr'>predicti</span> <span class='ocrx_word' id='word_1_175' title='bbox 1272 1947 1452 1994; x_wconf 76' lang='lat' dir='ltr'>mens1s</span> <span class='ocrx_word' id='word_1_176' title='bbox 1474 1946 1653 2010; x_wconf 86' lang='lat' dir='ltr'>aprilis,</span> <span class='ocrx_word' id='word_1_177' title='bbox 1685 1949 1851 1997; x_wconf 89' lang='lat' dir='ltr'>Rmus.</span> <span class='ocrx_word' id='word_1_178' title='bbox 1878 1953 1934 1997; x_wconf 90' lang='lat' dir='ltr'>D.</span> <span class='ocrx_word' id='word_1_179' title='bbox 1963 1964 2066 1997; x_wconf 89' lang='lat' dir='ltr'>car-</span> 
     </span>
     <span class='ocr_line' id='line_1_21' title="bbox 290 2029 2061 2096; baseline 0.001 -17"><span class='ocrx_word' id='word_1_180' title='bbox 290 2032 461 2080; x_wconf 87' lang='lat' dir='ltr'>dinalis</span> <span class='ocrx_word' id='word_1_181' title='bbox 492 2049 530 2080; x_wconf 90' lang='lat' dir='ltr'>s.</span> <span class='ocrx_word' id='word_1_182' title='bbox 564 2031 815 2080; x_wconf 88' lang='lat' dir='ltr'>Anastasie</span> <span class='ocrx_word' id='word_1_183' title='bbox 845 2030 1103 2079; x_wconf 89' lang='lat' dir='ltr'>celebravit</span> <span class='ocrx_word' id='word_1_184' title='bbox 1131 2030 1329 2077; x_wconf 90' lang='lat' dir='ltr'>missam</span> <span class='ocrx_word' id='word_1_185' title='bbox 1361 2029 1629 2078; x_wconf 91' lang='lat' dir='ltr'>solemnem</span> <span class='ocrx_word' id='word_1_186' title='bbox 1660 2030 1707 2077; x_wconf 89' lang='lat' dir='ltr'>in</span> <span class='ocrx_word' id='word_1_187' title='bbox 1737 2031 1919 2095; x_wconf 90' lang='lat' dir='ltr'>capella</span> <span class='ocrx_word' id='word_1_188' title='bbox 1947 2047 2061 2096; x_wconf 90' lang='lat' dir='ltr'>sepe</span> 
     </span>
     <span class='ocr_line' id='line_1_22' title="bbox 290 2116 1187 2180; baseline -0.004 -15"><span class='ocrx_word' id='word_1_189' title='bbox 290 2117 432 2175; x_wconf 83' lang='lat' dir='ltr'>dicta,</span> <span class='ocrx_word' id='word_1_190' title='bbox 457 2133 591 2164; x_wconf 87' lang='lat' dir='ltr'>more</span> <span class='ocrx_word' id='word_1_191' title='bbox 614 2116 772 2175; x_wconf 90' lang='lat' dir='ltr'>solito,</span> <span class='ocrx_word' id='word_1_192' title='bbox 799 2118 924 2180; x_wconf 87' lang='lat' dir='ltr'>Papa</span> <span class='ocrx_word' id='word_1_193' title='bbox 945 2120 1187 2179; x_wconf 84' lang='lat' dir='ltr'>presente.</span> 
     </span>
    </p>

    <p class='ocr_par' dir='ltr' id='par_1_4' title="bbox 289 2196 2067 3348">
     <span class='ocr_line' id='line_1_23' title="bbox 354 2196 2067 2264; baseline -0.002 -15"><span class='ocrx_word' id='word_1_194' title='bbox 354 2201 494 2249; x_wconf 90' lang='lat' dir='ltr'>Feria</span> <span class='ocrx_word' id='word_1_195' title='bbox 523 2201 703 2264; x_wconf 87' lang='lat' dir='ltr'>quinta,</span> <span class='ocrx_word' id='word_1_196' title='bbox 738 2203 764 2245; x_wconf 74' lang='lat'>4</span> <span class='ocrx_word' id='word_1_197' title='bbox 791 2199 971 2247; x_wconf 88' lang='lat' dir='ltr'>mensis</span> <span class='ocrx_word' id='word_1_198' title='bbox 1000 2198 1179 2262; x_wconf 90' lang='lat' dir='ltr'>aprilis,</span> <span class='ocrx_word' id='word_1_199' title='bbox 1211 2196 1388 2261; x_wconf 85' lang='lat' dir='ltr'>paratis</span> <span class='ocrx_word' id='word_1_200' title='bbox 1417 2197 1465 2244; x_wconf 92' lang='lat' dir='ltr'>in</span> <span class='ocrx_word' id='word_1_201' title='bbox 1493 2198 1602 2245; x_wconf 90' lang='lat' dir='ltr'>aula</span> <span class='ocrx_word' id='word_1_202' title='bbox 1633 2197 1915 2261; x_wconf 81' lang='lat' dir='ltr'>pontificum</span> <span class='ocrx_word' id='word_1_203' title='bbox 1948 2197 2067 2246; x_wconf 87' lang='lat' dir='ltr'>infe-</span> 
     </span>
     <span class='ocr_line' id='line_1_24' title="bbox 289 2281 2064 2346; baseline -0.001 -16"><span class='ocrx_word' id='word_1_204' title='bbox 289 2283 402 2330; x_wconf 85' lang='lat' dir='ltr'>riori</span> <span class='ocrx_word' id='word_1_205' title='bbox 428 2283 475 2329; x_wconf 93' lang='lat' dir='ltr'>in</span> <span class='ocrx_word' id='word_1_206' title='bbox 496 2282 672 2346; x_wconf 87' lang='lat' dir='ltr'>palatio</span> <span class='ocrx_word' id='word_1_207' title='bbox 695 2281 959 2345; x_wconf 86' lang='lat' dir='ltr'>apostolico</span> <span class='ocrx_word' id='word_1_208' title='bbox 982 2281 1109 2344; x_wconf 90' lang='lat' dir='ltr'>apud</span> <span class='ocrx_word' id='word_1_209' title='bbox 1130 2297 1168 2328; x_wconf 90' lang='lat' dir='ltr'>s.</span> <span class='ocrx_word' id='word_1_210' title='bbox 1194 2284 1387 2329; x_wconf 91' lang='lat' dir='ltr'>Petrum</span> <span class='ocrx_word' id='word_1_211' title='bbox 1410 2296 1579 2329; x_wconf 90' lang='lat' dir='ltr'>mensa</span> <span class='ocrx_word' id='word_1_212' title='bbox 1599 2296 1774 2344; x_wconf 86' lang='lat' dir='ltr'>magna</span> <span class='ocrx_word' id='word_1_213' title='bbox 1803 2281 1898 2329; x_wconf 93' lang='lat' dir='ltr'>sive</span> <span class='ocrx_word' id='word_1_214' title='bbox 1919 2281 2064 2344; x_wconf 87' lang='lat' dir='ltr'>pluri-</span> 
     </span>
     <span class='ocr_line' id='line_1_25' title="bbox 290 2350 2067 2429; baseline -0.001 -16"><span class='ocrx_word' id='word_1_215' title='bbox 290 2367 377 2414; x_wconf 88' lang='lat' dir='ltr'>bus</span> <span class='ocrx_word' id='word_1_216' title='bbox 408 2366 551 2414; x_wconf 92' lang='lat' dir='ltr'>simul</span> <span class='ocrx_word' id='word_1_217' title='bbox 578 2365 776 2429; x_wconf 87' lang='lat' dir='ltr'>junctis,</span> <span class='ocrx_word' id='word_1_218' title='bbox 813 2364 1077 2413; x_wconf 86' lang='lat' dir='ltr'>latitudinis</span> <span class='ocrx_word' id='word_1_219' title='bbox 1110 2364 1250 2411; x_wconf 90' lang='lat' dir='ltr'>unius</span> <span class='ocrx_word' id='word_1_220' title='bbox 1281 2380 1434 2413; x_wconf 87' lang='lat' dir='ltr'>canne</span> <span class='ocrx_word' id='word_1_221' title='bbox 1465 2369 1511 2413; x_wconf 93' lang='lat' dir='ltr'>et</span> <span class='ocrx_word' id='word_1_222' title='bbox 1544 2350 1858 2428; x_wconf 87' lang='lat' dir='ltr'>longitudinis</span> <span class='ocrx_word' id='word_1_223' title='bbox 1889 2379 2067 2412; x_wconf 88' lang='lat' dir='ltr'>canna-</span> 
     </span>
     <span class='ocr_line' id='line_1_26' title="bbox 292 2447 2066 2512; baseline -0.001 -15"><span class='ocrx_word' id='word_1_224' title='bbox 292 2464 397 2497; x_wconf 90' lang='lat' dir='ltr'>rum</span> <span class='ocrx_word' id='word_1_225' title='bbox 424 2449 568 2497; x_wconf 88' lang='lat' dir='ltr'>trium</span> <span class='ocrx_word' id='word_1_226' title='bbox 592 2448 665 2496; x_wconf 83' lang='lat' dir='ltr'>vel</span> <span class='ocrx_word' id='word_1_227' title='bbox 692 2449 831 2509; x_wconf 87' lang='lat' dir='ltr'>ultra,</span> <span class='ocrx_word' id='word_1_228' title='bbox 857 2448 1060 2496; x_wconf 89' lang='lat' dir='ltr'>tobaleis</span> <span class='ocrx_word' id='word_1_229' title='bbox 1087 2448 1345 2512; x_wconf 89' lang='lat' dir='ltr'>coopertis,</span> <span class='ocrx_word' id='word_1_230' title='bbox 1374 2452 1484 2496; x_wconf 88' lang='lat' dir='ltr'>ante</span> <span class='ocrx_word' id='word_1_231' title='bbox 1514 2448 1777 2507; x_wconf 90' lang='lat' dir='ltr'>caminum,</span> <span class='ocrx_word' id='word_1_232' title='bbox 1801 2447 1928 2495; x_wconf 88' lang='lat' dir='ltr'>inter</span> <span class='ocrx_word' id='word_1_233' title='bbox 1948 2447 2066 2496; x_wconf 92' lang='lat' dir='ltr'>duas</span> 
     </span>
     <span class='ocr_line' id='line_1_27' title="bbox 292 2531 2064 2596; baseline -0.001 -15"><span class='ocrx_word' id='word_1_234' title='bbox 292 2534 525 2582; x_wconf 85' lang='lat' dir='ltr'>fenestras</span> <span class='ocrx_word' id='word_1_235' title='bbox 556 2533 615 2582; x_wconf 91' lang='lat' dir='ltr'>de</span> <span class='ocrx_word' id='word_1_236' title='bbox 642 2532 768 2593; x_wconf 88' lang='lat' dir='ltr'>aula,</span> <span class='ocrx_word' id='word_1_237' title='bbox 797 2533 863 2580; x_wconf 89' lang='lat' dir='ltr'>ita</span> <span class='ocrx_word' id='word_1_238' title='bbox 884 2537 931 2579; x_wconf 86' lang='lat' dir='ltr'>ut</span> <span class='ocrx_word' id='word_1_239' title='bbox 955 2532 1165 2595; x_wconf 90' lang='lat' dir='ltr'>undique</span> <span class='ocrx_word' id='word_1_240' title='bbox 1195 2532 1385 2580; x_wconf 89' lang='lat' dir='ltr'>circuiri</span> <span class='ocrx_word' id='word_1_241' title='bbox 1415 2536 1630 2596; x_wconf 90' lang='lat' dir='ltr'>possent,</span> <span class='ocrx_word' id='word_1_242' title='bbox 1665 2531 1858 2596; x_wconf 84' lang='lat' dir='ltr'>scyphis</span> <span class='ocrx_word' id='word_1_243' title='bbox 1880 2535 2064 2595; x_wconf 88' lang='lat' dir='ltr'>septem</span> 
     </span>
     <span class='ocr_line' id='line_1_28' title="bbox 291 2614 2066 2680; baseline -0.003 -13"><span class='ocrx_word' id='word_1_244' title='bbox 291 2618 628 2667; x_wconf 91' lang='lat' dir='ltr'>communibus</span> <span class='ocrx_word' id='word_1_245' title='bbox 650 2622 698 2666; x_wconf 91' lang='lat' dir='ltr'>et</span> <span class='ocrx_word' id='word_1_246' title='bbox 727 2633 822 2665; x_wconf 92' lang='lat' dir='ltr'>uno</span> <span class='ocrx_word' id='word_1_247' title='bbox 845 2632 1040 2680; x_wconf 86' lang='lat' dir='ltr'>magno,</span> <span class='ocrx_word' id='word_1_248' title='bbox 1068 2621 1114 2665; x_wconf 89' lang='lat' dir='ltr'>et</span> <span class='ocrx_word' id='word_1_249' title='bbox 1145 2616 1274 2664; x_wconf 88' lang='lat' dir='ltr'>circa</span> <span class='ocrx_word' id='word_1_250' title='bbox 1300 2615 1513 2664; x_wconf 86' lang='lat' dir='ltr'>medium</span> <span class='ocrx_word' id='word_1_251' title='bbox 1541 2615 1647 2663; x_wconf 89' lang='lat' dir='ltr'>aule</span> <span class='ocrx_word' id='word_1_252' title='bbox 1676 2614 1864 2663; x_wconf 89' lang='lat' dir='ltr'>concha</span> <span class='ocrx_word' id='word_1_253' title='bbox 1890 2630 2066 2678; x_wconf 88' lang='lat' dir='ltr'>magna</span> 
     </span>
     <span class='ocr_line' id='line_1_29' title="bbox 292 2698 2062 2765; baseline -0.002 -15"><span class='ocrx_word' id='word_1_254' title='bbox 292 2707 521 2765; x_wconf 90' lang='lat' dir='ltr'>argentea</span> <span class='ocrx_word' id='word_1_255' title='bbox 560 2718 670 2750; x_wconf 90' lang='lat' dir='ltr'>cum</span> <span class='ocrx_word' id='word_1_256' title='bbox 709 2717 834 2765; x_wconf 86' lang='lat' dir='ltr'>aqua</span> <span class='ocrx_word' id='word_1_257' title='bbox 873 2701 1051 2748; x_wconf 86' lang='lat' dir='ltr'>munda</span> <span class='ocrx_word' id='word_1_258' title='bbox 1089 2704 1136 2748; x_wconf 89' lang='lat' dir='ltr'>et</span> <span class='ocrx_word' id='word_1_259' title='bbox 1171 2715 1279 2747; x_wconf 91' lang='lat' dir='ltr'>vase</span> <span class='ocrx_word' id='word_1_260' title='bbox 1321 2715 1431 2747; x_wconf 91' lang='lat' dir='ltr'>cum</span> <span class='ocrx_word' id='word_1_261' title='bbox 1466 2698 1681 2746; x_wconf 90' lang='lat' dir='ltr'>balsamo</span> <span class='ocrx_word' id='word_1_262' title='bbox 1722 2701 1769 2745; x_wconf 90' lang='lat' dir='ltr'>et</span> <span class='ocrx_word' id='word_1_263' title='bbox 1806 2698 1912 2746; x_wconf 93' lang='lat' dir='ltr'>oleo</span> <span class='ocrx_word' id='word_1_264' title='bbox 1953 2714 2062 2747; x_wconf 90' lang='lat' dir='ltr'>cum</span> 
     </span>
     <span class='ocr_line' id='line_1_30' title="bbox 292 2781 2062 2846; baseline -0.002 -14"><span class='ocrx_word' id='word_1_265' title='bbox 292 2786 571 2844; x_wconf 87' lang='lat' dir='ltr'>chrismate,</span> <span class='ocrx_word' id='word_1_266' title='bbox 603 2790 650 2832; x_wconf 92' lang='lat' dir='ltr'>et</span> <span class='ocrx_word' id='word_1_267' title='bbox 681 2785 821 2833; x_wconf 87' lang='lat' dir='ltr'>tertio</span> <span class='ocrx_word' id='word_1_268' title='bbox 844 2800 953 2833; x_wconf 90' lang='lat' dir='ltr'>cum</span> <span class='ocrx_word' id='word_1_269' title='bbox 977 2784 1074 2832; x_wconf 93' lang='lat' dir='ltr'>sale</span> <span class='ocrx_word' id='word_1_270' title='bbox 1102 2800 1157 2832; x_wconf 90' lang='lat' dir='ltr'>ac</span> <span class='ocrx_word' id='word_1_271' title='bbox 1182 2787 1366 2846; x_wconf 92' lang='lat' dir='ltr'>septem</span> <span class='ocrx_word' id='word_1_272' title='bbox 1391 2782 1547 2845; x_wconf 89' lang='lat' dir='ltr'>capsis</span> <span class='ocrx_word' id='word_1_273' title='bbox 1573 2781 1925 2839; x_wconf 91' lang='lat' dir='ltr'>communibus,</span> <span class='ocrx_word' id='word_1_274' title='bbox 1952 2796 2062 2828; x_wconf 90' lang='lat' dir='ltr'>cum</span> 
     </span>
     <span class='ocr_line' id='line_1_31' title="bbox 292 2863 2063 2931; baseline -0.002 -16"><span class='ocrx_word' id='word_1_275' title='bbox 292 2869 427 2931; x_wconf 84' lang='lat' dir='ltr'>agnis</span> <span class='ocrx_word' id='word_1_276' title='bbox 468 2868 554 2915; x_wconf 88' lang='lat' dir='ltr'>Dei</span> <span class='ocrx_word' id='word_1_277' title='bbox 595 2867 862 2916; x_wconf 86' lang='lat' dir='ltr'>benedictis</span> <span class='ocrx_word' id='word_1_278' title='bbox 903 2872 950 2914; x_wconf 89' lang='lat' dir='ltr'>et</span> <span class='ocrx_word' id='word_1_279' title='bbox 986 2867 1218 2914; x_wconf 90' lang='lat' dir='ltr'>bacilibus</span> <span class='ocrx_word' id='word_1_280' title='bbox 1258 2869 1443 2929; x_wconf 91' lang='lat' dir='ltr'>septem</span> <span class='ocrx_word' id='word_1_281' title='bbox 1483 2864 1554 2911; x_wconf 92' lang='lat' dir='ltr'>vel</span> <span class='ocrx_word' id='word_1_282' title='bbox 1590 2865 1714 2911; x_wconf 89' lang='lat' dir='ltr'>ultra</span> <span class='ocrx_word' id='word_1_283' title='bbox 1748 2879 1836 2927; x_wconf 86' lang='lat' dir='ltr'>pro</span> <span class='ocrx_word' id='word_1_284' title='bbox 1875 2863 1966 2911; x_wconf 90' lang='lat' dir='ltr'>illis</span> <span class='ocrx_word' id='word_1_285' title='bbox 2004 2864 2063 2911; x_wconf 89' lang='lat' dir='ltr'>ad</span> 
     </span>
     <span class='ocr_line' id='line_1_32' title="bbox 290 2946 2061 3014; baseline -0.003 -16"><span class='ocrx_word' id='word_1_286' title='bbox 290 2966 464 3014; x_wconf 87' lang='lat' dir='ltr'>aquam</span> <span class='ocrx_word' id='word_1_287' title='bbox 491 2949 755 3014; x_wconf 91' lang='lat' dir='ltr'>portandis,</span> <span class='ocrx_word' id='word_1_288' title='bbox 782 2965 836 2996; x_wconf 91' lang='lat' dir='ltr'>ac</span> <span class='ocrx_word' id='word_1_289' title='bbox 858 2949 1045 2997; x_wconf 92' lang='lat' dir='ltr'>duobus</span> <span class='ocrx_word' id='word_1_290' title='bbox 1070 2949 1257 3012; x_wconf 87' lang='lat' dir='ltr'>magnis</span> <span class='ocrx_word' id='word_1_291' title='bbox 1285 2948 1585 2996; x_wconf 90' lang='lat' dir='ltr'>coclearibus</span> <span class='ocrx_word' id='word_1_292' title='bbox 1605 2947 1777 3010; x_wconf 84' lang='lat' dir='ltr'>ligneis</span> <span class='ocrx_word' id='word_1_293' title='bbox 1804 2946 2061 3010; x_wconf 84' lang='lat' dir='ltr'>preforatis</span> 
     </span>
     <span class='ocr_line' id='line_1_33' title="bbox 289 3028 2062 3094; baseline -0.004 -12"><span class='ocrx_word' id='word_1_294' title='bbox 289 3034 348 3082; x_wconf 92' lang='lat' dir='ltr'>ad</span> <span class='ocrx_word' id='word_1_295' title='bbox 376 3033 725 3081; x_wconf 88' lang='lat' dir='ltr'>extrahendum</span> <span class='ocrx_word' id='word_1_296' title='bbox 757 3048 839 3080; x_wconf 92' lang='lat' dir='ltr'>eos</span> <span class='ocrx_word' id='word_1_297' title='bbox 866 3032 924 3079; x_wconf 91' lang='lat' dir='ltr'>de</span> <span class='ocrx_word' id='word_1_298' title='bbox 953 3047 1092 3094; x_wconf 91' lang='lat' dir='ltr'>aqua.</span> <span class='ocrx_word' id='word_1_299' title='bbox 1129 3031 1266 3079; x_wconf 90' lang='lat' dir='ltr'>Dicta</span> <span class='ocrx_word' id='word_1_300' title='bbox 1292 3030 1455 3089; x_wconf 88' lang='lat' dir='ltr'>missa,</span> <span class='ocrx_word' id='word_1_301' title='bbox 1490 3045 1576 3093; x_wconf 90' lang='lat' dir='ltr'>per</span> <span class='ocrx_word' id='word_1_302' title='bbox 1606 3028 1955 3077; x_wconf 88' lang='lat' dir='ltr'>Bernardinum</span> <span class='ocrx_word' id='word_1_303' title='bbox 1983 3044 2062 3076; x_wconf 90' lang='lat' dir='ltr'>so—</span> 
     </span>
     <span class='ocr_line' id='line_1_34' title="bbox 290 3113 2059 3179; baseline -0.003 -14"><span class='ocrx_word' id='word_1_304' title='bbox 290 3118 417 3165; x_wconf 90' lang='lat' dir='ltr'>cium</span> <span class='ocrx_word' id='word_1_305' title='bbox 453 3132 616 3164; x_wconf 89' lang='lat' dir='ltr'>meum</span> <span class='ocrx_word' id='word_1_306' title='bbox 654 3117 703 3163; x_wconf 91' lang='lat' dir='ltr'>in</span> <span class='ocrx_word' id='word_1_307' title='bbox 737 3116 920 3179; x_wconf 88' lang='lat' dir='ltr'>capella</span> <span class='ocrx_word' id='word_1_308' title='bbox 950 3114 1160 3178; x_wconf 73' lang='lat' dir='ltr'>portat&#39;ili</span> <span class='ocrx_word' id='word_1_309' title='bbox 1195 3114 1243 3161; x_wconf 92' lang='lat' dir='ltr'>in</span> <span class='ocrx_word' id='word_1_310' title='bbox 1278 3114 1406 3162; x_wconf 90' lang='lat' dir='ltr'>dicta</span> <span class='ocrx_word' id='word_1_311' title='bbox 1439 3114 1544 3162; x_wconf 86' lang='lat' dir='ltr'>aula</span> <span class='ocrx_word' id='word_1_312' title='bbox 1577 3113 1750 3177; x_wconf 88' lang='lat' dir='ltr'>posita.</span> <span class='ocrx_word' id='word_1_313' title='bbox 1787 3113 1870 3160; x_wconf 89' lang='lat' dir='ltr'>SS.</span> <span class='ocrx_word' id='word_1_314' title='bbox 1911 3114 1966 3159; x_wconf 92' lang='lat' dir='ltr'>D.</span> <span class='ocrx_word' id='word_1_315' title='bbox 2004 3114 2059 3160; x_wconf 84' lang='lat' dir='ltr'>N.</span> 
     </span>
     <span class='ocr_line' id='line_1_35' title="bbox 289 3194 2061 3264; baseline -0.003 -16"><span class='ocrx_word' id='word_1_316' title='bbox 289 3205 483 3264; x_wconf 89' lang='lat' dir='ltr'>paratus</span> <span class='ocrx_word' id='word_1_317' title='bbox 520 3201 697 3248; x_wconf 90' lang='lat' dir='ltr'>amictu</span> <span class='ocrx_word' id='word_1_318' title='bbox 730 3199 855 3259; x_wconf 88' lang='lat' dir='ltr'>albo,</span> <span class='ocrx_word' id='word_1_319' title='bbox 894 3198 1101 3261; x_wconf 87' lang='lat' dir='ltr'>cingulo,</span> <span class='ocrx_word' id='word_1_320' title='bbox 1142 3198 1264 3246; x_wconf 90' lang='lat' dir='ltr'>stola</span> <span class='ocrx_word' id='word_1_321' title='bbox 1299 3202 1345 3246; x_wconf 93' lang='lat' dir='ltr'>et</span> <span class='ocrx_word' id='word_1_322' title='bbox 1379 3197 1519 3244; x_wconf 86' lang='lat' dir='ltr'>mitra</span> <span class='ocrx_word' id='word_1_323' title='bbox 1555 3196 1776 3260; x_wconf 89' lang='lat' dir='ltr'>simplici,</span> <span class='ocrx_word' id='word_1_324' title='bbox 1814 3194 2061 3243; x_wconf 86' lang='lat' dir='ltr'>benedixit</span> 
     </span>
     <span class='ocr_line' id='line_1_36' title="bbox 290 3280 2063 3348; baseline -0.004 -17"><span class='ocrx_word' id='word_1_325' title='bbox 290 3300 460 3346; x_wconf 86' lang='lat' dir='ltr'>aquam</span> <span class='ocrx_word' id='word_1_326' title='bbox 490 3284 756 3348; x_wconf 87' lang='lat' dir='ltr'>predictam</span> <span class='ocrx_word' id='word_1_327' title='bbox 787 3298 898 3330; x_wconf 91' lang='lat' dir='ltr'>cum</span> <span class='ocrx_word' id='word_1_328' title='bbox 930 3281 1045 3339; x_wconf 87' lang='lat' dir='ltr'>sale,</span> <span class='ocrx_word' id='word_1_329' title='bbox 1079 3286 1220 3345; x_wconf 89' lang='lat' dir='ltr'>prout</span> <span class='ocrx_word' id='word_1_330' title='bbox 1250 3281 1418 3329; x_wconf 90' lang='lat' dir='ltr'>diebus</span> <span class='ocrx_word' id='word_1_331' title='bbox 1449 3280 1703 3328; x_wconf 90' lang='lat' dir='ltr'>dominicis</span> <span class='ocrx_word' id='word_1_332' title='bbox 1733 3294 1820 3343; x_wconf 91' lang='lat' dir='ltr'>per</span> <span class='ocrx_word' id='word_1_333' title='bbox 1849 3282 2063 3326; x_wconf 83' lang='lat' dir='ltr'>rectores</span> 
     </span>
    </p>
   </div>
   <div class='ocr_carea' id='block_1_3' title="bbox 338 3466 978 3515">
    <p class='ocr_par' dir='ltr' id='par_1_5' title="bbox 338 3466 978 3515">
     <span class='ocr_line' id='line_1_37' title="bbox 338 3466 978 3515; baseline -0.002 -12"><span class='ocrx_word' id='word_1_334' title='bbox 338 3469 369 3505; x_wconf 89' lang='lat'>1.</span> <span class='ocrx_word' id='word_1_335' title='bbox 400 3467 490 3515; x_wconf 70' lang='lat' dir='ltr'>Yoy.</span> <span class='ocrx_word' id='word_1_336' title='bbox 515 3468 666 3509; x_wconf 83' lang='lat' dir='ltr'>Sanuto,</span> <span class='ocrx_word' id='word_1_337' title='bbox 690 3471 714 3502; x_wconf 91' lang='lat' dir='ltr'>t.</span> <span class='ocrx_word' id='word_1_338' title='bbox 741 3467 784 3512; x_wconf 86' lang='lat' dir='ltr'>II,</span> <span class='ocrx_word' id='word_1_339' title='bbox 808 3466 874 3503; x_wconf 90' lang='lat' dir='ltr'>col.</span> <span class='ocrx_word' id='word_1_340' title='bbox 897 3466 978 3502; x_wconf 82' lang='lat'>581.</span> 
     </span>
    </p>
   </div>
  </div>
 </body>
</html>
