2202 3926
139 337 251 376 [Mars
272 338 367 377 1494]
592 334 762 371 RERUM
794 333 1098 392 URBANARUM
1131 334 1484 371 COMMENTARII.
1891 337 1938 373 95

210 438 349 486 Feria
381 443 568 502 quarta,
605 441 660 485 12
694 436 809 486 dicti
847 437 1029 486 mensis
1061 437 1241 496 martii,
1271 437 1395 485 festo
1443 453 1482 484 s,
1519 437 1742 500 Gregorii
1784 454 1927 501 pape,

140 524 225 571 SS.
258 525 315 570 D.
353 524 408 570 N.
446 525 642 586 paratus
679 521 876 582 amictu,
909 521 1035 580 alba,
1065 521 1279 585 cingulo,
1317 520 1617 585 cappuccino
1649 520 1778 580 albo,
1808 521 1932 569 stola

143 606 252 655 alba
271 606 484 671 pretiosa
510 612 558 655 et
583 605 739 654 bireto
765 604 894 664 albo,
927 603 1305 669 precedentibus
1336 619 1482 652 cruce
1510 606 1557 651 et
1589 602 1931 663 cardinalibus,

145 689 376 752 equitavit
396 689 446 737 in
468 705 591 752 equo
613 688 721 738 albo
749 689 838 736 sub
865 687 1051 752 capello
1079 703 1214 736 more
1243 686 1382 735 solito
1411 702 1498 750 per
1524 701 1750 750 campum
1771 686 1930 745 Flore,

142 772 353 837 plateam
385 772 652 822 Judeorum
676 773 814 837 juxta
839 772 1078 836 hospitale
1106 772 1165 820 de
1202 770 1542 820 Consolatione
1579 770 1640 819 ad
1673 771 1930 820 ecclesiam

144 858 298 906 sancti
344 857 587 923 Gregorii,
636 857 836 906 missam
880 857 1109 906 lecturus.
1154 856 1312 904 Finita
1361 855 1669 905 confessione
1717 872 1829 905 cum
1874 858 1932 903 D.

136 942 329 1002 abbate,
361 944 490 1006 Papa
519 942 599 990 ivit
629 941 691 990 ad
722 941 1045 989 faldistorium
1077 940 1127 988 in
1158 939 1335 1003 angulo
1376 939 1571 988 tribune
1611 943 1747 988 extra
1780 956 1933 988 cornu

142 1025 377 1091 evangelii
410 1026 500 1074 sibi
535 1028 775 1090 paratum,
808 1025 890 1074 ubi
923 1024 1056 1073 ssexit
1088 1039 1176 1087 per
1207 1027 1361 1071 totam
1401 1023 1602 1071 missam
1637 1024 1785 1072 etiam
1819 1040 1932 1072 cum

144 1110 448 1175 evangelium
482 1110 725 1159 diceretur
750 1127 759 1157 :
786 1109 1016 1158 Senensis
1047 1112 1095 1158 et
1129 1107 1188 1156 de
1221 1107 1444 1167 SabelliS,
1472 1110 1602 1172 Pape
1632 1108 1933 1167 assistenteS,

146 1195 339 1244 fuerunt
357 1199 489 1243 retro
515 1197 695 1259 Papam
716 1195 767 1242 in
788 1194 917 1243 dicto
938 1194 1048 1243 loco
1077 1192 1339 1257 genuflexi,
1366 1192 1710 1256 Neapolitanus
1733 1198 1781 1241 et
1805 1193 1937 1241 Ulix-

148 1279 395 1341 bonensis,
412 1278 628 1344 episcopi
645 1277 932 1336 cardinales,
947 1276 1143 1326 fuerunt
1157 1275 1402 1340 genuflexi
1417 1274 1476 1322 ab
1492 1275 1586 1324 alia
1598 1281 1735 1340 parte
1748 1275 1937 1324 tribune

146 1363 197 1410 in
217 1379 368 1412 cornu
398 1363 630 1428 epistole;
661 1362 723 1411 ad
749 1366 886 1410 extra
914 1377 1046 1421 vero,
1070 1360 1294 1409 videlicet
1320 1364 1430 1409 ante
1458 1361 1635 1425 gradus
1664 1361 1856 1410 tribune
1877 1361 1938 1409 ad

144 1446 394 1496 dexteram
414 1446 637 1495 intrantis
658 1451 707 1495 et
727 1446 788 1495 ad
810 1446 1055 1494 sinistram
1072 1449 1242 1510 parata
1262 1460 1462 1494 scamna
1487 1461 1599 1494 cum
1620 1445 1936 1494 banchalibus

144 1530 316 1595 tapetis
346 1531 396 1579 in
425 1531 588 1580 medio
613 1531 791 1590 stratis,
815 1530 865 1578 in
892 1529 1066 1594 quibus
1097 1529 1317 1590 banchis,
1351 1529 1573 1578 videlicet
1599 1529 1661 1578 ad
1690 1529 1936 1578 sinistram

142 1613 364 1663 intrantis
391 1615 587 1665 fuerunt
612 1614 764 1664 sancti
794 1614 1074 1675 Clementis,
1105 1614 1378 1671 Januensis,
1407 1614 1702 1675 Parmensis,
1733 1615 1935 1680 presby-

142 1699 251 1747 teri.
278 1703 330 1747 ln
351 1700 445 1749 alia
463 1716 576 1750 vero
599 1700 661 1749 ad
681 1700 929 1748 dexteram
951 1699 1192 1758 intrantiS,
1214 1699 1467 1761 Columna,
1485 1699 1931 1758 vicecancellarius,

142 1784 295 1835 sancti
324 1785 558 1845 Severini,
582 1784 886 1844 ValentinUS,
911 1784 1187 1843 Cesarinus,
1220 1784 1493 1844 Grimanus,
1524 1784 1784 1832 Farnesius
1806 1787 1854 1832 et
1874 1784 1933 1832 de

144 1872 328 1919 Lunate
350 1869 542 1918 diaconi
572 1869 842 1917 cardinales
865 1887 875 1916 :
902 1872 1030 1917 retro
1051 1868 1383 1933 presbyteros,
1409 1868 1506 1916 sive
1533 1868 1595 1916 ad
1614 1868 1740 1916 latus
1763 1883 1932 1916 eorum

144 1958 279 2003 extra
300 1968 515 2012 scamna,
542 1953 738 2001 fuerunt
756 1951 926 2015 prelati
948 1957 1185 2010 oratores,
1207 1955 1254 1999 et
1272 1951 1467 1999 adlatus
1480 1950 1798 1999 diaconorum
1818 1951 1930 1999 laici

142 2042 388 2098 oratores3
428 2037 708 2086 assistentes
753 2038 882 2100 Pape
920 2040 1031 2100 post
1074 2034 1362 2094 cardinales,
1399 2034 1570 2098 prelati
1614 2038 1661 2083 et
1702 2035 1781 2082 alii
1826 2035 1930 2082 sine

141 2121 328 2182 ordine,
348 2122 463 2171 licet
483 2137 683 2170 scamna
702 2119 838 2169 chori
869 2122 1033 2169 essent
1062 2117 1380 2166 banchalibus
1401 2132 1489 2181 pro
1511 2117 1582 2166 eis
1603 2122 1789 2166 ornata.
1815 2117 1931 2166 Mis-

140 2223 243 2255 sam
262 2205 379 2270 legit
402 2208 460 2253 D.
484 2205 634 2254 abbas
659 2204 906 2269 predictus
933 2203 993 2252 de
1024 2207 1192 2251 sancto
1223 2201 1460 2265 Gregorio
1488 2217 1601 2249 cum
1628 2202 1847 2250 oratione
1869 2201 1929 2251 de

138 2291 285 2352 feria3
320 2295 368 2340 ot
390 2305 477 2355 pro
509 2292 639 2354 Papa
666 2289 862 2350 librum,
894 2292 1005 2353 post
1026 2286 1349 2351 evangelium,
1376 2289 1425 2334 et
1442 2301 1616 2350 pacem
1637 2286 1927 2335 ministravit

138 2377 303 2424 Rmus.
326 2378 383 2423 D.
409 2373 664 2423 cardinalis
682 2373 1027 2438 Neapolitanus
1051 2375 1179 2436 Pape
1200 2370 1531 2419 osculandam.
1557 2372 1734 2420 Pacem
1752 2369 1927 2419 deinde

137 2460 247 2509 dedi
286 2475 395 2524 ego,
436 2458 516 2522 qui
552 2457 619 2506 fui
657 2458 760 2507 sine
805 2456 1166 2522 superpellicio,
1202 2455 1294 2520 ipsi
1324 2455 1659 2519 Neapolitano,
1695 2455 1925 2504 Senensis

136 2544 289 2593 sancti
307 2542 568 2592 Clementis
590 2547 639 2592 et
656 2542 886 2607 episcopo
909 2540 1251 2606 Segobricensi
1272 2539 1536 2589 assistenti.

202 2627 359 2676 Finita
380 2627 546 2686 missa,
577 2627 750 2676 avisavi
771 2626 997 2675 abbatem
1019 2626 1099 2690 qui
1122 2641 1219 2673 non
1241 2624 1374 2672 dedit
1402 2623 1812 2684 benedictionem,
1840 2624 1927 2673 sed

133 2712 457 2761 subdiaconus
472 2711 766 2776 apostolicus
785 2708 989 2773 portavit
1011 2723 1227 2766 crucem,
1248 2723 1392 2771 quam
1412 2706 1538 2754 infra
1558 2706 1757 2754 missam
1777 2722 1923 2771 appo-

135 2794 347 2844 diaverat
366 2794 428 2843 ad
452 2795 576 2843 latus
602 2794 653 2842 in
680 2808 831 2842 cornu
859 2789 1090 2855 evangelii
1113 2789 1276 2839 altaris
1298 2794 1434 2838 extra
1461 2789 1705 2838 tribunam
1727 2790 1788 2838 ad
1809 2790 1921 2838 ulti-

132 2893 267 2928 mum
301 2877 523 2942 gradum,
554 2876 634 2924 ubi
667 2875 951 2941 genuflexus
985 2877 1116 2939 Papa
1153 2873 1372 2923 ascendit
1402 2872 1463 2921 ad
1496 2858 1665 2934 altare,
1700 2877 1749 2921 et
1789 2877 1920 2922 stans

132 2960 324 3011 detecto
351 2962 526 3027 capite,
551 2961 613 3010 ad
633 2975 831 3009 crucem
853 2975 990 3008 suam
1013 2963 1061 3008 et
1081 2958 1314 3023 populum
1331 2973 1515 3016 versuS,
1539 2957 1670 3006 dedit
1690 2957 1922 3006 benedic-

133 3044 316 3096 tionem
335 3045 701 3112 populo-dicens
721 3044 771 3093 in
792 3048 936 3094 cantu
956 3043 1036 3092 Sit
1051 3060 1221 3092 nomen
1242 3051 1348 3102 ete„
1373 3042 1494 3091 nihil
1512 3041 1920 3106 respondentibus

125 3232 179 3274 eis
202 3245 266 3286 per
286 3236 431 3276 modum
451 3237 627 3277 orationis
648 3238 850 3289 respondit.
873 3238 918 3277 Et
936 3238 974 3276 hi
994 3244 1158 3277 oratores
1186 3250 1293 3277 suum
1317 3239 1494 3288 Magnum
1514 3238 1734 3287 Magistrum
1755 3238 1915 3289 appella-

128 3297 217 3334 bant
236 3298 601 3345 precellentissimum
625 3300 840 3348 principem,
863 3300 1067 3348 incongrue
1088 3300 1234 3348 quidem
1261 3303 1297 3336 et
1323 3299 1498 3343 indebite,
1522 3311 1605 3335 cum
1631 3299 1721 3335 nihil
1748 3299 1797 3336 sit
1823 3299 1915 3335 alius

127 3369 237 3406 quam
265 3357 462 3405 generalis.
492 3358 533 3395 Si
558 3358 595 3395 in
621 3359 717 3396 Urbe
745 3364 847 3397 esset
884 3365 920 3397 et
944 3360 980 3396 in
1008 3359 1184 3408 capellam
1210 3359 1362 3403 veniret,
1394 3370 1466 3394 non
1493 3358 1603 3395 alium
1625 3359 1741 3395 locum
1767 3359 1920 3396 haberet

130 3430 239 3466 quain
259 3429 341 3454 eum
357 3416 391 3452 in
409 3429 480 3465 quo
501 3422 656 3465 quatuor
675 3419 867 3467 generales
888 3419 1056 3456 ordinum
1074 3419 1358 3456 mendicantium
1380 3421 1501 3454 tenere
1522 3418 1734 3456 videmus...
1754 3433 1773 3452 »

176 3477 218 3515 B.
241 3477 285 3515 N.
308 3489 398 3514 mss.
425 3476 485 3514 lat.
507 3478 616 3523 5165,
638 3482 664 3516 t.
687 3479 752 3521 111,
773 3490 809 3526 p.
831 3480 952 3517 222-3.
976 3481 1123 3516 Paridis
1145 3481 1189 3516 de
1211 3479 1356 3515 Grussc's
1378 3478 1558 3515 diarium.
