2222 3926
143 314 365 356 [A0ut1496]
529 305 531 307 ¹
600 317 768 354 RERUM
805 317 1104 375 URBANARUM
1137 319 1485 357 COMMENTARH.
1854 324 1920 360 321

139 415 213 463 vel
234 415 415 465 similes
436 418 587 480 gratie
605 434 692 482 pro
710 419 926 482 pluribus
944 420 1164 482 personis
1181 421 1305 469 ultra
1315 421 1498 469 dictum
1514 437 1753 484 grossum,
1775 423 1924 472 habe-

139 498 207 547 bit
229 498 350 547 duos
368 500 672 564 bologninos.

204 586 257 630 In
285 583 489 647 registro
523 600 633 632 vero
666 585 928 643 literarum,
963 587 1216 635 carolenos
1248 591 1343 636 tres
1391 595 1495 653 (pro
1531 589 1745 652 qualibet
1775 591 1919 639 litera

137 665 452 729 registranda)
485 666 565 728 qui
593 666 864 716 dividentur
886 669 1022 732 equis
1051 671 1352 733 portionibus
1379 671 1426 719 in
1454 672 1549 720 fine
1580 673 1760 720 mensis
1791 673 1918 722 inter

135 747 391 810 magistros
413 749 651 798 dictorum
674 753 945 802 officiorum
967 757 1014 804 et
1037 754 1371 817 registratores
1394 755 1708 819 registrorum
1737 757 1916 821 suppli—

134 831 380 879 cationum
401 837 449 881 et
468 833 717 883 literarum
738 836 1021 899 respective.

197 915 573 966 Abbreviatores
611 919 857 968 habebunt
904 936 1047 968 unam
1087 925 1246 969 taxam
1277 920 1526 968 literarum
1563 922 1907 984 predictarum,

134 1002 182 1047 et
200 999 437 1059 similiter,
463 1001 722 1065 scriptores
755 1007 803 1051 et
830 1003 1183 1052 abbreviatores
1215 1004 1274 1051 de
1304 1004 1477 1068 maj0ri
1498 1020 1642 1068 parco
1675 1006 1912 1070 recipient

134 1082 324 1130 tertiam
361 1088 549 1146 partem
590 1089 697 1133 taxe
731 1087 1145 1145 abbreviatoru1n;
1178 1087 1254 1134 alii
1296 1088 1355 1135 de
1383 1088 1559 1136 minori
1590 1093 1636 1136 et
1662 1089 1818 1152 prima
1841 1090 1911 1137 vi—

132 1165 286 1227 sione,
322 1167 440 1216 alias
469 1168 587 1216 duas
615 1173 775 1233 partes
805 1170 931 1218 inter
960 1169 1158 1218 eosdem
1190 1170 1248 1218 de
1270 1170 1445 1219 minori
1472 1176 1519 1219 et
1551 1172 1706 1235 prima
1730 1172 1909 1221 visione

132 1251 269 1313 equis
291 1252 595 1315 portionibus
618 1253 912 1302 dividendas.

198 1334 428 1383 Similiter
449 1336 709 1399 scriptores
731 1337 998 1400 percipient
1020 1354 1156 1385 suam
1187 1342 1346 1385 taxam
1377 1338 1644 1400 predictam
1674 1339 1800 1386 inter
1826 1355 1909 1387 eos

131 1417 266 1480 equis
302 1418 602 1481 portionibus
639 1418 966 1479 dividendam;
992 1425 1040 1468 et
1066 1420 1146 1483 qui
1179 1435 1276 1468 non
1309 1420 1492 1479 scribit,
1526 1421 1655 1469 dabit
1688 1422 1909 1484 quintam

130 1504 318 1563 partem
340 1504 446 1549 taxe
465 1501 604 1549 alteri
622 1501 844 1565 scriptori
865 1518 952 1565 pro
975 1517 1033 1562 eo
1056 1502 1304 1551 scribenti.

195 1586 251 1632 D.
271 1589 435 1634 autem
458 1585 873 1634 rescribendarius
893 1585 1091 1634 habebit
1113 1585 1292 1649 aliquid
1312 1586 1418 1649 plus
1443 1586 1566 1634 ultra
1587 1603 1733 1635 unam
1752 1592 1912 1637 taxam

131 1667 192 1716 ad
211 1668 363 1716 instar
383 1669 745 1717 consuetudinis
768 1669 1055 1717 cancellarie
1077 1669 1360 1733 apostolice.
1773 1656 1778 1662 ⁵

194 1755 315 1800 Item
336 1756 447 1800 taxa
469 1751 656 1814 registri
679 1751 914 1799 dividetur
933 1752 980 1799 in
1003 1751 1121 1799 duas
1144 1755 1324 1814 partes,
1343 1753 1483 1816 cujus
1506 1754 1667 1802 media
1687 1771 1798 1818 pars
1822 1756 1912 1804 erit

127 1851 214 1898 pro
236 1841 441 1898 quatuor
460 1835 857 1883 rescribendariis
889 1835 1136 1883 videlicet:
1174 1838 1275 1883 DD.
1301 1836 1645 1900 Fulginatensi,
1678 1838 1894 1886 Assisina

135 1919 257 1967 tensi
285 1918 542 1982 episcopis,
568 1919 752 1966 datario
775 1923 821 1966 et
841 1919 1047 1966 auditori
1070 1918 1128 1966 de
1147 1919 1351 1967 Grassis.

190 2002 296 2050 Alia
321 2018 434 2051 vero
468 2002 628 2050 media
662 2018 771 2065 pars
811 2002 902 2050 erit
943 2018 1029 2065 pro
1061 2002 1322 2049 duodecim
1353 2002 1560 2065 antiquis
1593 2002 1909 2052 familiaribus

126 2085 296 2149 prefati
329 2085 454 2133 Rmi.
486 2088 543 2133 D.
576 2085 828 2133 cardinalis
859 2086 1024 2148 legati,
1057 2085 1135 2149 qui
1170 2102 1267 2134 non
1299 2091 1560 2149 potuerunt
1590 2088 1828 2136 nominari
1859 2088 1906 2135 iu

125 2169 355 2232 predictis
377 2169 569 2217 officiis.

190 2256 318 2301 Taxa
345 2258 507 2301 autem
536 2253 678 2316 sigilli
714 2253 983 2300 remanebit
1018 2253 1142 2316 apud
1172 2253 1439 2317 predictum
1471 2257 1528 2301 D.
1554 2253 1906 2302 thesaurarium

128 2339 391 2385 Pacensem
413 2336 746 2385 distribuenda
772 2342 912 2400 prout
941 2336 1029 2384 sibi
1058 2337 1302 2385 mandabit
1326 2337 1540 2401 prefatus
1568 2340 1625 2385 D.
1651 2336 1906 2384 cardinalis

122 2420 312 2484 legatus
333 2435 420 2484 pro
443 2420 784 2485 eleemosynis

188 2505 280 2550 Pro
317 2519 429 2550 cera
457 2508 618 2552 autem
649 2505 790 2568 sigilli
821 2505 1009 2553 dabitur
1038 2507 1295 2554 carolenus
1331 2523 1449 2553 unus
1486 2506 1717 2553 duntaxat
1744 2505 1902 2552 distri-

124 2586 343 2635 buendus
363 2586 490 2635 inter
511 2587 802 2635 camerarios
825 2588 1044 2651 ejusdem
1070 2589 1193 2636 Rmi.
1217 2591 1273 2636 D.
1298 2589 1462 2652 legati.

185 2670 312 2719 Ordo
344 2671 607 2720 servandus
633 2671 826 2734 quando
858 2672 1196 2719 serenissimus
1225 2688 1309 2720 rex
1338 2675 1668 2719 Romanorum
1703 2670 1826 2719 venit
1854 2670 1898 2717 in

121 2755 304 2803 Italiam
327 2771 378 2803 se
401 2759 717 2803 coronaturus
738 2755 786 2802 in
807 2755 1078 2803 Mediolano
1101 2771 1281 2803 corona
1302 2755 1436 2818 regni
1458 2754 1610 2803 Italic.
1654 2813 1659 2817 ῃ

188 2839 435 2888 Predictus
457 2854 542 2887 rex
564 2838 658 2886 sive
680 2837 943 2901 imperator
965 2854 1015 2885 se
1047 2839 1297 2886 transferat
1320 2837 1644 2886 Mediolanum
1666 2838 1727 2885 ad
1747 2838 1901 2886 eccle-

123 2923 242 2971 siam
257 2922 653 2981 beatiAmbrosii,
669 2926 803 2970 extra
817 2922 993 2970 dictam
1011 2922 1287 2981 ecclesiam,
1308 2922 1353 2969 in
1369 2922 1476 2970 loco
1493 2922 1570 2970 ubi
1587 2926 1660 2970 est
1675 2922 1902 2969 columna

122 3021 396 3054 marmorea
422 3009 600 3064 erecta,
629 3009 676 3054 et
702 3005 766 3053 ibi
798 3005 943 3053 debet
971 3020 1076 3052 esse
1110 3005 1233 3053 liber
1260 3005 1485 3065 missalis,
1517 3005 1598 3067 qui
1623 3005 1765 3053 debet
1793 3020 1898 3051 esse

123 3089 171 3136 in
196 3088 417 3136 manibus
439 3089 580 3136 unius
608 3104 667 3137 ex
694 3087 952 3137 comitibus
977 3087 1036 3135 de
1064 3088 1273 3151 Inglesio
1301 3092 1348 3136 et
1377 3087 1744 3150 antiquioribus,
1771 3092 1818 3134 et
1837 3086 1898 3133 ibi

123 3172 274 3220 dictus
296 3187 459 3220 comes
487 3173 688 3235 recipiat
718 3174 1077 3219 sacramentum
1105 3187 1250 3234 super
1271 3171 1518 3233 evangelio
1540 3170 1599 3217 ab
1622 3170 1724 3233 ipso
1747 3170 1900 3232 impe-

123 3259 282 3304 ratore
310 3255 504 3318 jurante
536 3255 597 3302 ad
629 3262 796 3304 sancta
828 3257 915 3305 Dei
947 3256 1196 3319 evangelia
1228 3260 1275 3303 et
1311 3256 1357 3302 in
1389 3253 1708 3318 prejudicium
1741 3252 1899 3299 anime

123 3356 226 3399 sue,
250 3337 379 3402 quod
399 3337 490 3387 erit
516 3337 714 3386 devotus
736 3343 781 3388 et
810 3339 966 3387 fidelis
992 3339 1299 3396 christianus,
1326 3343 1372 3384 et
1401 3352 1484 3399 pro
1508 3352 1650 3400 posse
1679 3351 1764 3383 suo
1789 3350 1901 3382 con-

125 3424 331 3473 servabit
363 3426 411 3471 et
442 3421 772 3486 augmentabit
806 3422 953 3472 fidem
986 3422 1271 3492 catholicam
1303 3424 1350 3467 et
1384 3425 1602 3470 sanctam
1635 3417 1899 3466 Ecclesiam

316 3530 347 3555 T.
378 3531 413 3555 n.
1643 3515 1685 3549 '21
