2202 3900
255 312 324 347 382
856 309 1089 348 JOHANNIS
1123 309 1417 354 BURCHARDI,
1831 313 1913 354 [Mai
1935 314 2029 354 1497]

325 412 489 460 Daniel
510 412 568 461 de
592 429 631 460 s.
657 412 956 471 Sebastiano,

321 499 376 544 D.
404 495 629 544 Camillus
652 495 709 543 de
733 495 1016 551 Comitibus,

319 579 599 627 Franciscus
617 579 676 625 de
695 577 1003 641 Castiglione,

318 661 600 708 Franciseus
624 659 898 723 Bregensis,
924 659 1117 716 absens,

320 732 601 791 Franciscus
633 743 691 790 de
714 740 951 799 Cardado,

318 825 602 874 Franciseus
630 824 819 889 Borgia,

319 908 508 956 Gabriel
532 907 819 967 Gabi-aleon,

317 993 372 1039 N.
400 991 457 1039 de
478 990 873 1048 Viceeomitibus,

318 1074 561 1123 Johannes
585 1073 895 1132 Lambardus,

319 1158 563 1206 Johannes
585 1157 719 1210 Nilis,
746 1156 938 1213 absens,

317 1240 562 1289 Johannes
585 1241 790 1299 Librius,

318 1323 564 1372 Johannes
588 1325 822 1381 Cardena,
847 1322 1088 1381 infirmus,

321 1407 565 1456 Johannes
587 1408 645 1455 de
670 1407 917 1466 Gardellis,

319 1489 563 1538 johannes
586 1491 799 1554 Baptista
818 1490 1161 1547 Almordanus,

323 1573 642 1638 Hieronymus
665 1573 722 1621 (16
745 1573 1042 1631 Gottifredis,

319 1657 565 1705 Johannes
587 1656 894 1714 Ferdinandi,

319 1740 564 1788 ,lohannes
591 1740 802 1803 Baptisla
833 1739 891 1787 de
921 1741 1170 1799 Ferrariis,
1195 1741 1449 1805 episeopus
1470 1740 1773 1800 Mutinensis,
1800 1741 2025 1799 datarius,

323 1823 481 1870 Lelius
504 1824 562 1871 de
584 1826 805 1882 Teramo,

328 1907 607 1954 Laurentius
625 1907 786 1970 Algas,

324 1989 589 2038 Leordinus
611 1990 668 2037 de
694 1990 917 2049 Bertinis,

322 2073 603 2120 Dominicus
625 2073 683 2120 de
708 2073 1064 2131 Condulmeri0,
1090 2074 1282 2131 absens,

325 2155 646 2204 Bernardinus
669 2156 923 2217 Radamer,
950 2158 1142 2217 absens,

324 2238 608 2286 Franciseus
631 2238 690 2286 de
711 2239 947 2300 Valentia,

323 2322 606 2369 Franciseus
629 2322 956 2383 Cardonellus,

324 2405 499 2453 Paulus
518 2405 577 2453 de
600 2407 665 2452 Tu
675 2404 810 2463 roho,

321 2491 489 2536 Petrus
514 2489 571 2537 de
593 2488 753 2545 Silvia,

323 2575 490 2621 Petrus
512 2572 707 2636 Bor-gia,

321 2658 488 2704 Petrus
510 2655 736 2714 Valledit,

320 2740 488 2787 Petrus
511 2738 686 2786 Paulus
703 2738 764 2797 ,de
783 2737 994 2794 Millinis,

320 2821 534 2884 Raphael
556 2820 614 2868 de
632 2820 867 2878 Vulteris,

317 2903 582 2951 Rodericus
602 2903 835 2961 Cabredo,

324 2985 584 3034 Rodericus
607 2986 816 3043 Erieara,

321 3071 492 3118 Satur-n
503 3085 556 3116 us
578 3071 786 3126 Gerena,

322 3152 480 3200 Sixtus
504 3151 562 3199 de
583 3151 793 3209 Millinis,

319 3238 507 3283 Marcus
528 3235 587 3283 de
608 3234 846 3293 Tebaldis,

319 3318 495 3366 Marius
516 3318 574 3366 de
593 3317 852 3381 Magistris,

319 3399 564 3449 Johannes
587 3400 644 3448 de
667 3400 934 3459 CarmelliS,
