2202 3926
155 329 352 369 [Mai1494'3
595 327 762 364 RERUM
798 327 1099 364 URBANARL'M
1131 326 1481 363 COMMENTARH.
1867 328 1931 363 145

221 429 358 478 Dicto
380 446 467 494 per
486 431 698 494 legatum
718 429 761 477 A
768 446 894 494 ymas
914 429 1024 488 Dei,
1057 444 1147 492 ego
1175 445 1284 476 cum
1309 429 1625 476 instrumento
1647 428 1777 491 pacis
1804 429 1929 490 quod

152 528 264 560 cum
284 513 541 576 panniculo
562 513 743 562 mundo
765 511 964 577 extergo
987 517 1034 561 et
1055 511 1366 576 panniculum
1388 511 1546 574 ipsum
1567 511 1825 559 deosculor
1845 528 1930 574 pro

150 596 319 659 proba,
349 600 397 645 et
418 597 695 661 capellanus
715 597 794 646 ille
824 612 936 645 cum
957 595 1169 660 pluviali,
1194 595 1275 658 qui
1298 594 1356 642 de
1387 593 1558 642 baculo
1581 594 1807 658 pastorali
1830 610 1931 641 ser-

152 678 259 727 vivit
285 679 334 727 in
363 679 528 739 missa,
562 696 674 729 cum
699 681 793 729 alio
823 680 1141 728 instrumento
1173 678 1306 742 pacis
1335 678 1703 742 genuflectimus
1730 677 1791 725 ad
1817 677 1933 725 dex-

154 765 304 810 teram
325 762 500 827 legati;
531 764 628 827 qui,
660 763 797 812 finita
821 763 1055 820 oratione,
1083 762 1287 809 Domine
1313 760 1429 808 Jesu
1455 761 1637 809 Christe
1665 761 1747 824 qai
1772 761 1935 808 clioee'sti

150 847 367 909 apostolis
398 847 488 894 tuis
516 855 621 906 ele„
653 847 869 895 osculato
900 839 1055 904 altari,
1091 845 1335 893 osculatur
1367 844 1522 908 primo
1553 861 1712 892 meam
1742 859 1930 908 pacem,

148 928 323 976 deinde
352 928 512 988 aliam,
543 928 742 992 singulis
770 928 935 976 dicens
954 944 1059 990 pax
1079 927 1221 985 vobi-5,
1250 930 1298 974 et
1326 943 1412 974 nos
1444 928 1552 986 sibi,
1577 935 1746 974 etcum
1767 928 1934 990 spirim

150 1019 254 1070 tum·
282 1016 384 1060 tum
412 1027 503 1075 ego
525 1011 585 1059 do
608 1011 986 1058 instrumentum
1008 1025 1172 1057 meum
1201 1009 1569 1073 archiepiscopo
1597 1010 1930 1073 Neapolitano,

149 1094 228 1157 qui
260 1109 371 1143 eum
399 1093 554 1142 defert
582 1094 683 1158 regi
711 1093 987 1158 genuflexo,
1020 1092 1186 1140 dicens
1217 1092 1306 1140 sibi
1326 1109 1431 1155 pax
1458 1101 1625 1152 tecam,
1657 1098 1704 1142 et
1732 1093 1809 1141 ille
1832 1110 1934 1140 res-

147 1177 385 1241 pondens,
409 1185 455 1225 et
476 1194 583 1226 eccm
609 1178 780 1241 spiritu
808 1186 906 1236 tuo,
937 1181 1048 1225 ante
1071 1181 1117 1225 et
1146 1179 1272 1239 post,
1305 1177 1625 1225 reverentiam
1653 1182 1935 1224 consuetam

149 1260 248 1326 regi
276 1261 482 1320 faciens;
517 1266 564 1311 et
592 1262 812 1310 restituto
843 1260 962 1309 mihi
992 1260 1315 1308 instrumento
1345 1260 1468 1308 redit
1495 1261 1556 1308 ad
1585 1261 1746 1308 locum
1775 1276 1933 1318 suum,

149 1349 195 1393 et
223 1361 314 1409 ego
341 1345 716 1394 instrumentum
745 1361 882 1393 suum
912 1359 1056 1407 super
1069 1333 1231 1391 *altare
1265 1359 1463 1407 repono.
1495 1346 1535 1391 A
1562 1360 1675 1407 rege
1696 1343 1938 1407 accipiunt

148 1444 320 1491 pacem
346 1445 515 1478 omnes
541 1429 659 1492 regii
687 1444 774 1483 ‚sno
797 1427 988 1486 ordine;
1020 1443 1213 1476 reverso
1242 1427 1303 1475 ad
1321 1427 1480 1475 locum
1508 1443 1647 1475 suum
1669 1426 1937 1489 archiepis-

150 1526 272 1575 copo
295 1512 629 1576 Neapolitano,
659 1512 779 1560 alius
807 1511 1103 1575 capellanus,
1134 1527 1246 1559 cum
1272 1511 1366 1560 alia
1392 1527 1511 1575 pace
1543 1511 1623 1559 dat
1650 1527 1822 1575 pacem
1843 1511 1937 1557 hoc

150 1594 318 1644 ordine
353 1595 512 1645 eidem
546 1595 930 1660 archiepiscopo,
968 1599 1016 1643 et
1049 1595 1127 1644 ille
1161 1595 1304 1643 aliam
1337 1595 1524 1659 prelato
1552 1598 1658 1659 post
1687 1611 1799 1642 eum
1827 1605 1937 1641 cum

151 1694 254 1738 ore,
279 1682 327 1727 et
348 1675 471 1730 alter
490 1678 627 1727 alteri
650 1695 801 1743 usque
822 1680 882 1727 ad
904 1680 1051 1729 finem
1073 1680 1198 1729 illius
1221 1680 1429 1739 scamni3

215 1762 490 1811 Patriarche
511 1762 834 1822 Antiocheno,
860 1767 908 1812 et
928 1764 1007 1813 ille
1034 1764 1173 1812 alteri
1202 1768 1252 1813 ut
1278 1780 1424 1828 supra
1444 1762 1641 1812 cuilibet
1669 1762 1854 1827 prelato
1887 1763 1934 1809 in

148 1845 305 1910 capite
331 1845 473 1894 unius
495 1846 698 1905 scamni,
727 1850 774 1895 et
794 1847 874 1896 ille
897 1848 1018 1907 aliis,
1046 1851 1094 1896 ut
1117 1864 1280 1911 supra,
1309 1847 1508 1911 singulis
1531 1847 1798 1903 ordinibus,
1825 1861 1934 1909 eg0‚

150 1928 398 1992 capellano
432 1929 622 1993 majori,
660 1934 707 1977 et
743 1929 822 1979 ille
858 1931 994 1979 alteri
1030 1934 1080 1978 ut
1116 1947 1283 1994 supra3
1320 1931 1521 1994 singulis
1555 1929 1818 1978 baronibus
1852 1944 1938 1992 per

149 2012 306 2076 capita
325 2028 633 2062 scamnorum
657 2017 707 2062 ut
735 2030 901 2078 supra3
926 2013 1081 2062 electo
1102 2013 1394 2071 Maranensi,
1427 2017 1472 2061 et
1493 2013 1572 2061 ille
1600 2012 1934 2076 protonotario

150 2094 276 2144 della
300 2097 440 2160 Sega,
475 2101 523 2145 et
542 2097 622 2146 ille
653 2097 808 2155 alteri,
834 2097 1130 2146 subdiacono
1165 2096 1429 2160 apostolico
1455 2102 1503 2144 et
1530 2095 1610 2144 ille
1634 2095 1791 2159 primo
1820 2109 1933 2142 aco-

148 2178 266 2244 lyto,
291 2184 339 2228 et
359 2179 437 2228 ille
459 2180 615 2239 alteri,
641 2185 693 2228 ut
713 2196 882 2244 supra;

216 2261 474 2326 Capellano
507 2262 766 2321 assistenti,
803 2268 851 2312 et
882 2263 962 2311 ille
997 2264 1219 2323 diacono,
1262 2266 1310 2311 et
1345 2261 1576 2310 diaconus
1615 2261 1930 2319 subdiacono,

150 2344 400 2410 capellano
421 2346 480 2394 de
503 2346 646 2395 mitra
666 2345 893 2394 servienti
915 2351 963 2396 et
983 2347 1063 2396 ille
1085 2348 1189 2395 aliis
1207 2365 1217 2405 3

214 2427 373 2476 Primo
395 2429 620 2477 scutilero
643 2433 690 2477 et
710 2428 955 2488 illealteri;

219 2513 379 2562 Primo
401 2513 723 2562 credentiario
745 2516 793 2561 et
814 2513 894 2562 ille
916 2513 1055 2562 alteri
1076 2517 1127 2562 ut
1147 2529 1314 2578 supra3

215 2597 333 2646 Mihi
355 2602 403 2647 et
425 2613 515 2662 ego
538 2597 645 2658 sibi,
675 2602 724 2645 et
748 2597 1125 2645 instrumentum
1146 2597 1306 2660 ipsum
1328 2610 1483 2659 super
1495 2594 1644 2642 altare
1669 2609 1867 2658 repono.

220 2682 479 2744 Postquam
505 2680 694 2745 legatus
723 2695 775 2728 se
802 2679 1230 2728 communicaverit
1257 2679 1345 2727 sub
1375 2682 1576 2741 utraque
1601 2677 1782 2740 specie,
1806 2681 1939 2725 ante-

151 2780 296 2828 quam
331 2779 382 2812 se
412 2763 756 2828 purificaverit,
797 2763 973 2828 digitos
1006 2763 1183 2824 abluat,
1221 2766 1445 2827 expectet
1482 2777 1650 2825 regem
1672 2760 1941 2809 communi-

152 2846 294 2896 candi
326 2863 487 2895 causa.
529 2850 634 2896 Duo
670 2847 842 2911 prelati
879 2847 1160 2896 assistentes
1198 2850 1461 2896 occurrunt
1499 2844 1744 2908 regisine
1784 2842 1938 2890 mitris

151 2947 301 2995 usque
323 2930 383 2980 ad
403 2930 578 2996 gradus
600 2931 817 2990 thalami,
842 2935 890 2980 et
911 2931 1068 2995 ipsum
1090 2930 1353 2988 deducunt,
1379 2933 1429 2977 ut
1449 2928 1584 2976 alias.

220 3016 321 3063 Rex
343 3015 592 3064 descendit
612 3015 804 3064 detecto
827 3015 1001 3078 capite,
1027 3015 1430 3084 absque'sceptro
1453 3016 1500 3060 et
1526 3027 1695 3076 pomo3
1728 3026 1938 3073 sequun-

157 3102 232 3146 tur
251 3100 372 3163 regii
393 3115 564 3149 omnes
587 3098 733 3148 etiam
763 3099 829 3147 illi
858 3114 968 3147 cum
997 3114 1194 3158 corona,
1220 3102 1412 3162 sceptro
1441 3102 1486 3145 et
1516 3112 1680 3161 pomo,
1707 3099 1753 3143 et
1781 3093 1941 3157 capel-

156 3181 252 3229 lani
274 3183 500 3246 majores,
527 3187 574 3231 et
596 3183 690 3231 duo
717 3183 814 3231 alii.
847 3186 948 3231 Rex
974 3182 1258 3247 genuflectit
1285 3183 1334 3229 in
1355 3195 1583 3245 supremo
1606 3179 1755 3243 gradu
1778 3177 1940 3225 altaris

160 3265 207 3312 in
250 3280 403 3313 cornu
442 3266 644 3329 epistole
686 3267 790 3316 sine
829 3267 1024 3315 cussino
1064 3270 1112 3314 et
1150 3264 1544 3314 communionem
1581 3264 1856 3309 reverenter
1895 3262 1940 3305 et

160 3347 328 3397 devote
356 3364 385 3396 a
409 3348 568 3412 legato
599 3351 785 3414 recipit,
815 3351 895 3414 qui
925 3351 1136 3399 hostiam
1168 3351 1216 3398 in
1247 3350 1444 3397 dextera
1474 3347 1732 3410 recipiens,
1764 3348 1939 3407 patena

161 3446 271 3479 cum
306 3431 497 3479 sinistra
528 3431 791 3494 supposita,
827 3432 957 3480 illam
985 3432 1087 3495 regi
1119 3432 1275 3491 tradit,
1306 3431 1470 3479 dicens
1506 3447 1514 3476 2
1550 3430 1730 3492 Corpus
1765 3424 1940 3473 domini

351 3539 383 3563 T.
414 3538 450 3562 11.
1711 3522 1754 3555 10
