2222 3926
298 357 368 392 202
903 355 1136 393 JOHANNIS
1170 354 1463 392 BURCHARDI.
1747 355 1959 396 [Decembre
1980 358 2076 397 1494]

298 474 408 507 cum
429 458 640 522 quinque
662 458 766 506 aliis
796 458 1161 518 calceatoribus,
1186 458 1419 505 Jacobum
1441 457 1499 504 de
1523 455 1727 503 Scullier
1757 460 1803 504 et
1826 457 2070 506 Nicolaum

299 545 481 591 Lucum
503 545 842 600 mercatorem,
869 541 1153 604 magistrum
1181 540 1441 597 Andream,
1466 539 1874 599 barbitonsorem,
1900 540 2074 603 magis-

298 630 424 674 trum
437 629 460 672 J
466 612 710 672 ohannem
727 623 956 680 Ubelach,
973 623 1257 685 chirurgum
1278 626 1326 669 et
1341 622 1624 685 magistrum
1636 622 1960 671 Christianum
1978 638 2075 671 sar-

299 713 472 765 torem,
497 707 667 769 quibus
690 707 951 753 commissa
969 705 1108 752 nobis
1130 720 1220 767 per
1240 704 1520 768 pontificem
1543 709 1591 754 et
1611 705 1854 769 proposita
1876 706 2073 769 exposui

301 789 597 838 exhortando
629 804 637 835 :
673 787 1026 851 responderunt
1054 802 1224 834 omnes
1253 802 1304 835 se
1332 803 1438 836 esse
1470 788 1706 852 obligatos
1737 789 1970 852 capitibus
1999 804 2075 837 re-

301 873 496 936 gionum
519 871 676 930 Urbis,
701 885 906 934 quorum
929 870 1165 918 mandatis
1187 871 1423 919 haberent
1438 871 1486 918 in
1501 871 1585 935 huj
1595 871 2073 920 usmodinecessario

301 955 497 1004 obedire
520 959 568 1002 et
597 970 693 1002 non
723 958 922 1017 possent
949 953 1008 1001 ab
1030 954 1099 1001 eis
1131 970 1373 1018 separare,
1395 958 1652 1019 propterea
1683 955 1752 1003 eis
1778 954 2076 1019 impossibile

300 1038 692 1103 persuasionibus
715 1038 797 1085 SS.
819 1039 875 1084 D.
899 1038 1047 1086 nostri
1073 1038 1370 1087 satisfacere.
1394 1038 1500 1086 Dixi
1522 1039 1894 1102 responsionem
1913 1039 2079 1104 hujus-

301 1123 430 1171 modi
457 1126 510 1170 17
535 1121 646 1169 dicti
668 1121 848 1168 mensis
866 1121 1080 1169 habitam
1103 1121 1275 1171 eodem
1293 1122 1369 1170 die
1388 1122 1630 1170 dominica
1651 1125 1708 1170 D.
1734 1122 1927 1171 Andree
1950 1126 2078 1173 Ven-

302 1209 393 1255 tart
412 1210 460 1254 ut
481 1221 587 1253 eam
610 1207 666 1252 R.
691 1207 742 1252 P.
765 1207 822 1252 D.
843 1208 866 1253 J
872 1204 1049 1252 ohanni
1070 1205 1297 1269 episcopo
1324 1205 1557 1253 Perusino
1578 1205 1763 1254 datario
1784 1205 2077 1269 significaret

303 1291 384 1337 SS.
410 1292 466 1337 D.
490 1292 656 1337 nostro
683 1288 985 1337 referendam
1011 1305 1021 1337 :
1047 1290 1184 1352 cujus
1207 1289 1444 1338 Sanctitas
1466 1289 1653 1353 pridem
1682 1289 1730 1336 in
1753 1304 1840 1337 sua
1859 1290 2080 1354 proposi-

305 1372 435 1420 tione
458 1371 704 1436 subjunxit
725 1387 776 1420 se
798 1371 926 1420 idem
948 1371 1075 1435 quod
1099 1372 1351 1420 nobiscum
1380 1372 1557 1421 fecerat
1581 1373 1725 1421 etiam
1750 1389 1860 1421 cum
1883 1373 2078 1422 natione

303 1455 555 1519 hispanica
587 1454 823 1502 facturum
859 1459 905 1503 et
933 1455 1060 1518 quod
1092 1455 1150 1503 de
1179 1455 1350 1518 gallica
1381 1455 1526 1504 etiam
1554 1471 1650 1503 non
1682 1456 1939 1515 dubitaret,
1965 1472 2075 1504 cum

307 1538 420 1585 boni
441 1537 645 1585 curiales
677 1542 811 1586 extra
840 1540 1043 1585 Romam
1066 1538 1273 1586 existent
1292 1554 1378 1602 pro
1406 1538 1687 1587 defensione
1715 1539 1854 1587 Urbis
1879 1554 2077 1602 operam

309 1621 481 1669 daturi.
515 1621 799 1685 Hujusmodi
825 1621 1067 1684 pontificis
1092 1621 1407 1684 propositioni
1432 1621 1756 1670 interfuerunt
1786 1624 1993 1669 RRmus.
2019 1624 2076 1668 D.

308 1704 561 1752 cardinalis
583 1705 949 1768 Neapolitanus3
973 1705 1153 1752 Illmus.
1172 1706 1228 1752 D.
1254 1704 1348 1751 dux
1371 1704 1584 1753 Calabrie
1608 1710 1653 1753 et
1677 1708 1732 1752 R.
1754 1707 1810 1753 D.
1834 1706 2080 1754 Johannes

309 1791 479 1852 Lopez,
505 1788 760 1852 episcopus
783 1787 1061 1846 PerusinuS,
1087 1787 1316 1835 datarius.

375 1871 713 1935 Superioribus
738 1870 925 1931 diebus,
950 1870 1191 1919 cardinale
1211 1872 1441 1920 Gurcensi
1467 1872 1724 1931 referente,
1756 1874 1813 1920 D.
1845 1872 2080 1936 Georgius

309 1954 567 2012 BusarduS,
604 1954 853 2002 literarum
874 1952 1247 2016 apostolicarum
1269 1954 1491 2019 scriptor,
1519 1971 1603 2019 per
1624 1957 1706 2004 SS.
1739 1958 1796 2004 D.
1827 1958 1881 2004 N.
1907 1971 2078 2020 papam

307 2038 367 2085 ad
398 2040 625 2102 Magnum
655 2040 858 2086 Turcam
887 2039 1090 2087 nuncius
1119 2045 1165 2088 et
1205 2044 1365 2089 orator
1401 2040 1578 2088 missus
1611 2044 1661 2088 ut
1696 2040 1796 2103 ipse
1826 2040 2080 2088 cardinalis

306 2121 495 2169 dicebat
526 2137 614 2185 per
647 2122 855 2169 Illmum.
893 2125 949 2170 D.
975 2124 1016 2170 J.
1035 2123 1093 2170 de
1113 2126 1311 2182 Rovere,
1336 2124 1460 2172 alme
1479 2123 1617 2172 Urbis
1638 2123 1926 2186 prefectum,
1951 2123 2075 2171 Rmi.

308 2207 363 2253 D.
388 2205 640 2252 cardinalis
676 2221 713 2251 s.
740 2204 865 2253 Petri
889 2205 947 2252 ad
982 2205 1186 2253 Vincula
1214 2205 1407 2254 fratrem
1448 2220 1751 2268 germanum,
1793 2209 1959 2268 captus
1992 2205 2080 2252 fuit

308 2293 354 2335 et
386 2287 512 2351 apud
545 2287 867 2350 Scnogalliam
902 2287 1144 2346 detentus,
1182 2288 1308 2351 apud
1341 2303 1484 2351 quem
1515 2288 1643 2336 idem
1677 2287 1933 2335 cardinalis
1965 2289 2080 2335 Gur-

307 2370 467 2419 censis
510 2374 779 2434 compertas
809 2371 954 2419 fuisse
986 2371 1101 2418 dixit
1137 2371 1499 2419 informationes
1526 2386 1613 2434 per
1643 2369 1870 2418 eumdem
1905 2371 1988 2418 SS.
2014 2372 2071 2417 D.

305 2458 524 2502 nostrum
557 2454 647 2502 sibi
669 2454 803 2502 datas
825 2469 970 2517 super
988 2454 1046 2501 iis
1076 2469 1168 2517 que
1191 2454 1317 2517 apud
1340 2456 1568 2517 Magnum
1593 2456 1797 2501 Turcam
1826 2468 1971 2516 agere
1997 2452 2079 2501 de-

305 2538 458 2596 beret,
484 2553 575 2601 que
604 2537 757 2586 dictus
797 2537 1050 2586 cardinalis
1073 2537 1333 2585 Gurcensis
1360 2538 1578 2601 predicto
1615 2539 1699 2586 SS.
1726 2540 1783 2585 D.
1818 2540 1985 2585 nostro
2017 2537 2077 2584 ad

305 2619 555 2668 infamiam
593 2621 969 2685 improperabat,
1012 2636 1217 2683 quarum
1256 2620 1654 2669 informationum
1689 2620 1850 2668 nuncii
1884 2624 1932 2668 et
1972 2634 2077 2667 ora-

308 2703 423 2751 toris
445 2703 505 2752 ad
523 2706 750 2768 Magnum
766 2707 968 2753 Turcam
990 2708 1131 2753 tenor
1148 2705 1205 2753 de
1229 2705 1370 2753 verbo
1395 2705 1455 2753 ad
1476 2705 1673 2753 verbum
1698 2704 1914 2768 sequitur
1935 2707 1984 2752 et
2005 2708 2077 2753 est

308 2789 442 2838 talis:

377 2874 722 2922 Instructiones
743 2875 826 2922 tibi
844 2874 1050 2938 Georgio
1065 2873 1296 2933 Buzardo,
1319 2873 1496 2921 nuncio
1516 2872 2074 2937 etfamiliarinostro(1):

309 2961 565 3020 postquam
591 2956 706 3004 hinc
728 2957 1027 3015 discesseris,
1052 2957 1231 3005 directe
1254 2959 1300 3004 et
1320 2961 1498 3020 quanto
1521 2956 1658 3004 citius
1680 2955 1877 3019 poteriS,
1902 2955 1992 3002 ibis
2019 2955 2079 3003 ad

308 3039 695 3103 potentissimum
714 3042 940 3103 Magnum
955 3043 1177 3100 Turcam,
1199 3040 1355 3088 sultan
1374 3039 1579 3102 Bajazet,
1605 3038 1896 3101 ubicumque
1915 3037 2073 3095 fuerit,

309 3138 469 3186 quem,
515 3127 773 3186 postquam
814 3123 973 3172 debite
1020 3123 1298 3172 salutaveris
1339 3126 1385 3171 et
1420 3120 1564 3169 divini
1605 3119 1814 3168 numinis
1854 3120 2076 3168 timorem

355 3297 388 3332 1.
418 3296 516 3331 Dans
541 3306 611 3331 une
631 3294 790 3342 depeche
811 3295 860 3331 du
882 3295 925 3331 16
941 3295 1083 3343 janvier
1104 3295 1207 3339 1493,
1230 3293 1515 3331 l'ambassadeur
1535 3292 1653 3330 Valori
1674 3292 1836 3329 mandait
1854 3295 1876 3329 a
1895 3303 1961 3329 son
1982 3302 2074 3339 gou-

307 3358 516 3391 vernement
535 3354 567 3390 ie
588 3358 709 3390 retour
729 3357 749 3390 a
768 3355 882 3391 Rome
902 3355 946 3391 de
973 3367 1012 3391 ce
1032 3358 1147 3390 meme
1169 3354 1329 3401 Georges
1356 3352 1519 3389 Buzardo
1545 3351 1607 3399 qui
1627 3351 1714 3388 etait.
1733 3350 1800 3387 alle
1826 3354 1846 3388 a
1867 3349 2076 3387 Constanti-

308 3414 427 3461 nop1e‚
450 3424 514 3461 par
534 3413 637 3449 ordre
658 3413 713 3449 du·
728 3414 839 3461 Pape,
857 3425 949 3461 pour
967 3414 1117 3450 toucher
1142 3413 1194 3450 les
1215 3412 1346 3458 40‚000
1365 3411 1492 3447 ducats
1513 3411 1556 3447 de
1582 3410 1616 3447 la
1641 3409 1792 3458 pension
1815 3409 1858 3446 de
1883 3408 2003 3446 Zizim.
2027 3408 2076 3444 Le

310 3471 427 3510 sultan
448 3472 543 3509 avait
563 3472 696 3509 refuse.
719 3494 764 3499 —
782 3472 874 3521 Voy.
898 3473 1056 3520 depeche
1077 3473 1126 3509 du
1147 3474 1191 3509 16
1208 3471 1346 3520 janvier
1363 3464 1468 3517 9273.
1492 3469 1714 3518 Appendice,
1737 3478 1778 3504 n0
1797 3468 1831 3506 8.
