2202 3926
316 352 363 388 50
922 356 1153 394 JOHANNIS
1187 357 1479 403 BURCHARDI,
1878 361 1982 403 [Mars
2005 362 2100 402 1493]

316 470 591 505 sermonem
621 456 779 521 ipsum
809 459 1040 520 facturus,
1066 466 1168 510 erat
1195 478 1394 520 raucus3
1419 465 1678 525 propterea
1701 464 1827 526 Papa
1857 478 1968 511 eum
1999 463 2097 511 dis-

314 541 546 602 pensavit.
574 544 673 591 Hec
697 543 860 591 omnia
882 543 1133 593 observata
1149 550 1260 593 sunt
1280 561 1416 593 more
1439 544 1597 593 solito.

379 624 519 673 Feria
540 626 770 685 secunda,
799 630 849 673 11
884 628 1065 675 mensis
1093 628 1269 687 martii,
1295 629 1423 676 circa
1449 628 1619 676 horam
1644 643 1724 676 xm
1744 634 1988 693 portatum
2011 630 2099 678 fuit

313 707 373 755 ad
394 708 650 756 ecclesiam
677 709 815 757 beate
842 709 988 758 Marie
1017 711 1075 758 de
1102 711 1308 771 Araceli,
1335 711 1668 775 sepeliendum
1695 711 1892 775 ibidem,
1919 730 2097 777 corpus

313 791 557 853 quondam
579 794 637 840 D.
663 792 902 842 Dominici
923 793 982 842 de
1000 794 1136 853 Mari,
1155 794 1426 854 Januensis,
1446 793 1603 858 patrui
1625 795 1749 843 Rmi.
1767 799 1824 844 D.
1845 798 2099 847 cardinalis

313 876 658 935 Beneventani,
690 877 768 940 qui
800 877 917 926 obiit
945 882 1087 926 nocte
1119 878 1348 943 preterita
1374 882 1526 928 Rome
1546 878 1596 927 in
1614 879 1758 928 domo
1788 880 2097 931 habitationis

314 975 415 1020 sue,
453 961 544 1009 sita
577 961 705 1010 inter
738 963 995 1012 ecclesiam
1017 962 1228 1011 Minerve
1263 965 1310 1011 et
1337 962 1533 1010 domum
1570 963 1982 1027 Magdalenorum,
2012 980 2099 1029 per

313 1043 569 1093 servitores
591 1050 639 1094 et
667 1046 962 1096 domesticos
991 1063 1120 1106 suos,
1147 1046 1258 1110 quia
1280 1046 1454 1094 fratres
1482 1046 1672 1095 Araceli
1701 1046 1959 1096 noluerunt
1982 1047 2100 1096 illud

309 1133 503 1191 portare
541 1135 814 1180 asserentes
855 1147 907 1179 se
938 1147 1036 1180 non
1078 1147 1185 1178 esse
1222 1129 1442 1178 sachinos
1484 1133 1531 1178 et
1565 1129 1833 1179 cardinales
1867 1130 2097 1180 duntaxat

311 1216 504 1276 portare
531 1230 540 1262 :
562 1219 906 1279 precesserunt
933 1232 995 1263 XL
1024 1215 1283 1275 intorticia,
1309 1229 1403 1277 que
1435 1218 1690 1278 portarunt
1714 1230 1778 1262 xx
1808 1229 1867 1262 ex
1894 1215 2099 1263 familia-

311 1296 442 1345 ribus
480 1299 654 1347 stabuli
695 1303 740 1348 et
775 1299 853 1348 alii
898 1299 1021 1347 Rmi.
1062 1302 1118 1347 D.
1159 1298 1414 1347 cardinalis
1454 1298 1797 1357 Beneventani,
1833 1302 1880 1347 et
1923 1314 2099 1363 corpus

275 1423 278 1426 ,
312 1382 463 1430 secuti
498 1387 607 1432 sunt
639 1400 729 1431 xvn
770 1382 1118 1447 consanguinei
1153 1386 1199 1430 et
1229 1382 1401 1430 affines
1444 1381 1672 1440 defuncti,
1703 1380 1877 1445 singuli
1910 1382 1970 1430 ab
2003 1398 2099 1431 uno

310 1466 516 1530 prelatO,
548 1484 576 1516 a
606 1467 809 1516 sinistris
845 1468 942 1515 suis
975 1467 1217 1526 associati,
1248 1467 1472 1516 videlicet
1504 1468 1599 1513 RR.
1628 1465 1677 1513 in
1713 1465 1903 1515 Christo
1939 1470 2100 1531 patres

312 1553 370 1598 D.
400 1551 712 1612 Arelatensis,
747 1552 1021 1600 Thebarum
1051 1557 1098 1601 et
1127 1550 1488 1601 Cusentinensis
1519 1549 1891 1613 archiepiscopi,
1917 1552 1976 1598 D.
2003 1552 2101 1598 Do-

311 1633 519 1682 minicus
541 1636 703 1694 Doria,
729 1639 786 1684 D.
813 1636 1047 1685 Oliverius
1077 1636 1135 1684 de
1163 1635 1299 1694 Mari,
1326 1638 1382 1683 D.
1410 1633 1541 1682 Paris
1574 1632 1633 1681 de
1657 1633 1796 1692 Mari,
1823 1635 1880 1681 D.
1905 1633 2101 1682 Franci-

313 1733 421 1765 scus
443 1719 754 1777 Bucciardus‚
779 1720 1053 1784 Borghinus
1067 1720 1255 1778 Cicada,
1275 1717 1516 1766 Arduinus
1538 1715 1728 1777 Cicada,
1748 1719 1805 1764 D.
1825 1717 2101 1766 Gherardus

313 1803 604 1864 Ususmaris,
634 1806 689 1851 D.
714 1804 919 1852 Hilarius
951 1804 1168 1863 Gentilis,
1199 1806 1255 1851 D.
1282 1801 1530 1851 Zaccarias
1552 1800 1611 1849 de
1634 1801 1772 1861 Mari,
1797 1804 1857 1850 D.
1879 1801 2098 1870 Andreas

314 1885 469 1946 Scala,
501 1887 749 1951 Philippus
782 1888 1029 1947 Maruffus,
1057 1890 1245 1935 Marcus
1280 1886 1339 1934 de
1371 1883 1630 1944 Fornariis,
1654 1883 1890 1932 Antonius
1911 1885 2096 1931 Gasun-

312 1969 400 2016 dus
437 1973 484 2018 et
523 1974 580 2019 D.
619 1971 798 2020 Marius
830 1971 1070 2030 Millinus3
1103 1987 1226 2034 quos
1261 1969 1414 2019 secuti
1449 1972 1560 2017 sunt
1602 1967 1764 2032 plures
1800 1971 2098 2016 mercatores

310 2054 597 2103 Januenses.

375 2137 520 2185 Primi
554 2141 650 2186 tres
687 2138 1039 2203 archiepiscopi
1074 2138 1378 2188 incesserunt
1413 2135 1462 2184 in
1496 2150 1583 2184 suo
1620 2132 1787 2183 habitu
1817 2132 2096 2197 quotidiano

307 2220 445 2285 nigro
467 2237 603 2269 more
632 2222 791 2283 solito,
818 2227 1077 2286 sequentes
1100 2239 1184 2270 sex
1206 2222 1254 2269 in
1283 2220 1450 2269 habitu
1474 2219 1686 2277 funesto,
1711 2217 1790 2267 alii
1820 2222 1930 2267 octo
1952 2216 2094 2266 simili

305 2303 354 2351 in
375 2304 542 2352 habitu
565 2321 652 2354 suo
675 2307 954 2370 quotidiano
976 2306 1113 2371 nigro
1132 2321 1268 2355 more
1288 2305 1428 2354 solito
1449 2307 1709 2367 sequentes
1735 2320 1744 2349 :
1770 2302 2095 2351 interfuerunt

307 2387 487 2436 familie
519 2405 604 2437 sex
633 2392 922 2439 RRmorum.
953 2393 1054 2439 DD.
1084 2389 1414 2448 cardinalium,
1438 2387 1660 2436 videlicet
1693 2385 1844 2435 sancti
1877 2386 2004 2435 Petri
2035 2386 2096 2434 ad
2143 2420 2149 2427 -

306 2472 526 2532 Vincula,
549 2474 948 2536 Rechanatensis,
973 2474 1247 2534 Januensis,
1280 2470 1625 2531 Beneventani,
1652 2473 1816 2519 sancte
1841 2469 2091 2520 Anastasie

307 2560 355 2604 et
377 2557 528 2605 sancti
550 2557 763 2621 Georgii,
783 2574 838 2607 ac
858 2563 1044 2623 septem
1064 2557 1235 2607 fratres
1255 2573 1314 2606 ex
1331 2553 1664 2613 conventibuS,
1683 2553 1906 2602 videlicet
1924 2557 2090 2602 sancte

305 2640 499 2701 Cecilie,
539 2641 659 2689 tituli
690 2645 749 2690 D.
775 2642 1117 2702 Beneventani,
1148 2642 1379 2700 Minerve,
1406 2638 1613 2698 Araceli,
1636 2637 1789 2685 sancti
1815 2636 2090 2700 Augustini,

306 2730 470 2774 sancte
497 2726 646 2775 Marie
675 2726 733 2775 de
763 2726 966 2791 Populo,
989 2729 1154 2774 sancte
1175 2725 1325 2774 Marie
1347 2722 1699 2788 Transpontine
1722 2726 1770 2770 et
1792 2720 1943 2769 sancti
1965 2722 2094 2787 Mar-

306 2808 413 2855 celli
436 2824 490 2856 ac
514 2809 671 2858 clerus
695 2810 847 2858 sancti
875 2810 1023 2858 Marci
1051 2826 1162 2859 cum
1190 2809 1377 2858 duobus
1401 2806 1753 2873 parrochianis,
1778 2803 1866 2853 sub
1887 2819 2093 2868 quorum

304 2891 562 2955 parrochia
584 2892 756 2940 domus
779 2893 1091 2942 habitationis
1113 2892 1323 2942 defuncti
1347 2891 1556 2941 existunt
1582 2909 1590 2939 :
1618 2889 1789 2954 quibus
1809 2888 1858 2936 id
1876 2902 1965 2951 per
1984 2902 2093 2935 cur-

307 2991 440 3024 sores
475 2978 558 3025 SS.
586 2979 641 3024 D.
674 2979 731 3025 N.
757 2992 880 3040 pape
910 2977 1005 3025 hoc
1040 2993 1182 3026 mane
1211 2963 1623 3032 fuitintimatum,
1647 2973 1758 3020 data
1781 2970 1851 3018 eis
1886 2984 1974 3033 pro
2011 2984 2088 3017 me

308 3059 538 3107 schedula
557 3059 740 3107 tenoris
764 3060 1027 3122 sequentis.
1179 3058 1182 3061 ’

376 3163 398 3187 «
447 3142 700 3191 Intimetur
739 3142 930 3190 RRmis.
988 3145 1088 3189 DD.
1142 3140 1461 3190 cardinalibus
1514 3155 1553 3186 s.
1598 3136 1725 3185 Petri
1767 3136 1828 3185 ad
1864 3134 2085 3195 Vincula,

306 3225 678 3279 Rechanatensi,
699 3225 949 3284 Januensi,
969 3241 1007 3272 5.
1039 3225 1291 3273 Anastasie
1312 3228 1415 3273 ets.
1442 3221 1635 3285 Georgii
1665 3220 1778 3284 quia
1797 3220 1942 3269 hodie
1963 3220 2088 3268 inter

303 3309 449 3358 horas
478 3326 542 3358 xx
571 3314 618 3358 et
642 3326 724 3358 xxl
756 3308 1027 3374 portabitur
1055 3323 1230 3371 corpus
1253 3307 1382 3355 bone
1412 3303 1645 3354 memorie
1678 3306 1735 3350 D.
1765 3302 2012 3351 Dominici'
2026 3300 2084 3349 de

298 3394 436 3454 Mari,
471 3394 628 3458 patrui
665 3393 788 3442 Rmi.
821 3395 877 3442 D.
916 3390 1169 3440 cardinalis
1191 3388 1535 3448 Beneventani,
1563 3387 1624 3435 ad
1645 3385 1903 3435 ecclesiam
1934 3384 2076 3433 beate

301 3477 449 3527 Marie
472 3477 652 3527 ibidem
681 3475 1028 3542 sepeliendum,
1050 3475 1109 3523 de
1139 3474 1283 3523 domo
1304 3470 1613 3522 habitationis
1637 3485 1720 3519 sue
1741 3484 1835 3532 que
1853 3472 1927 3517 est
1947 3467 2077 3516 circa
