2202 3926
319 314 388 349 110
929 309 1163 349 JOHANNIS
1196 309 1493 356 BURCHARDI,
1666 310 1669 312 ’
1875 310 1987 350 [Avrii
2009 312 2105 351 1494]

386 416 733 466 Baldachinum
753 432 841 480 pro
862 416 1042 479 legato.

385 502 653 565 Responsio
687 517 696 548 :
729 500 1002 548 ordinatum
1030 503 1119 558 est,
1153 502 1201 546 et
1234 496 1446 560 deputati
1477 500 1585 543 sunt
1617 495 1754 553 certi,
1786 494 1922 553 illud,
1959 511 2109 559 prope

321 587 577 637 ecclesiam
614 583 998 647 Neapolitanam,
1040 585 1296 644 postquam
1333 581 1520 642 legatus
1554 579 1664 625 illuc
1703 579 1901 638 venerit,
1943 584 2109 628 custo-

320 671 526 726 dienteS,
551 671 602 715 ut
622 667 782 729 legato
809 664 961 711 libere
991 663 1282 725 assignetur.

387 755 660 801 Portatores
694 746 986 804 baldachini,
1022 745 1251 808 duplicati
1281 745 1354 792 vel
1391 745 1630 808 triplicati,
1677 744 1744 791 ita
1773 743 1903 806 quod
1931 745 2116 807 possint

324 834 485 897 sepius
507 831 701 879 mutari.

389 915 656 980 Responsio
682 931 691 961 ;
719 913 907 961 nobiles
944 913 1133 960 sedium
1162 913 1287 959 illius
1308 912 1399 969 vie,
1425 927 1512 975 per
1539 928 1684 974 quam
1711 912 1814 971 ibit,
1849 913 1952 960 sine
1981 916 2113 959 muta

323 1001 441 1049 illud
460 999 721 1064 portabunt
743 1015 770 1045 a
791 1001 930 1061 porta
950 995 1151 1044 civitatis
1173 1010 1324 1057 usque
1346 994 1405 1042 ad
1437 994 1695 1042 ecclesiam
1723 995 2108 1058 Neapolitanam.

388 1084 480 1134 Via
496 1099 583 1147 per
600 1087 744 1145 quam
761 1081 950 1144 legatus
969 1079 1143 1126 debeat
1160 1078 1341 1125 intrare
1360 1078 1601 1126 civitatem
1621 1084 1668 1127 et
1688 1078 1848 1127 venire
1871 1078 1929 1127 ad
1961 1079 2118 1127 eccle-

326 1166 466 1214 siam.

392 1249 660 1313 Responsio
686 1264 698 1295 2
721 1263 810 1311 per
829 1251 1016 1311 portam
1040 1248 1316 1308 Capuanam
1338 1250 1474 1292 recta
1495 1245 1583 1293 via.

393 1333 530 1390 Quod
564 1333 639 1381 via
668 1348 696 1380 a
725 1336 891 1379 sancto
922 1329 1109 1377 Juliano
1142 1344 1295 1391 usque
1327 1328 1387 1376 ad
1423 1333 1610 1391 portam
1641 1330 1918 1392 Capuanam
1949 1345 2116 1393 asper-

329 1422 467 1481 gatur
487 1416 638 1464 multa
658 1431 784 1478 aqua
803 1420 1000 1478 propter
1019 1412 1286 1477 pulverem.

395 1500 663 1565 Responsio
688 1515 698 1547 t
725 1498 854 1562 quod
875 1498 943 1545 sic
964 1497 1062 1544 fiet.

397 1585 520 1641 Quid
540 1583 690 1631 moris
711 1582 770 1630 de
798 1598 951 1645 cappa
969 1580 1114 1643 legati
1143 1580 1179 1627 si
1202 1580 1262 1627 ab
1284 1595 1341 1627 eo
1364 1579 1511 1643 recipi
1535 1580 1674 1639 solet,
1706 1581 1779 1628 vel
1813 1581 1928 1644 quid
1958 1581 2119 1629 aliud?

396 1667 664 1731 Responsio
690 1683 699 1714 :
725 1666 844 1713 nihil
865 1666 924 1713 ab
947 1681 1004 1712 eo
1028 1664 1275 1727 recipitur,
1301 1679 1456 1726 neque
1485 1679 1656 1726 cappa,
1683 1679 1839 1727 neque
1868 1665 2013 1712 aliud.

398 1751 524 1799 Ordo
555 1750 880 1799 observandus
914 1764 1003 1813 per
1022 1746 1252 1811 prelatos,
1281 1745 1479 1793 abbates
1502 1749 1550 1793 et
1567 1745 1774 1794 barones
1797 1747 1948 1810 regni,
1971 1748 2020 1794 in
2043 1763 2121 1795 re—

332 1836 553 1899 ceptione
583 1834 747 1898 legati,
779 1839 826 1881 et
856 1833 991 1891 alias,
1025 1846 1082 1878 ac
1112 1830 1161 1877 in
1186 1829 1262 1878 die
1292 1827 1619 1878 coronationis
1647 1828 1696 1875 in
1721 1844 1883 1888 mane,
1917 1845 2033 1893 rege
2061 1830 2123 1878 ad

332 1918 590 1966 ecclesiam
610 1916 851 1975 veniente,
880 1922 926 1964 et
947 1921 1056 1978 post
1077 1916 1294 1963 missam.

398 2000 665 2064 Responsio
691 2015 700 2046 :
724 1999 938 2062 legatum
959 2003 1005 2046 et
1029 2015 1193 2062 regem
1215 1997 1478 2061 precedant
1498 1997 1726 2055 barones,
1761 2012 1881 2059 quos
1913 2002 2121 2060 sequan-

333 2091 410 2132 tur
438 2089 673 2143 oratores,
703 2088 750 2132 et
779 2087 888 2147 post
921 2099 1105 2147 regem,
1141 2083 1217 2130 vel
1248 2083 1463 2146 legatum
1497 2080 1669 2144 prelati
1704 2097 1790 2128 suo
1829 2081 2017 2142 ordine,
2056 2082 2123 2129 ita

333 2172 494 2214 tamen
517 2164 645 2228 quod
674 2163 864 2227 prelati,
890 2164 969 2226 qui
998 2180 1107 2211 cum
1133 2162 1293 2226 legato
1314 2168 1566 2222 venerunt,
1598 2164 1722 2212 inter
1750 2163 1880 2227 ipsos
1910 2164 2122 2228 prelatos

333 2249 542 2312 primum
562 2247 725 2295 locum
745 2247 1013 2295 obtineant.
1694 2255 1696 2257 ·

401 2332 450 2380 Si
484 2331 692 2394 legatus,
729 2330 864 2379 finita
895 2330 1060 2388 missa,
1101 2330 1150 2376 in
1184 2330 1260 2377 die
1293 2329 1621 2378 coronationis
1659 2329 1719 2377 sit
1746 2345 1915 2394 regem
1947 2329 2121 2378 alicubi

335 2415 676 2464 associaturus.

401 2497 669 2562 Responsio
694 2513 704 2544 :
733 2513 883 2560 usque
912 2497 972 2545 ad
998 2502 1187 2561 portam
1209 2497 1416 2545 ecclesie
1446 2502 1651 2557 tantum,
1682 2498 1905 2548 similiter
1936 2505 1983 2549 et
2016 2516 2122 2564 pre-

335 2582 437 2631 lati.

401 2666 645 2714 Assistens
657 2665 803 2728 legati
817 2665 1062 2724 diaconus,
1079 2664 1404 2714 subdiaconus
1413 2682 1500 2730 pro
1510 2665 1584 2715 die
1603 2667 1929 2715 coronationis
1943 2685 1953 2726 3
1972 2666 2120 2731 depu-

337 2754 498 2799 tentur
520 2754 616 2797 tres
638 2748 718 2796 alii
738 2748 1004 2813 presbyteri
1032 2749 1081 2796 in
1108 2755 1322 2813 tempore
1343 2754 1394 2797 ut
1414 2749 1602 2812 possint
1625 2756 1894 2815 opportune
1925 2751 2112 2799 instrui.

403 2832 669 2896 Responsio
695 2848 704 2879 :
731 2832 966 2880 dederunt
987 2832 1383 2880 commissionem
1406 2833 1579 2882 vicario
1610 2834 1966 2898 archiepiscopi
1995 2837 2117 2883 Nea-

336 2915 552 2980 politani,
575 2915 654 2978 qui
674 2915 732 2962 de
751 2916 970 2979 personis
990 2915 1264 2980 hujusmodi
1287 2915 1559 2978 provideret
1582 2933 1591 2964 ;
1614 2918 1700 2965 sed
1718 2923 1888 2981 postea
1908 2917 2116 2965 avisatus

337 3000 405 3047 fui
423 2998 552 3062 quod
570 2998 756 3062 legatus
779 2998 985 3046 ducebat
1007 3014 1171 3046 secum
1194 2999 1469 3058 diaconum,
1495 3004 1543 3047 et
1565 3000 1912 3048 subdiaconum
1934 3001 2117 3064 capelle

339 3084 482 3145 Pape,
523 3086 570 3130 et
600 3082 729 3145 quod
747 3084 803 3129 D.
836 3081 1053 3140 Alvarus,
1090 3081 1395 3129 caudatarius
1419 3098 1550 3142 suus,
1585 3083 1675 3131 sibi
1697 3083 1963 3143 assisteret,
1986 3084 2112 3148 quod

337 3164 453 3211 mihi
480 3165 676 3228 placuit.

403 3250 525 3296 Nota
548 3253 711 3296 tamen
733 3247 861 3311 quod
881 3263 958 3295 me
980 3251 1091 3295 ante
1114 3263 1359 3296 recessum
1381 3264 1545 3296 meum
1572 3265 1630 3297 ex
1656 3250 1780 3298 Urbe
1805 3266 1967 3299 coram
1991 3252 2119 3314 Papa

337 3331 596 3379 constituto
631 3346 718 3394 pro
750 3331 946 3379 licentia
978 3335 1024 3379 et
1060 3330 1399 3380 benedictione
1438 3348 1541 3392 sua,
1582 3333 1833 3398 Neapolim
1867 3333 2114 3397 equitandi

337 3430 498 3474 causa,
531 3414 793 3462 Sanctitate
827 3431 914 3462 sua
946 3430 1022 3461 me
1051 3414 1110 3462 de
1139 3415 1472 3463 assistentibus
1500 3419 1548 3464 et
1575 3417 1907 3465 ministrorum
1942 3431 2114 3464 conve-
