2222 3926
148 347 471 389 [Decembre1494]
586 347 757 384 RERUM
794 343 1101 383 URBANARUM
1134 343 1485 382 COMMENTARII.
1860 344 1931 380 203

149 454 196 498 et
244 464 462 497 amorem
511 448 754 507 excitaris,
798 446 887 495 sibi
927 445 1222 509 significabis
1275 446 1470 494 nomine
1522 450 1686 494 nostro
1727 445 1931 508 qualiter

150 549 234 581 rex
263 533 464 582 Francie
492 538 718 598 properat
742 547 851 581 cum
881 530 1090 579 maxima
1112 530 1331 594 potentia
1360 529 1576 579 terrestri
1605 533 1653 578 et
1683 527 1927 576 maritima

150 632 261 665 cum
301 616 477 664 auxilio
506 621 658 665 status
690 614 1143 674 Mediolanensium,
1174 613 1444 674 Britonum,
1469 611 1924 677 Portugallensium‚
1952 681 1954 683 ‚

150 699 535 749 Normandorum
571 705 617 748 et
646 716 756 749 cum
781 699 884 747 aliis
912 697 1153 763 gentibus,
1185 698 1279 745 huc
1307 700 1510 746 Romam
1542 696 1741 746 veniens
1770 695 1927 744 levare

150 799 176 831 e
204 783 426 831 manibus
453 783 630 831 nostris
663 785 799 843 Gem,
822 783 979 831 sultan
1008 782 1206 831 fratrem
1230 781 1536 830 Celsitudinis
1558 797 1662 839 sue,
1694 784 1741 828 et
1763 778 1929 842 acqui-

151 882 257 915 rere
302 882 506 930 regnum
555 867 922 930 Neapolitanum
961 871 1009 914 et
1055 866 1233 930 ejicere
1267 880 1432 929 regem
1476 865 1781 929 Alphonsum
1815 878 1926 912 cum

149 967 244 1015 quo
279 966 443 998 sumus
463 950 511 998 in
546 949 848 998 strictissimo
879 949 1125 1013 sanguinis
1156 951 1306 1013 gradu
1337 954 1385 999 et
1421 948 1632 997 amicitia
1658 946 1922 1011 conjuncti,

152 1039 199 1084 et
231 1040 451 1084 tenemur
485 1050 597 1082 eum
631 1033 913 1091 defendere,
950 1048 1061 1081 cum
1092 1034 1150 1082 sit
1167 1033 1461 1083 feudatarius
1482 1037 1650 1082 noster
1669 1035 1716 1080 et
1743 1046 1928 1080 annua-

153 1118 234 1166 tim
274 1117 424 1165 solvat
459 1116 599 1165 nobis
631 1131 831 1165 censum
862 1132 872 1164 :
913 1120 960 1164 et
997 1120 1107 1164 sunt
1141 1116 1252 1164 anni
1293 1116 1542 1180 sexaginta
1576 1121 1675 1165 tres
1714 1119 1763 1164 et
1805 1113 1930 1162 ultra

152 1199 281 1263 quod
318 1199 406 1247 fuit
439 1199 688 1248 investitus
718 1214 802 1248 rex
839 1198 1134 1263 Alphonsus,
1171 1214 1284 1247 avus
1315 1199 1550 1263 ejusdem,
1585 1199 1660 1247 cui
1694 1198 1927 1246 successit

151 1299 235 1331 rex
285 1282 635 1341 Ferdinandus,
688 1282 787 1346 qui,
842 1297 931 1346 per
973 1283 1346 1346 predecessores
1389 1287 1581 1332 nostros
1624 1287 1672 1330 et
1711 1298 1798 1346 per
1837 1297 1925 1329 nos

149 1368 343 1415 fuerunt
364 1366 569 1414 investiti
590 1369 635 1415 et
656 1366 924 1414 incoronati
951 1366 1010 1415 de
1033 1366 1162 1415 dicto
1185 1382 1336 1430 regno
1358 1384 1368 1427 3
1394 1371 1442 1416 et
1461 1367 1570 1415 ideo
1591 1366 1684 1415 hac
1706 1366 1764 1414 de
1787 1381 1933 1414 causa

150 1451 364 1517 prefatus
386 1466 470 1499 rex
495 1449 694 1498 Francie
718 1451 917 1499 effectus
935 1450 1160 1500 inimicus
1187 1457 1370 1512 noster,
1399 1451 1480 1516 qui
1504 1451 1683 1500 nedum
1704 1453 1932 1514 properat

153 1539 203 1583 ut
217 1535 399 1583 dictum
413 1537 531 1583 Gem
555 1534 709 1582 sultan
729 1534 888 1599 capiat
907 1539 956 1583 et
976 1536 1133 1599 ipsum
1156 1552 1359 1600 regnum
1372 1535 1603 1599 acquirat,
1621 1534 1707 1583 sed
1725 1533 1870 1582 etiam
1884 1533 1931 1580 in

150 1619 368 1667 Greciam
391 1618 703 1667 transfretare
727 1623 775 1666 et
796 1618 1000 1682 patriam
1028 1619 1350 1668 Celsitudinus
1379 1635 1464 1668 sue
1492 1618 1733 1667 debellare
1766 1622 1928 1680 queat,

153 1707 295 1766 prout
330 1717 416 1750 sue
449 1701 689 1766 Majestati
719 1701 1024 1751 innotescere
1064 1703 1270 1752 debeat:
1296 1707 1343 1752 et
1376 1703 1540 1751 dicunt
1571 1701 1702 1766 quod
1740 1701 1933 1749 mittent

153 1785 335 1834 dictum
353 1787 475 1833 Gem
500 1785 657 1833 sultan
684 1801 795 1833 cum
823 1785 976 1835 classe
1003 1786 1052 1833 in
1073 1786 1346 1845 Turchiam,
1371 1790 1418 1835 et
1442 1801 1552 1834 cum
1574 1801 1693 1849 opus
1714 1783 1852 1831 nobis
1875 1783 1933 1831 sit

151 1868 377 1916 resistere
409 1873 457 1915 et
477 1883 565 1915 nos
595 1867 858 1916 defendere
886 1884 914 1916 a
939 1873 1072 1917 tanta
1106 1870 1234 1932 regis
1264 1869 1466 1917 Francie
1498 1867 1731 1932 potentia,
1763 1875 1933 1915 omnes

152 1955 350 2001 conatus
373 1955 564 1999 nostros
594 1965 834 2015 exponere
857 1955 1045 2015 oportet
1073 1955 1121 2000 et
1147 1968 1199 2000 se
1219 1952 1342 2000 bene
1364 1967 1647 2016 preparare,
1671 1949 1801 2013 quod
1821 1964 1931 1997 cum

145 2036 248 2099 jam
264 2035 519 2084 fecerimus
539 2049 752 2098 opusque
769 2034 828 2083 sit
846 2034 1006 2084 facere
1019 2035 1252 2083 maximas
1267 2035 1529 2099 impensaS,
1542 2034 1761 2098 cogimur
1775 2048 1935 2081 recur-

152 2133 260 2167 rere
282 2118 341 2166 ad
357 2117 623 2165 subsidium
643 2118 814 2182 prefati
830 2119 987 2166 sultan
1009 2120 1218 2183 Bajazet,
1238 2123 1487 2183 sperantes
1506 2119 1554 2166 in
1575 2117 1786 2166 amicitia
1806 2116 1932 2165 bona

152 2217 295 2265 quam
317 2201 522 2250 invicem
537 2201 790 2260 habemus,
814 2202 944 2265 quod
961 2203 1011 2250 in
1026 2203 1107 2250 tali
1125 2203 1415 2251 necessitate
1430 2201 1615 2266 juvabit
1634 2216 1723 2249 nos
1749 2218 1758 2248 ε
1784 2215 1929 2263 quem

152 2285 345 2352 rogabis
379 2288 426 2333 et
447 2284 643 2333 nomine
660 2290 827 2334 nostro
858 2286 1191 2335 exhortaberis
1230 2303 1286 2336 ac
1313 2303 1372 2336 ex
1402 2292 1449 2336 te
1470 2285 1787 2352 persuadebis
1817 2300 1928 2333 cum

153 2368 284 2416 omni
338 2368 566 2417 instantia
609 2372 661 2416 ut
702 2369 889 2433 placeat
938 2386 1082 2434 quam
1130 2370 1269 2419 citius
1308 2371 1501 2420 mittere
1546 2370 1684 2419 nobis
1727 2370 1930 2418 ducatos

155 2451 472 2517 quadraginta
498 2452 648 2500 millia
676 2453 723 2500 in
747 2469 864 2501 auro
889 2459 1087 2503 venetos
1108 2470 1196 2518 pro
1221 2459 1399 2504 annata
1420 2455 1533 2503 anni
1557 2454 1813 2519 presentiS,
1837 2469 1929 2517 que

152 2535 288 2585 finiet
318 2536 484 2584 ultimo
513 2536 786 2584 novembris
826 2537 1027 2596 venturi,
1052 2541 1102 2586 ut
1124 2554 1235 2586 cum
1265 2544 1486 2603 tempore
1519 2538 1761 2602 possimus
1792 2537 1930 2585 nobis

153 2619 423 2679 subvenire,
465 2619 512 2666 in
551 2635 646 2683 quo
676 2621 904 2684 Majestas
939 2636 1027 2669 sua
1071 2621 1213 2670 faciet
1258 2622 1398 2670 nobis
1439 2637 1543 2670 rem
1584 2620 1926 2684 gratissimam,

153 2703 229 2750 cui
270 2703 318 2750 in
361 2703 713 2766 presentiarum
752 2704 979 2752 nolumus
1022 2704 1272 2769 imponere
1306 2705 1435 2754 aliud
1465 2719 1749 2769 gravamen3
1784 2708 1830 2752 et
1864 2703 1930 2751 sic

153 2801 449 2850 exponemus
488 2786 612 2835 vires
650 2791 696 2835 et
732 2792 931 2836 conatus
966 2792 1158 2836 nostros
1194 2789 1243 2837 in
1276 2789 1549 2838 resistentia
1592 2788 1832 2851 facienda,
1869 2804 1929 2837 ne

153 2868 311 2918 dictus
332 2885 417 2918 rex
439 2871 639 2919 Francie
664 2871 873 2935 aliquam
888 2871 1137 2920 victoriam
1159 2877 1328 2921 contra
1347 2888 1435 2921 nos
1465 2873 1675 2937 potiatur
1695 2877 1742 2921 et
1764 2876 1932 2921 contra

155 2953 353 3002 fratrem
371 2970 455 3002 suc
474 2955 755 3019 Majestatis.
778 2957 896 3003 Cum
916 2961 1079 3004 autem
1099 2972 1184 3005 rex
1203 2956 1305 3021 ipse
1328 2957 1545 3016 Francie,
1571 2961 1697 3006 terra
1712 2958 1928 3021 marique

156 3036 215 3084 sit
234 3036 378 3100 longe
393 3039 638 3101 potentior
648 3039 806 3098 nobis,
824 3039 1096 3103 indigemus
1108 3040 1283 3088 auxilio
1298 3042 1688 3105 Venetorumqui
1704 3041 1929 3090 obsidunt

154 3134 244 3166 nec
260 3119 424 3168 volunt
438 3121 576 3169 nobis
594 3138 701 3171 esse
714 3123 908 3182 auxilio,
925 3123 1021 3171 imo
1041 3124 1222 3172 habent
1240 3124 1565 3173 arctissimum
1580 3125 1928 3174 commercium

154 3217 265 3250 cum
287 3202 493 3251 inimicis
524 3206 701 3254 nostris
724 3211 771 3255 et
793 3207 1068 3255 dubitamus
1092 3209 1222 3271 quod
1243 3208 1336 3256 sint
1356 3210 1494 3257 nobis
1516 3210 1761 3267 contrarii,
1801 3209 1929 3272 quod

154 3289 281 3332 esset
302 3284 440 3332 nobis
462 3294 799 3353 argumentum
812 3306 988 3354 magne
1009 3290 1308 3351 offensionis,
1324 3296 1368 3340 et
1386 3307 1474 3339 nos
1497 3291 1767 3355 reperimus
1786 3292 1927 3340 aliam

153 3369 277 3416 viam
299 3369 611 3417 convertendi
636 3371 697 3418 ad
721 3376 882 3435 partes
904 3378 1093 3421 nostras
1113 3375 1335 3432 tuendas,
1356 3390 1499 3437 quam
1521 3391 1608 3438 per
1634 3375 1755 3423 viam
1778 3374 1924 3438 ipsius

154 3456 325 3513 Turce,
344 3453 421 3501 cui
439 3452 708 3512 denotabis,
727 3460 775 3503 ut
797 3472 958 3520 supra,
978 3460 1024 3504 et
1040 3457 1166 3520 quod
1184 3457 1221 3505 si
1240 3457 1408 3506 Franci
1426 3458 1630 3506 victores
1647 3459 1819 3517 forent,
1840 3473 1924 3504 sua
