<?xml version="1.0" encoding="UTF-8"?>
<!DOCTYPE html PUBLIC "-//W3C//DTD XHTML 1.0 Transitional//EN"
    "http://www.w3.org/TR/xhtml1/DTD/xhtml1-transitional.dtd">
<html xmlns="http://www.w3.org/1999/xhtml" xml:lang="en" lang="en">
 <head>
  <title>
</title>
<meta http-equiv="Content-Type" content="text/html;charset=utf-8" />
  <meta name='ocr-system' content='tesseract 3.04.00' />
  <meta name='ocr-capabilities' content='ocr_page ocr_carea ocr_par ocr_line ocrx_word'/>
</head>
<body>
  <div class='ocr_page' id='page_1' title='image "./diariumsivererum02burcuoft_0198.png"; bbox 0 0 2202 3926; ppageno 0'>
   <div class='ocr_carea' id='block_1_1' title="bbox 289 313 2059 366">
    <p class='ocr_par' dir='ltr' id='par_1_1' title="bbox 289 313 2059 366">
     <span class='ocr_line' id='line_1_1' title="bbox 289 313 2059 366; baseline -0.003 -13"><span class='ocrx_word' id='word_1_1' title='bbox 289 317 357 354; x_wconf 78' lang='lat'>186</span> <span class='ocrx_word' id='word_1_2' title='bbox 892 315 1125 352; x_wconf 86' lang='lat' dir='ltr'>JOHANNIS</span> <span class='ocrx_word' id='word_1_3' title='bbox 1157 313 1449 358; x_wconf 85' lang='lat' dir='ltr'>BURCHARDI,</span> <span class='ocrx_word' id='word_1_4' title='bbox 1727 313 1944 355; x_wconf 81' lang='lat' dir='ltr'>[Septembre</span> <span class='ocrx_word' id='word_1_5' title='bbox 1965 316 2059 366; x_wconf 65' lang='lat' dir='ltr'>i494]</span> 
     </span>
    </p>
   </div>
   <div class='ocr_carea' id='block_1_2' title="bbox 282 412 2059 3457">
    <p class='ocr_par' dir='ltr' id='par_1_2' title="bbox 282 412 2058 1292">
     <span class='ocr_line' id='line_1_2' title="bbox 287 412 2055 478; baseline -0.002 -11"><span class='ocrx_word' id='word_1_6' title='bbox 287 418 560 467; x_wconf 87' lang='lat' dir='ltr'>obtulerunt</span> <span class='ocrx_word' id='word_1_7' title='bbox 578 433 713 465; x_wconf 90' lang='lat' dir='ltr'>more</span> <span class='ocrx_word' id='word_1_8' title='bbox 736 417 892 466; x_wconf 89' lang='lat' dir='ltr'>solito.</span> <span class='ocrx_word' id='word_1_9' title='bbox 918 417 1192 465; x_wconf 76' lang='lat' dir='ltr'>Oblationes</span> <span class='ocrx_word' id='word_1_10' title='bbox 1219 414 1497 478; x_wconf 91' lang='lat' dir='ltr'>hujusmodi</span> <span class='ocrx_word' id='word_1_11' title='bbox 1519 413 1633 460; x_wconf 83' lang='lat' dir='ltr'>dare</span> <span class='ocrx_word' id='word_1_12' title='bbox 1658 412 1773 459; x_wconf 89' lang='lat' dir='ltr'>fecit</span> <span class='ocrx_word' id='word_1_13' title='bbox 1799 413 1927 461; x_wconf 91' lang='lat' dir='ltr'>idem</span> <span class='ocrx_word' id='word_1_14' title='bbox 1951 430 2055 463; x_wconf 90' lang='lat' dir='ltr'>car-</span> 
     </span>
     <span class='ocr_line' id='line_1_3' title="bbox 284 495 2053 564; baseline -0.002 -15"><span class='ocrx_word' id='word_1_15' title='bbox 284 501 454 550; x_wconf 90' lang='lat' dir='ltr'>dinalis</span> <span class='ocrx_word' id='word_1_16' title='bbox 475 504 581 564; x_wconf 91' lang='lat' dir='ltr'>post</span> <span class='ocrx_word' id='word_1_17' title='bbox 600 500 796 548; x_wconf 88' lang='lat' dir='ltr'>missam</span> <span class='ocrx_word' id='word_1_18' title='bbox 815 500 1122 563; x_wconf 90' lang='lat' dir='ltr'>pauperibus,</span> <span class='ocrx_word' id='word_1_19' title='bbox 1146 498 1259 546; x_wconf 86' lang='lat' dir='ltr'>fecit</span> <span class='ocrx_word' id='word_1_20' title='bbox 1284 495 1636 544; x_wconf 87' lang='lat' dir='ltr'>absolutionem</span> <span class='ocrx_word' id='word_1_21' title='bbox 1657 499 1765 557; x_wconf 90' lang='lat' dir='ltr'>post</span> <span class='ocrx_word' id='word_1_22' title='bbox 1791 510 2053 559; x_wconf 89' lang='lat' dir='ltr'>responso-</span> 
     </span>
     <span class='ocr_line' id='line_1_4' title="bbox 285 578 2055 642; baseline -0.003 -10"><span class='ocrx_word' id='word_1_23' title='bbox 285 584 409 632; x_wconf 92' lang='lat' dir='ltr'>rium</span> <span class='ocrx_word' id='word_1_24' title='bbox 431 602 440 631; x_wconf 74' lang='grc' dir='ltr'>ε</span> <span class='ocrx_word' id='word_1_25' title='bbox 464 583 634 631; x_wconf 79' lang='lat' dir='ltr'>Libera</span> <span class='ocrx_word' id='word_1_26' title='bbox 655 599 743 641; x_wconf 79' lang='lat' dir='ltr'>me,</span> <span class='ocrx_word' id='word_1_27' title='bbox 766 590 871 640; x_wconf 58' lang='lat' dir='ltr'>ete„</span> <span class='ocrx_word' id='word_1_28' title='bbox 891 582 1072 628; x_wconf 91' lang='lat' dir='ltr'>dictum</span> <span class='ocrx_word' id='word_1_29' title='bbox 1092 581 1140 627; x_wconf 92' lang='lat' dir='ltr'>in</span> <span class='ocrx_word' id='word_1_30' title='bbox 1162 579 1322 627; x_wconf 91' lang='lat' dir='ltr'>medio</span> <span class='ocrx_word' id='word_1_31' title='bbox 1343 578 1496 642; x_wconf 90' lang='lat' dir='ltr'>prime</span> <span class='ocrx_word' id='word_1_32' title='bbox 1519 579 1742 639; x_wconf 78' lang='lat' dir='ltr'>ecclesie,</span> <span class='ocrx_word' id='word_1_33' title='bbox 1763 580 1844 627; x_wconf 92' lang='lat' dir='ltr'>ubi</span> <span class='ocrx_word' id='word_1_34' title='bbox 1868 595 2055 642; x_wconf 89' lang='lat' dir='ltr'>pannus</span> 
     </span>
     <span class='ocr_line' id='line_1_5' title="bbox 284 660 2058 730; baseline -0.002 -16"><span class='ocrx_word' id='word_1_35' title='bbox 284 667 420 730; x_wconf 82' lang='lat' dir='ltr'>niger</span> <span class='ocrx_word' id='word_1_36' title='bbox 458 670 684 714; x_wconf 86' lang='lat' dir='ltr'>extensus</span> <span class='ocrx_word' id='word_1_37' title='bbox 721 667 840 721; x_wconf 86' lang='lat' dir='ltr'>erat,</span> <span class='ocrx_word' id='word_1_38' title='bbox 877 668 923 710; x_wconf 92' lang='lat' dir='ltr'>et</span> <span class='ocrx_word' id='word_1_39' title='bbox 965 662 1079 709; x_wconf 91' lang='lat' dir='ltr'>hinc</span> <span class='ocrx_word' id='word_1_40' title='bbox 1121 665 1169 709; x_wconf 88' lang='lat' dir='ltr'>et</span> <span class='ocrx_word' id='word_1_41' title='bbox 1207 660 1318 708; x_wconf 86' lang='lat' dir='ltr'>inde</span> <span class='ocrx_word' id='word_1_42' title='bbox 1355 661 1610 709; x_wconf 82' lang='lat' dir='ltr'>duodecim</span> <span class='ocrx_word' id='word_1_43' title='bbox 1645 662 1885 710; x_wconf 87' lang='lat' dir='ltr'>intorticia</span> <span class='ocrx_word' id='word_1_44' title='bbox 1914 662 2058 710; x_wconf 81' lang='lat' dir='ltr'>trium</span> 
     </span>
     <span class='ocr_line' id='line_1_6' title="bbox 284 743 2053 809; baseline -0.002 -12"><span class='ocrx_word' id='word_1_45' title='bbox 284 750 514 797; x_wconf 88' lang='lat' dir='ltr'>librarum</span> <span class='ocrx_word' id='word_1_46' title='bbox 536 746 782 809; x_wconf 83' lang='lat' dir='ltr'>quodlibet</span> <span class='ocrx_word' id='word_1_47' title='bbox 799 745 872 793; x_wconf 91' lang='lat' dir='ltr'>vel</span> <span class='ocrx_word' id='word_1_48' title='bbox 891 745 1037 804; x_wconf 88' lang='lat' dir='ltr'>circa,</span> <span class='ocrx_word' id='word_1_49' title='bbox 1075 760 1166 807; x_wconf 91' lang='lat' dir='ltr'>que</span> <span class='ocrx_word' id='word_1_50' title='bbox 1199 743 1360 792; x_wconf 89' lang='lat' dir='ltr'>omnia</span> <span class='ocrx_word' id='word_1_51' title='bbox 1377 743 1506 793; x_wconf 91' lang='lat' dir='ltr'>idem</span> <span class='ocrx_word' id='word_1_52' title='bbox 1525 745 1778 792; x_wconf 84' lang='lat' dir='ltr'>cardinalis</span> <span class='ocrx_word' id='word_1_53' title='bbox 1798 745 2022 808; x_wconf 79' lang='lat' dir='ltr'>persolvit</span> <span class='ocrx_word' id='word_1_54' title='bbox 2044 762 2053 793; x_wconf 92' lang='lat'>:</span> 
     </span>
     <span class='ocr_line' id='line_1_7' title="bbox 285 826 2057 878; baseline -0.002 0"><span class='ocrx_word' id='word_1_55' title='bbox 285 830 489 878; x_wconf 88' lang='lat' dir='ltr'>ecclesia</span> <span class='ocrx_word' id='word_1_56' title='bbox 511 828 599 876; x_wconf 89' lang='lat' dir='ltr'>fuit</span> <span class='ocrx_word' id='word_1_57' title='bbox 620 833 720 876; x_wconf 88' lang='lat' dir='ltr'>tota</span> <span class='ocrx_word' id='word_1_58' title='bbox 740 828 869 875; x_wconf 83' lang='lat' dir='ltr'>nuda</span> <span class='ocrx_word' id='word_1_59' title='bbox 896 833 943 876; x_wconf 89' lang='lat' dir='ltr'>et</span> <span class='ocrx_word' id='word_1_60' title='bbox 973 827 1226 876; x_wconf 86' lang='lat' dir='ltr'>cardinalis</span> <span class='ocrx_word' id='word_1_61' title='bbox 1259 826 1379 874; x_wconf 87' lang='lat' dir='ltr'>sedit</span> <span class='ocrx_word' id='word_1_62' title='bbox 1409 826 1458 873; x_wconf 92' lang='lat' dir='ltr'>in</span> <span class='ocrx_word' id='word_1_63' title='bbox 1487 827 1642 874; x_wconf 89' lang='lat' dir='ltr'>banco</span> <span class='ocrx_word' id='word_1_64' title='bbox 1673 827 1801 875; x_wconf 93' lang='lat' dir='ltr'>nudo</span> <span class='ocrx_word' id='word_1_65' title='bbox 1829 827 1877 875; x_wconf 91' lang='lat' dir='ltr'>in</span> <span class='ocrx_word' id='word_1_66' title='bbox 1909 843 2057 876; x_wconf 90' lang='lat' dir='ltr'>cornu</span> 
     </span>
     <span class='ocr_line' id='line_1_8' title="bbox 283 909 2056 975; baseline 0 -15"><span class='ocrx_word' id='word_1_67' title='bbox 283 912 514 975; x_wconf 89' lang='lat' dir='ltr'>evangelii</span> <span class='ocrx_word' id='word_1_68' title='bbox 536 911 715 970; x_wconf 85' lang='lat' dir='ltr'>altaris,</span> <span class='ocrx_word' id='word_1_69' title='bbox 739 911 926 959; x_wconf 91' lang='lat' dir='ltr'>nullum</span> <span class='ocrx_word' id='word_1_70' title='bbox 957 916 1170 975; x_wconf 84' lang='lat' dir='ltr'>tapetem</span> <span class='ocrx_word' id='word_1_71' title='bbox 1190 910 1375 958; x_wconf 90' lang='lat' dir='ltr'>habens</span> <span class='ocrx_word' id='word_1_72' title='bbox 1404 924 1548 973; x_wconf 88' lang='lat' dir='ltr'>super</span> <span class='ocrx_word' id='word_1_73' title='bbox 1575 909 1728 958; x_wconf 87' lang='lat' dir='ltr'>banco</span> <span class='ocrx_word' id='word_1_74' title='bbox 1749 910 1823 957; x_wconf 90' lang='lat' dir='ltr'>vel</span> <span class='ocrx_word' id='word_1_75' title='bbox 1843 910 1985 969; x_wconf 87' lang='lat' dir='ltr'>infra,</span> <span class='ocrx_word' id='word_1_76' title='bbox 2009 916 2056 960; x_wconf 91' lang='lat' dir='ltr'>et</span> 
     </span>
     <span class='ocr_line' id='line_1_9' title="bbox 285 992 2058 1055; baseline -0.001 -12"><span class='ocrx_word' id='word_1_77' title='bbox 285 996 420 1043; x_wconf 89' lang='lat' dir='ltr'>finito</span> <span class='ocrx_word' id='word_1_78' title='bbox 443 995 620 1053; x_wconf 88' lang='lat' dir='ltr'>officio,</span> <span class='ocrx_word' id='word_1_79' title='bbox 645 994 902 1042; x_wconf 89' lang='lat' dir='ltr'>cardinalis</span> <span class='ocrx_word' id='word_1_80' title='bbox 925 994 1040 1041; x_wconf 81' lang='lat' dir='ltr'>dixit</span> <span class='ocrx_word' id='word_1_81' title='bbox 1062 993 1180 1041; x_wconf 89' lang='lat' dir='ltr'>mihi</span> <span class='ocrx_word' id='word_1_82' title='bbox 1202 1008 1290 1040; x_wconf 91' lang='lat' dir='ltr'>nos</span> <span class='ocrx_word' id='word_1_83' title='bbox 1313 1007 1420 1041; x_wconf 88' lang='lat' dir='ltr'>esse</span> <span class='ocrx_word' id='word_1_84' title='bbox 1441 992 1645 1040; x_wconf 92' lang='lat' dir='ltr'>rusticos</span> <span class='ocrx_word' id='word_1_85' title='bbox 1665 993 1778 1055; x_wconf 88' lang='lat' dir='ltr'>quia</span> <span class='ocrx_word' id='word_1_86' title='bbox 1797 1008 1894 1040; x_wconf 90' lang='lat' dir='ltr'>non</span> <span class='ocrx_word' id='word_1_87' title='bbox 1915 992 2058 1041; x_wconf 89' lang='lat' dir='ltr'>fecis-</span> 
     </span>
     <span class='ocr_line' id='line_1_10' title="bbox 283 1074 2054 1139; baseline -0.002 -13"><span class='ocrx_word' id='word_1_88' title='bbox 283 1093 443 1126; x_wconf 86' lang='lat' dir='ltr'>semus</span> <span class='ocrx_word' id='word_1_89' title='bbox 474 1077 603 1139; x_wconf 78' lang='lat' dir='ltr'>affigi</span> <span class='ocrx_word' id='word_1_90' title='bbox 632 1076 892 1139; x_wconf 83' lang='lat' dir='ltr'>parietibus</span> <span class='ocrx_word' id='word_1_91' title='bbox 924 1091 1057 1124; x_wconf 89' lang='lat' dir='ltr'>arma</span> <span class='ocrx_word' id='word_1_92' title='bbox 1089 1074 1391 1139; x_wconf 88' lang='lat' dir='ltr'>imperatoris</span> <span class='ocrx_word' id='word_1_93' title='bbox 1425 1076 1639 1124; x_wconf 84' lang='lat' dir='ltr'>defuncti</span> <span class='ocrx_word' id='word_1_94' title='bbox 1665 1092 1674 1122; x_wconf 91' lang='lat'>:</span> <span class='ocrx_word' id='word_1_95' title='bbox 1701 1075 1927 1139; x_wconf 87' lang='lat' dir='ltr'>respondi</span> <span class='ocrx_word' id='word_1_96' title='bbox 1958 1091 2054 1123; x_wconf 91' lang='lat' dir='ltr'>non</span> 
     </span>
     <span class='ocr_line' id='line_1_11' title="bbox 282 1157 2056 1226; baseline -0.002 -18"><span class='ocrx_word' id='word_1_97' title='bbox 282 1176 387 1208; x_wconf 89' lang='lat' dir='ltr'>esse</span> <span class='ocrx_word' id='word_1_98' title='bbox 415 1160 464 1206; x_wconf 93' lang='lat' dir='ltr'>in</span> <span class='ocrx_word' id='word_1_99' title='bbox 493 1159 619 1207; x_wconf 82' lang='lat' dir='ltr'>Urbe</span> <span class='ocrx_word' id='word_1_100' title='bbox 648 1162 935 1207; x_wconf 88' lang='lat' dir='ltr'>consuetum</span> <span class='ocrx_word' id='word_1_101' title='bbox 964 1158 1013 1206; x_wconf 91' lang='lat' dir='ltr'>id</span> <span class='ocrx_word' id='word_1_102' title='bbox 1042 1157 1147 1206; x_wconf 89' lang='lat' dir='ltr'>fieri</span> <span class='ocrx_word' id='word_1_103' title='bbox 1181 1158 1229 1205; x_wconf 91' lang='lat' dir='ltr'>in</span> <span class='ocrx_word' id='word_1_104' title='bbox 1261 1158 1613 1226; x_wconf 84' lang='lat' dir='ltr'>anniversariis,</span> <span class='ocrx_word' id='word_1_105' title='bbox 1649 1159 1735 1207; x_wconf 92' lang='lat' dir='ltr'>sed</span> <span class='ocrx_word' id='word_1_106' title='bbox 1763 1158 1810 1206; x_wconf 93' lang='lat' dir='ltr'>in</span> <span class='ocrx_word' id='word_1_107' title='bbox 1843 1158 2056 1221; x_wconf 86' lang='lat' dir='ltr'>exequiis</span> 
     </span>
     <span class='ocr_line' id='line_1_12' title="bbox 288 1247 492 1292; baseline 0 -2"><span class='ocrx_word' id='word_1_108' title='bbox 288 1247 492 1292; x_wconf 87' lang='lat' dir='ltr'>tantum.</span> 
     </span>
    </p>

    <p class='ocr_par' dir='ltr' id='par_1_3' title="bbox 282 1323 2059 1967">
     <span class='ocr_line' id='line_1_13' title="bbox 355 1323 2058 1389; baseline -0.001 -16"><span class='ocrx_word' id='word_1_109' title='bbox 355 1326 495 1374; x_wconf 86' lang='lat' dir='ltr'>Feria</span> <span class='ocrx_word' id='word_1_110' title='bbox 525 1329 711 1389; x_wconf 84' lang='lat' dir='ltr'>quarta,</span> <span class='ocrx_word' id='word_1_111' title='bbox 736 1329 793 1373; x_wconf 75' lang='lat'>27</span> <span class='ocrx_word' id='word_1_112' title='bbox 829 1325 1009 1373; x_wconf 90' lang='lat' dir='ltr'>mensis</span> <span class='ocrx_word' id='word_1_113' title='bbox 1031 1324 1239 1388; x_wconf 81' lang='lat' dir='ltr'>augusti,</span> <span class='ocrx_word' id='word_1_114' title='bbox 1267 1324 1317 1371; x_wconf 90' lang='lat' dir='ltr'>in</span> <span class='ocrx_word' id='word_1_115' title='bbox 1337 1323 1624 1372; x_wconf 87' lang='lat' dir='ltr'>cancellaria</span> <span class='ocrx_word' id='word_1_116' title='bbox 1644 1323 1909 1387; x_wconf 88' lang='lat' dir='ltr'>apostolica</span> <span class='ocrx_word' id='word_1_117' title='bbox 1936 1327 1983 1371; x_wconf 90' lang='lat' dir='ltr'>et</span> <span class='ocrx_word' id='word_1_118' title='bbox 2010 1324 2058 1371; x_wconf 94' lang='lat' dir='ltr'>in</span> 
     </span>
     <span class='ocr_line' id='line_1_14' title="bbox 282 1406 2051 1470; baseline -0.002 -13"><span class='ocrx_word' id='word_1_119' title='bbox 282 1409 423 1457; x_wconf 89' lang='lat' dir='ltr'>valvis</span> <span class='ocrx_word' id='word_1_120' title='bbox 451 1409 758 1457; x_wconf 77' lang='lat' dir='ltr'>basilicarum</span> <span class='ocrx_word' id='word_1_121' title='bbox 789 1407 1103 1455; x_wconf 84' lang='lat' dir='ltr'>lateranensis</span> <span class='ocrx_word' id='word_1_122' title='bbox 1135 1413 1181 1455; x_wconf 90' lang='lat' dir='ltr'>et</span> <span class='ocrx_word' id='word_1_123' title='bbox 1213 1407 1442 1470; x_wconf 85' lang='lat' dir='ltr'>principis</span> <span class='ocrx_word' id='word_1_124' title='bbox 1476 1406 1803 1470; x_wconf 87' lang='lat' dir='ltr'>apostolorum</span> <span class='ocrx_word' id='word_1_125' title='bbox 1837 1406 1902 1454; x_wconf 85' lang='lat' dir='ltr'>de&#39;</span> <span class='ocrx_word' id='word_1_126' title='bbox 1927 1407 2051 1455; x_wconf 89' lang='lat' dir='ltr'>Urbe</span> 
     </span>
     <span class='ocr_line' id='line_1_15' title="bbox 283 1487 2058 1554; baseline -0.003 -14"><span class='ocrx_word' id='word_1_127' title='bbox 283 1492 372 1540; x_wconf 84' lang='lat' dir='ltr'>fuit</span> <span class='ocrx_word' id='word_1_128' title='bbox 403 1491 545 1539; x_wconf 87' lang='lat' dir='ltr'>affixa</span> <span class='ocrx_word' id='word_1_129' title='bbox 576 1491 719 1551; x_wconf 91' lang='lat' dir='ltr'>bulla,</span> <span class='ocrx_word' id='word_1_130' title='bbox 754 1506 840 1554; x_wconf 93' lang='lat' dir='ltr'>per</span> <span class='ocrx_word' id='word_1_131' title='bbox 870 1505 1014 1553; x_wconf 88' lang='lat' dir='ltr'>quam</span> <span class='ocrx_word' id='word_1_132' title='bbox 1045 1489 1249 1537; x_wconf 89' lang='lat' dir='ltr'>curiales</span> <span class='ocrx_word' id='word_1_133' title='bbox 1278 1504 1446 1537; x_wconf 88' lang='lat' dir='ltr'>omnes</span> <span class='ocrx_word' id='word_1_134' title='bbox 1474 1489 1534 1536; x_wconf 91' lang='lat' dir='ltr'>ad</span> <span class='ocrx_word' id='word_1_135' title='bbox 1558 1488 1736 1536; x_wconf 89' lang='lat' dir='ltr'>Urbem</span> <span class='ocrx_word' id='word_1_136' title='bbox 1768 1487 2058 1536; x_wconf 87' lang='lat' dir='ltr'>vocabantur</span> 
     </span>
     <span class='ocr_line' id='line_1_16' title="bbox 287 1571 2059 1638; baseline -0.001 -16"><span class='ocrx_word' id='word_1_137' title='bbox 287 1576 373 1622; x_wconf 89' lang='lat' dir='ltr'>sub</span> <span class='ocrx_word' id='word_1_138' title='bbox 400 1575 535 1638; x_wconf 91' lang='lat' dir='ltr'>penis</span> <span class='ocrx_word' id='word_1_139' title='bbox 566 1574 629 1622; x_wconf 92' lang='lat' dir='ltr'>ibi</span> <span class='ocrx_word' id='word_1_140' title='bbox 660 1573 917 1637; x_wconf 85' lang='lat' dir='ltr'>expressis,</span> <span class='ocrx_word' id='word_1_141' title='bbox 943 1574 1077 1637; x_wconf 85' lang='lat' dir='ltr'>cujus</span> <span class='ocrx_word' id='word_1_142' title='bbox 1108 1577 1270 1620; x_wconf 89' lang='lat' dir='ltr'>tamen</span> <span class='ocrx_word' id='word_1_143' title='bbox 1299 1572 1487 1635; x_wconf 84' lang='lat' dir='ltr'>copiam</span> <span class='ocrx_word' id='word_1_144' title='bbox 1512 1572 1693 1619; x_wconf 88' lang='lat' dir='ltr'>habere</span> <span class='ocrx_word' id='word_1_145' title='bbox 1721 1587 1818 1619; x_wconf 89' lang='lat' dir='ltr'>non</span> <span class='ocrx_word' id='word_1_146' title='bbox 1853 1571 1986 1634; x_wconf 86' lang='lat' dir='ltr'>potui</span> <span class='ocrx_word' id='word_1_147' title='bbox 2011 1578 2059 1620; x_wconf 86' lang='lat' dir='ltr'>et</span> 
     </span>
     <span class='ocr_line' id='line_1_17' title="bbox 291 1654 2059 1721; baseline -0.002 -17"><span class='ocrx_word' id='word_1_148' title='bbox 291 1658 497 1706; x_wconf 89' lang='lat' dir='ltr'>nonfuit</span> <span class='ocrx_word' id='word_1_149' title='bbox 522 1657 812 1721; x_wconf 88' lang='lat' dir='ltr'>permissum</span> <span class='ocrx_word' id='word_1_150' title='bbox 844 1661 970 1704; x_wconf 87' lang='lat' dir='ltr'>stare</span> <span class='ocrx_word' id='word_1_151' title='bbox 990 1656 1039 1703; x_wconf 92' lang='lat' dir='ltr'>in</span> <span class='ocrx_word' id='word_1_152' title='bbox 1061 1655 1200 1703; x_wconf 90' lang='lat' dir='ltr'>dictis</span> <span class='ocrx_word' id='word_1_153' title='bbox 1221 1655 1382 1714; x_wconf 88' lang='lat' dir='ltr'>valvis,</span> <span class='ocrx_word' id='word_1_154' title='bbox 1408 1655 1494 1703; x_wconf 90' lang='lat' dir='ltr'>sed</span> <span class='ocrx_word' id='word_1_155' title='bbox 1519 1654 1662 1702; x_wconf 85' lang='lat' dir='ltr'>affixa</span> <span class='ocrx_word' id='word_1_156' title='bbox 1688 1658 1876 1702; x_wconf 87' lang='lat' dir='ltr'>tantum</span> <span class='ocrx_word' id='word_1_157' title='bbox 1897 1658 1945 1701; x_wconf 86' lang='lat' dir='ltr'>ct</span> <span class='ocrx_word' id='word_1_158' title='bbox 1965 1658 2059 1701; x_wconf 87' lang='lat' dir='ltr'>sta-</span> 
     </span>
     <span class='ocr_line' id='line_1_18' title="bbox 286 1737 2058 1805; baseline -0.003 -17"><span class='ocrx_word' id='word_1_159' title='bbox 286 1741 371 1788; x_wconf 85' lang='lat' dir='ltr'>tim</span> <span class='ocrx_word' id='word_1_160' title='bbox 392 1741 611 1805; x_wconf 90' lang='lat' dir='ltr'>deposita</span> <span class='ocrx_word' id='word_1_161' title='bbox 630 1756 775 1804; x_wconf 88' lang='lat' dir='ltr'>per...</span> <span class='ocrx_word' id='word_1_162' title='bbox 797 1740 878 1802; x_wconf 94' lang='lat' dir='ltr'>qui</span> <span class='ocrx_word' id='word_1_163' title='bbox 900 1754 1008 1786; x_wconf 91' lang='lat' dir='ltr'>cum</span> <span class='ocrx_word' id='word_1_164' title='bbox 1029 1738 1306 1787; x_wconf 91' lang='lat' dir='ltr'>cursoribus</span> <span class='ocrx_word' id='word_1_165' title='bbox 1326 1753 1527 1801; x_wconf 89' lang='lat' dir='ltr'>presens</span> <span class='ocrx_word' id='word_1_166' title='bbox 1542 1737 1630 1785; x_wconf 86' lang='lat' dir='ltr'>fuit</span> <span class='ocrx_word' id='word_1_167' title='bbox 1652 1740 1698 1785; x_wconf 91' lang='lat' dir='ltr'>et</span> <span class='ocrx_word' id='word_1_168' title='bbox 1716 1752 1822 1785; x_wconf 89' lang='lat' dir='ltr'>eam</span> <span class='ocrx_word' id='word_1_169' title='bbox 1843 1737 1940 1800; x_wconf 87' lang='lat' dir='ltr'>legi</span> <span class='ocrx_word' id='word_1_170' title='bbox 1961 1751 2058 1783; x_wconf 91' lang='lat' dir='ltr'>non</span> 
     </span>
     <span class='ocr_line' id='line_1_19' title="bbox 290 1819 2059 1885; baseline -0.002 -15"><span class='ocrx_word' id='word_1_171' title='bbox 290 1822 533 1885; x_wconf 87' lang='lat' dir='ltr'>permisit;</span> <span class='ocrx_word' id='word_1_172' title='bbox 559 1838 650 1869; x_wconf 90' lang='lat' dir='ltr'>nec</span> <span class='ocrx_word' id='word_1_173' title='bbox 671 1822 887 1869; x_wconf 79' lang='lat' dir='ltr'>sciebant</span> <span class='ocrx_word' id='word_1_174' title='bbox 909 1836 1131 1869; x_wconf 90' lang='lat' dir='ltr'>cursores</span> <span class='ocrx_word' id='word_1_175' title='bbox 1151 1821 1240 1884; x_wconf 90' lang='lat' dir='ltr'>ipsi</span> <span class='ocrx_word' id='word_1_176' title='bbox 1263 1820 1377 1883; x_wconf 92' lang='lat' dir='ltr'>quid</span> <span class='ocrx_word' id='word_1_177' title='bbox 1397 1819 1666 1868; x_wconf 86' lang='lat' dir='ltr'>contineret</span> <span class='ocrx_word' id='word_1_178' title='bbox 1689 1819 1804 1868; x_wconf 91' lang='lat' dir='ltr'>etin</span> <span class='ocrx_word' id='word_1_179' title='bbox 1826 1819 2059 1867; x_wconf 88' lang='lat' dir='ltr'>cancella-</span> 
     </span>
     <span class='ocr_line' id='line_1_20' title="bbox 289 1902 1833 1967; baseline 0 -17"><span class='ocrx_word' id='word_1_180' title='bbox 289 1904 358 1951; x_wconf 89' lang='lat' dir='ltr'>ria</span> <span class='ocrx_word' id='word_1_181' title='bbox 379 1905 483 1967; x_wconf 89' lang='lat' dir='ltr'>ejus</span> <span class='ocrx_word' id='word_1_182' title='bbox 505 1905 690 1953; x_wconf 88' lang='lat' dir='ltr'>lectura</span> <span class='ocrx_word' id='word_1_183' title='bbox 712 1904 929 1951; x_wconf 89' lang='lat' dir='ltr'>similiter</span> <span class='ocrx_word' id='word_1_184' title='bbox 950 1903 1159 1966; x_wconf 90' lang='lat' dir='ltr'>quodam</span> <span class='ocrx_word' id='word_1_185' title='bbox 1182 1903 1408 1967; x_wconf 83' lang='lat' dir='ltr'>singulari</span> <span class='ocrx_word' id='word_1_186' title='bbox 1426 1903 1571 1951; x_wconf 93' lang='lat' dir='ltr'>modo</span> <span class='ocrx_word' id='word_1_187' title='bbox 1594 1902 1722 1951; x_wconf 84' lang='lat' dir='ltr'>facta</span> <span class='ocrx_word' id='word_1_188' title='bbox 1743 1907 1833 1951; x_wconf 89' lang='lat' dir='ltr'>est.</span> 
     </span>
    </p>

    <p class='ocr_par' dir='ltr' id='par_1_4' title="bbox 282 1984 2057 2465">
     <span class='ocr_line' id='line_1_21' title="bbox 355 1984 2057 2050; baseline 0 -17"><span class='ocrx_word' id='word_1_189' title='bbox 355 1986 625 2046; x_wconf 90' lang='lat' dir='ltr'>Dominica,</span> <span class='ocrx_word' id='word_1_190' title='bbox 653 1991 677 2033; x_wconf 89' lang='lat'><strong>7</strong></span> <span class='ocrx_word' id='word_1_191' title='bbox 701 1986 883 2033; x_wconf 89' lang='lat' dir='ltr'>mensis</span> <span class='ocrx_word' id='word_1_192' title='bbox 905 1984 1218 2049; x_wconf 89' lang='lat' dir='ltr'>septembris,</span> <span class='ocrx_word' id='word_1_193' title='bbox 1242 1988 1409 2033; x_wconf 91' lang='lat' dir='ltr'>Rmus.</span> <span class='ocrx_word' id='word_1_194' title='bbox 1437 1986 1484 2033; x_wconf 92' lang='lat' dir='ltr'>in</span> <span class='ocrx_word' id='word_1_195' title='bbox 1513 1985 1702 2034; x_wconf 85' lang='lat' dir='ltr'>Christo</span> <span class='ocrx_word' id='word_1_196' title='bbox 1726 1990 1864 2050; x_wconf 83' lang='lat' dir='ltr'>pater</span> <span class='ocrx_word' id='word_1_197' title='bbox 1887 1987 1944 2033; x_wconf 91' lang='lat' dir='ltr'>D.</span> <span class='ocrx_word' id='word_1_198' title='bbox 1974 1989 2057 2033; x_wconf 88' lang='lat' dir='ltr'>Jo-</span> 
     </span>
     <span class='ocr_line' id='line_1_22' title="bbox 282 2067 2056 2132; baseline 0.001 -17"><span class='ocrx_word' id='word_1_199' title='bbox 282 2069 484 2127; x_wconf 89' lang='lat' dir='ltr'>hannes,</span> <span class='ocrx_word' id='word_1_200' title='bbox 510 2067 898 2132; x_wconf 84' lang='lat' dir='ltr'>archiepiscopus</span> <span class='ocrx_word' id='word_1_201' title='bbox 921 2068 1209 2132; x_wconf 87' lang='lat' dir='ltr'>Ragusinus,</span> <span class='ocrx_word' id='word_1_202' title='bbox 1234 2069 1359 2117; x_wconf 87' lang='lat' dir='ltr'>alme</span> <span class='ocrx_word' id='word_1_203' title='bbox 1385 2069 1524 2117; x_wconf 88' lang='lat' dir='ltr'>Urbis</span> <span class='ocrx_word' id='word_1_204' title='bbox 1545 2069 1853 2132; x_wconf 86' lang='lat' dir='ltr'>gubernator,</span> <span class='ocrx_word' id='word_1_205' title='bbox 1872 2068 2056 2118; x_wconf 84' lang='lat' dir='ltr'>noviter</span> 
     </span>
     <span class='ocr_line' id='line_1_23' title="bbox 285 2151 2057 2215; baseline 0.001 -17"><span class='ocrx_word' id='word_1_206' title='bbox 285 2167 312 2198; x_wconf 90' lang='lat' dir='ltr'>a</span> <span class='ocrx_word' id='word_1_207' title='bbox 338 2153 422 2199; x_wconf 90' lang='lat' dir='ltr'>SS.</span> <span class='ocrx_word' id='word_1_208' title='bbox 454 2154 510 2199; x_wconf 92' lang='lat' dir='ltr'>D.</span> <span class='ocrx_word' id='word_1_209' title='bbox 537 2157 702 2199; x_wconf 85' lang='lat' dir='ltr'>nostro</span> <span class='ocrx_word' id='word_1_210' title='bbox 735 2151 1042 2210; x_wconf 89' lang='lat' dir='ltr'>constitutus,</span> <span class='ocrx_word' id='word_1_211' title='bbox 1067 2151 1223 2214; x_wconf 87' lang='lat' dir='ltr'>prima</span> <span class='ocrx_word' id='word_1_212' title='bbox 1253 2152 1356 2200; x_wconf 88' lang='lat' dir='ltr'>vice</span> <span class='ocrx_word' id='word_1_213' title='bbox 1388 2153 1615 2215; x_wconf 87' lang='lat' dir='ltr'>equitavit</span> <span class='ocrx_word' id='word_1_214' title='bbox 1645 2168 1732 2215; x_wconf 90' lang='lat' dir='ltr'>per</span> <span class='ocrx_word' id='word_1_215' title='bbox 1764 2152 1942 2200; x_wconf 89' lang='lat' dir='ltr'>Urbem</span> <span class='ocrx_word' id='word_1_216' title='bbox 1970 2167 2057 2214; x_wconf 88' lang='lat' dir='ltr'>per</span> 
     </span>
     <span class='ocr_line' id='line_1_24' title="bbox 286 2235 2054 2290; baseline 0.001 -10"><span class='ocrx_word' id='word_1_217' title='bbox 286 2238 559 2282; x_wconf 88' lang='lat' dir='ltr'>senatorem</span> <span class='ocrx_word' id='word_1_218' title='bbox 582 2239 630 2283; x_wconf 87' lang='lat' dir='ltr'>et</span> <span class='ocrx_word' id='word_1_219' title='bbox 651 2239 1013 2282; x_wconf 87' lang='lat' dir='ltr'>conservatores</span> <span class='ocrx_word' id='word_1_220' title='bbox 1031 2250 1221 2283; x_wconf 87' lang='lat' dir='ltr'>camere</span> <span class='ocrx_word' id='word_1_221' title='bbox 1243 2235 1383 2290; x_wconf 89' lang='lat' dir='ltr'>Urbis</span> <span class='ocrx_word' id='word_1_222' title='bbox 1406 2239 1452 2284; x_wconf 89' lang='lat' dir='ltr'>et</span> <span class='ocrx_word' id='word_1_223' title='bbox 1477 2236 1595 2284; x_wconf 89' lang='lat' dir='ltr'>alios</span> <span class='ocrx_word' id='word_1_224' title='bbox 1616 2236 1846 2283; x_wconf 87' lang='lat' dir='ltr'>officiales</span> <span class='ocrx_word' id='word_1_225' title='bbox 1868 2235 2054 2283; x_wconf 91' lang='lat' dir='ltr'>nobiles</span> 
     </span>
     <span class='ocr_line' id='line_1_25' title="bbox 287 2318 2053 2383; baseline 0.001 -19"><span class='ocrx_word' id='word_1_226' title='bbox 287 2322 334 2365; x_wconf 89' lang='lat' dir='ltr'>et</span> <span class='ocrx_word' id='word_1_227' title='bbox 355 2318 482 2365; x_wconf 88' lang='lat' dir='ltr'>cives</span> <span class='ocrx_word' id='word_1_228' title='bbox 510 2332 736 2365; x_wconf 87' lang='lat' dir='ltr'>romanos</span> <span class='ocrx_word' id='word_1_229' title='bbox 766 2318 1028 2366; x_wconf 89' lang='lat' dir='ltr'>associatus</span> <span class='ocrx_word' id='word_1_230' title='bbox 1057 2322 1105 2366; x_wconf 92' lang='lat' dir='ltr'>et</span> <span class='ocrx_word' id='word_1_231' title='bbox 1133 2319 1415 2379; x_wconf 87' lang='lat' dir='ltr'>honoratus,</span> <span class='ocrx_word' id='word_1_232' title='bbox 1440 2319 1653 2368; x_wconf 89' lang='lat' dir='ltr'>officium</span> <span class='ocrx_word' id='word_1_233' title='bbox 1680 2334 1821 2367; x_wconf 91' lang='lat' dir='ltr'>suum</span> <span class='ocrx_word' id='word_1_234' title='bbox 1847 2335 1936 2383; x_wconf 89' lang='lat' dir='ltr'>per</span> <span class='ocrx_word' id='word_1_235' title='bbox 1959 2318 2053 2367; x_wconf 90' lang='lat' dir='ltr'>hoc</span> 
     </span>
     <span class='ocr_line' id='line_1_26' title="bbox 288 2401 940 2465; baseline 0.002 -17"><span class='ocrx_word' id='word_1_236' title='bbox 288 2401 555 2464; x_wconf 88' lang='lat' dir='ltr'>suscipiens</span> <span class='ocrx_word' id='word_1_237' title='bbox 578 2405 624 2449; x_wconf 86' lang='lat' dir='ltr'>et</span> <span class='ocrx_word' id='word_1_238' title='bbox 647 2402 940 2465; x_wconf 88' lang='lat' dir='ltr'>ingrediens.</span> 
     </span>
    </p>

    <p class='ocr_par' dir='ltr' id='par_1_5' title="bbox 282 2484 2055 3289">
     <span class='ocr_line' id='line_1_27' title="bbox 349 2484 2055 2549; baseline 0.001 -18"><span class='ocrx_word' id='word_1_239' title='bbox 349 2486 489 2533; x_wconf 88' lang='lat' dir='ltr'>Feria</span> <span class='ocrx_word' id='word_1_240' title='bbox 527 2485 707 2548; x_wconf 86' lang='lat' dir='ltr'>quinta,</span> <span class='ocrx_word' id='word_1_241' title='bbox 746 2489 801 2533; x_wconf 87' lang='grc'>18</span> <span class='ocrx_word' id='word_1_242' title='bbox 838 2484 1019 2534; x_wconf 91' lang='lat' dir='ltr'>mensis</span> <span class='ocrx_word' id='word_1_243' title='bbox 1055 2484 1360 2548; x_wconf 82' lang='lat' dir='ltr'>septembriS,</span> <span class='ocrx_word' id='word_1_244' title='bbox 1393 2485 1441 2532; x_wconf 92' lang='lat' dir='ltr'>in</span> <span class='ocrx_word' id='word_1_245' title='bbox 1471 2500 1632 2545; x_wconf 86' lang='lat' dir='ltr'>mane,</span> <span class='ocrx_word' id='word_1_246' title='bbox 1666 2490 1835 2549; x_wconf 87' lang='lat' dir='ltr'>gentes</span> <span class='ocrx_word' id='word_1_247' title='bbox 1862 2484 2055 2534; x_wconf 83' lang='lat' dir='ltr'>Fabritii</span> 
     </span>
     <span class='ocr_line' id='line_1_28' title="bbox 287 2567 2052 2632; baseline 0.001 -17"><span class='ocrx_word' id='word_1_248' title='bbox 287 2568 517 2617; x_wconf 91' lang='lat' dir='ltr'>Columne</span> <span class='ocrx_word' id='word_1_249' title='bbox 536 2585 624 2632; x_wconf 90' lang='lat' dir='ltr'>per</span> <span class='ocrx_word' id='word_1_250' title='bbox 644 2573 900 2618; x_wconf 88' lang='lat' dir='ltr'>tractatum</span> <span class='ocrx_word' id='word_1_251' title='bbox 922 2584 1032 2616; x_wconf 91' lang='lat' dir='ltr'>cum</span> <span class='ocrx_word' id='word_1_252' title='bbox 1054 2567 1263 2631; x_wconf 90' lang='lat' dir='ltr'>quodam</span> <span class='ocrx_word' id='word_1_253' title='bbox 1279 2568 1508 2616; x_wconf 88' lang='lat' dir='ltr'>servitore</span> <span class='ocrx_word' id='word_1_254' title='bbox 1531 2569 1652 2616; x_wconf 88' lang='lat' dir='ltr'>arcis</span> <span class='ocrx_word' id='word_1_255' title='bbox 1669 2569 1796 2617; x_wconf 88' lang='lat' dir='ltr'>Ostie</span> <span class='ocrx_word' id='word_1_256' title='bbox 1814 2568 2052 2628; x_wconf 88' lang='lat' dir='ltr'>habitum,</span> 
     </span>
     <span class='ocr_line' id='line_1_29' title="bbox 284 2651 2054 2716; baseline 0.002 -19"><span class='ocrx_word' id='word_1_257' title='bbox 284 2651 581 2700; x_wconf 88' lang='lat' dir='ltr'>intraverunt</span> <span class='ocrx_word' id='word_1_258' title='bbox 617 2653 839 2700; x_wconf 89' lang='lat' dir='ltr'>eamdem</span> <span class='ocrx_word' id='word_1_259' title='bbox 869 2667 1049 2710; x_wconf 88' lang='lat' dir='ltr'>arcem,</span> <span class='ocrx_word' id='word_1_260' title='bbox 1081 2655 1265 2699; x_wconf 88' lang='lat' dir='ltr'>armata</span> <span class='ocrx_word' id='word_1_261' title='bbox 1296 2667 1459 2712; x_wconf 91' lang='lat' dir='ltr'>manu,</span> <span class='ocrx_word' id='word_1_262' title='bbox 1487 2655 1534 2700; x_wconf 82' lang='lat' dir='ltr'>et</span> <span class='ocrx_word' id='word_1_263' title='bbox 1563 2652 1761 2716; x_wconf 83' lang='lat' dir='ltr'>expulso</span> <span class='ocrx_word' id='word_1_264' title='bbox 1794 2652 2054 2700; x_wconf 87' lang='lat' dir='ltr'>castellano</span> 
     </span>
     <span class='ocr_line' id='line_1_30' title="bbox 282 2734 2051 2798; baseline 0.002 -17"><span class='ocrx_word' id='word_1_265' title='bbox 282 2749 370 2796; x_wconf 90' lang='lat' dir='ltr'>per</span> <span class='ocrx_word' id='word_1_266' title='bbox 399 2736 576 2798; x_wconf 90' lang='lat' dir='ltr'>Papam</span> <span class='ocrx_word' id='word_1_267' title='bbox 608 2735 764 2798; x_wconf 88' lang='lat' dir='ltr'>posito</span> <span class='ocrx_word' id='word_1_268' title='bbox 799 2739 847 2783; x_wconf 89' lang='lat' dir='ltr'>et</span> <span class='ocrx_word' id='word_1_269' title='bbox 879 2751 987 2783; x_wconf 92' lang='lat' dir='ltr'>cum</span> <span class='ocrx_word' id='word_1_270' title='bbox 1020 2735 1117 2783; x_wconf 91' lang='lat' dir='ltr'>suis</span> <span class='ocrx_word' id='word_1_271' title='bbox 1157 2735 1379 2798; x_wconf 86' lang='lat' dir='ltr'>gentibus</span> <span class='ocrx_word' id='word_1_272' title='bbox 1420 2738 1622 2783; x_wconf 91' lang='lat' dir='ltr'>Romam</span> <span class='ocrx_word' id='word_1_273' title='bbox 1655 2735 1791 2784; x_wconf 88' lang='lat' dir='ltr'>illeso</span> <span class='ocrx_word' id='word_1_274' title='bbox 1828 2734 2051 2794; x_wconf 88' lang='lat' dir='ltr'>remisso,</span> 
     </span>
     <span class='ocr_line' id='line_1_31' title="bbox 284 2816 2054 2881; baseline 0.002 -19"><span class='ocrx_word' id='word_1_275' title='bbox 284 2830 446 2863; x_wconf 88' lang='lat' dir='ltr'>arcem</span> <span class='ocrx_word' id='word_1_276' title='bbox 474 2816 626 2879; x_wconf 91' lang='lat' dir='ltr'>ipsam</span> <span class='ocrx_word' id='word_1_277' title='bbox 654 2834 741 2881; x_wconf 88' lang='lat' dir='ltr'>pro</span> <span class='ocrx_word' id='word_1_278' title='bbox 773 2818 1003 2866; x_wconf 90' lang='lat' dir='ltr'>cardinali</span> <span class='ocrx_word' id='word_1_279' title='bbox 1036 2835 1074 2866; x_wconf 93' lang='lat' dir='ltr'>s.</span> <span class='ocrx_word' id='word_1_280' title='bbox 1101 2818 1229 2866; x_wconf 87' lang='lat' dir='ltr'>Petri</span> <span class='ocrx_word' id='word_1_281' title='bbox 1256 2818 1316 2866; x_wconf 90' lang='lat' dir='ltr'>ad</span> <span class='ocrx_word' id='word_1_282' title='bbox 1345 2818 1549 2868; x_wconf 88' lang='lat' dir='ltr'>Vincula</span> <span class='ocrx_word' id='word_1_283' title='bbox 1570 2834 1621 2867; x_wconf 91' lang='lat' dir='ltr'>se</span> <span class='ocrx_word' id='word_1_284' title='bbox 1646 2822 1811 2867; x_wconf 85' lang='lat' dir='ltr'>tenere</span> <span class='ocrx_word' id='word_1_285' title='bbox 1845 2818 2054 2866; x_wconf 87' lang='lat' dir='ltr'>confessi</span> 
     </span>
     <span class='ocr_line' id='line_1_32' title="bbox 284 2892 2052 2964; baseline 0.002 -20"><span class='ocrx_word' id='word_1_286' title='bbox 284 2902 411 2956; x_wconf 90' lang='lat' dir='ltr'>sunt,</span> <span class='ocrx_word' id='word_1_287' title='bbox 436 2902 483 2946; x_wconf 87' lang='lat' dir='ltr'>ct</span> <span class='ocrx_word' id='word_1_288' title='bbox 505 2899 787 2947; x_wconf 88' lang='lat' dir='ltr'>stendardos</span> <span class='ocrx_word' id='word_1_289' title='bbox 809 2904 856 2948; x_wconf 88' lang='lat' dir='ltr'>et</span> <span class='ocrx_word' id='word_1_290' title='bbox 878 2900 1049 2948; x_wconf 85' lang='lat' dir='ltr'>vexilla</span> <span class='ocrx_word' id='word_1_291' title='bbox 1069 2892 1194 2963; x_wconf 84' lang='lat' dir='ltr'>regis</span> <span class='ocrx_word' id='word_1_292' title='bbox 1217 2900 1416 2949; x_wconf 88' lang='lat' dir='ltr'>Francie</span> <span class='ocrx_word' id='word_1_293' title='bbox 1445 2905 1492 2949; x_wconf 92' lang='lat' dir='ltr'>et</span> <span class='ocrx_word' id='word_1_294' title='bbox 1519 2901 1688 2964; x_wconf 89' lang='lat' dir='ltr'>prefati</span> <span class='ocrx_word' id='word_1_295' title='bbox 1719 2900 1974 2948; x_wconf 86' lang='lat' dir='ltr'>cardinalis</span> <span class='ocrx_word' id='word_1_296' title='bbox 1997 2915 2052 2948; x_wconf 87' lang='lat' dir='ltr'>ac</span> 
     </span>
     <span class='ocr_line' id='line_1_33' title="bbox 285 2979 2052 3046; baseline 0.003 -20"><span class='ocrx_word' id='word_1_297' title='bbox 285 2979 516 3028; x_wconf 88' lang='lat' dir='ltr'>Columne</span> <span class='ocrx_word' id='word_1_298' title='bbox 547 2981 594 3028; x_wconf 92' lang='lat' dir='ltr'>in</span> <span class='ocrx_word' id='word_1_299' title='bbox 618 2997 675 3029; x_wconf 89' lang='lat' dir='ltr'>ea</span> <span class='ocrx_word' id='word_1_300' title='bbox 694 2983 882 3045; x_wconf 87' lang='lat' dir='ltr'>publice</span> <span class='ocrx_word' id='word_1_301' title='bbox 913 2986 1252 3046; x_wconf 86' lang='lat' dir='ltr'>exposuerunt.</span> <span class='ocrx_word' id='word_1_302' title='bbox 1278 2982 1479 3042; x_wconf 89' lang='lat' dir='ltr'>Deinde,</span> <span class='ocrx_word' id='word_1_303' title='bbox 1504 2983 1580 3030; x_wconf 92' lang='lat' dir='ltr'>die</span> <span class='ocrx_word' id='word_1_304' title='bbox 1609 2983 1812 3043; x_wconf 89' lang='lat' dir='ltr'>veneris,</span> <span class='ocrx_word' id='word_1_305' title='bbox 1841 2986 1897 3031; x_wconf 89' lang='grc'>19</span> <span class='ocrx_word' id='word_1_306' title='bbox 1920 2983 2052 3046; x_wconf 87' lang='lat' dir='ltr'>ejus-</span> 
     </span>
     <span class='ocr_line' id='line_1_34' title="bbox 284 3061 2052 3128; baseline 0.003 -20"><span class='ocrx_word' id='word_1_307' title='bbox 284 3061 394 3108; x_wconf 92' lang='lat' dir='ltr'>dem</span> <span class='ocrx_word' id='word_1_308' title='bbox 414 3063 615 3122; x_wconf 92' lang='lat' dir='ltr'>mensis,</span> <span class='ocrx_word' id='word_1_309' title='bbox 638 3063 856 3112; x_wconf 87' lang='lat' dir='ltr'>habitum</span> <span class='ocrx_word' id='word_1_310' title='bbox 878 3069 1120 3113; x_wconf 90' lang='lat' dir='ltr'>secretum</span> <span class='ocrx_word' id='word_1_311' title='bbox 1136 3064 1474 3113; x_wconf 89' lang='lat' dir='ltr'>consistorium</span> <span class='ocrx_word' id='word_1_312' title='bbox 1496 3066 1626 3128; x_wconf 93' lang='lat' dir='ltr'>quod</span> <span class='ocrx_word' id='word_1_313' title='bbox 1647 3065 1833 3114; x_wconf 87' lang='lat' dir='ltr'>duravit</span> <span class='ocrx_word' id='word_1_314' title='bbox 1854 3066 1912 3114; x_wconf 89' lang='lat' dir='ltr'>ab</span> <span class='ocrx_word' id='word_1_315' title='bbox 1930 3066 2052 3114; x_wconf 84' lang='lat' dir='ltr'>hora</span> 
     </span>
     <span class='ocr_line' id='line_1_35' title="bbox 283 3143 2051 3211; baseline 0.005 -21"><span class='ocrx_word' id='word_1_316' title='bbox 283 3143 570 3193; x_wconf 90' lang='lat' dir='ltr'>duodecima</span> <span class='ocrx_word' id='word_1_317' title='bbox 589 3162 741 3210; x_wconf 90' lang='lat' dir='ltr'>usque</span> <span class='ocrx_word' id='word_1_318' title='bbox 763 3148 821 3195; x_wconf 89' lang='lat' dir='ltr'>ad</span> <span class='ocrx_word' id='word_1_319' title='bbox 841 3148 1121 3211; x_wconf 84' lang='lat' dir='ltr'>vigesimam</span> <span class='ocrx_word' id='word_1_320' title='bbox 1141 3146 1345 3211; x_wconf 89' lang='lat' dir='ltr'>primam</span> <span class='ocrx_word' id='word_1_321' title='bbox 1365 3146 1536 3195; x_wconf 87' lang='lat' dir='ltr'>horam</span> <span class='ocrx_word' id='word_1_322' title='bbox 1563 3164 1571 3195; x_wconf 90' lang='lat'>:</span> <span class='ocrx_word' id='word_1_323' title='bbox 1591 3148 1704 3211; x_wconf 93' lang='lat' dir='ltr'>quid</span> <span class='ocrx_word' id='word_1_324' title='bbox 1724 3148 1772 3196; x_wconf 92' lang='lat' dir='ltr'>in</span> <span class='ocrx_word' id='word_1_325' title='bbox 1794 3163 1852 3198; x_wconf 88' lang='lat' dir='ltr'>eo</span> <span class='ocrx_word' id='word_1_326' title='bbox 1875 3153 2051 3198; x_wconf 84' lang='lat' dir='ltr'>tracta-</span> 
     </span>
     <span class='ocr_line' id='line_1_36' title="bbox 284 3229 693 3289; baseline 0.01 -15"><span class='ocrx_word' id='word_1_327' title='bbox 284 3231 383 3275; x_wconf 82' lang='lat' dir='ltr'>tum</span> <span class='ocrx_word' id='word_1_328' title='bbox 410 3229 483 3289; x_wconf 83' lang='lat' dir='ltr'>sit,</span> <span class='ocrx_word' id='word_1_329' title='bbox 509 3229 693 3278; x_wconf 90' lang='lat' dir='ltr'>nescio.</span> 
     </span>
    </p>

    <p class='ocr_par' dir='ltr' id='par_1_6' title="bbox 283 3310 2044 3457">
     <span class='ocr_line' id='line_1_37' title="bbox 347 3310 2043 3379; baseline 0.004 -22"><span class='ocrx_word' id='word_1_330' title='bbox 347 3310 570 3372; x_wconf 87' lang='lat' dir='ltr'>Sabbato,</span> <span class='ocrx_word' id='word_1_331' title='bbox 595 3317 654 3361; x_wconf 80' lang='lat'>20</span> <span class='ocrx_word' id='word_1_332' title='bbox 672 3312 974 3376; x_wconf 90' lang='lat' dir='ltr'>septembris,</span> <span class='ocrx_word' id='word_1_333' title='bbox 994 3313 1041 3359; x_wconf 90' lang='lat' dir='ltr'>in</span> <span class='ocrx_word' id='word_1_334' title='bbox 1055 3327 1212 3372; x_wconf 87' lang='lat' dir='ltr'>mane,</span> <span class='ocrx_word' id='word_1_335' title='bbox 1231 3313 1357 3362; x_wconf 91' lang='lat' dir='ltr'>circa</span> <span class='ocrx_word' id='word_1_336' title='bbox 1372 3313 1543 3360; x_wconf 89' lang='lat' dir='ltr'>horam</span> <span class='ocrx_word' id='word_1_337' title='bbox 1556 3312 1792 3361; x_wconf 89' lang='lat' dir='ltr'>decimam</span> <span class='ocrx_word' id='word_1_338' title='bbox 1809 3318 2043 3379; x_wconf 86' lang='lat' dir='ltr'>quartam,</span> 
     </span>
     <span class='ocr_line' id='line_1_38' title="bbox 283 3395 2044 3457; baseline 0.002 -17"><span class='ocrx_word' id='word_1_339' title='bbox 283 3396 431 3441; x_wconf 87' lang='lat' dir='ltr'>Rome</span> <span class='ocrx_word' id='word_1_340' title='bbox 455 3395 571 3443; x_wconf 89' lang='lat' dir='ltr'>obiit</span> <span class='ocrx_word' id='word_1_341' title='bbox 593 3399 756 3443; x_wconf 90' lang='lat' dir='ltr'>Rmus.</span> <span class='ocrx_word' id='word_1_342' title='bbox 784 3400 834 3443; x_wconf 89' lang='lat' dir='ltr'>P.</span> <span class='ocrx_word' id='word_1_343' title='bbox 858 3400 914 3443; x_wconf 90' lang='lat' dir='ltr'>D.</span> <span class='ocrx_word' id='word_1_344' title='bbox 934 3396 1155 3444; x_wconf 88' lang='lat' dir='ltr'>Nicolaus</span> <span class='ocrx_word' id='word_1_345' title='bbox 1173 3396 1231 3444; x_wconf 90' lang='lat' dir='ltr'>de</span> <span class='ocrx_word' id='word_1_346' title='bbox 1250 3396 1451 3444; x_wconf 87' lang='lat' dir='ltr'>Grandis</span> <span class='ocrx_word' id='word_1_347' title='bbox 1473 3396 1531 3444; x_wconf 90' lang='lat' dir='ltr'>de</span> <span class='ocrx_word' id='word_1_348' title='bbox 1556 3396 1838 3457; x_wconf 88' lang='lat' dir='ltr'>Comitibus,</span> <span class='ocrx_word' id='word_1_349' title='bbox 1863 3397 2044 3446; x_wconf 88' lang='lat' dir='ltr'>electus</span> 
     </span>
    </p>
   </div>
  </div>
 </body>
</html>
