2248 3906
184 299 395 338 [Decembre
418 299 509 339 1497]
638 296 808 333 RERUM
842 295 1142 335 URBANARUM
1173 296 1521 336 COMMENTARII.
1898 305 1968 342 415

189 401 330 451 unius
352 401 538 466 integre
559 401 688 466 petie
711 400 972 464 antiquam,
997 401 1092 449 duo
1112 401 1246 464 paria
1266 402 1519 451 mataratia
1538 417 1598 452 ex
1618 402 1852 454 bombace
1874 421 1967 469 que

189 485 328 533 simul
359 485 495 534 unita
524 490 675 534 totam
707 484 929 534 lecticam
962 489 1332 549 cooperuerunt,
1366 485 1460 534 duo
1489 486 1734 551 capizalia,
1772 504 1969 537 scamna

186 569 247 617 ad
274 569 438 618 omnia
464 569 616 618 latera
647 569 772 630 aule,
805 569 933 617 circa
958 568 1181 617 lecticam
1208 569 1302 618 duo
1331 585 1529 619 scamna
1554 587 1641 635 pro
1667 587 1784 620 xvm
1815 572 1968 621 intor-

188 652 330 712 ticiis,
357 669 405 701 lx
425 658 473 701 et
492 669 557 712 ix,
579 657 627 702 et
656 653 752 702 duo
778 652 1068 702 candelabra
1096 653 1252 702 ferrea
1277 669 1387 702 cum
1415 653 1604 703 duobus
1626 655 1879 704 intorticiis
1908 656 1970 705 ad

187 739 328 800 caput
362 740 409 785 et
440 736 590 800 pedes
624 736 734 786 lecti
770 736 899 800 quod
929 736 1074 801 pallio
1108 737 1362 786 cardinalis
1395 738 1785 802 RotomagensiS,
1821 738 1968 788 armis

187 819 444 868 cardinalis
478 819 695 868 defuncti
727 819 785 869 de
824 819 967 868 cartis
1001 820 1095 868 illis
1129 820 1377 885 appositiS,
1413 820 1616 869 fecimus
1650 821 1889 886 cooperiri
1921 826 1971 872 et

186 902 314 951 circa
347 903 519 951 horam
559 902 798 951 decimam
829 918 1028 963 nonam,
1064 903 1345 951 defunctum
1381 918 1528 966 super
1558 907 1720 966 tapete
1759 905 1969 968 desuper

186 987 318 1052 poni.
341 990 593 1048 Venerunt
615 986 790 1036 deinde
812 990 1075 1036 conventus
1097 986 1178 1050 qui
1200 1001 1286 1035 suo
1309 986 1476 1034 ordine
1497 986 1724 1035 dixerunt
1742 1002 1967 1051 vesperas

187 1075 235 1119 et
267 1071 529 1119 matutinas
559 1070 923 1129 defunctorum3
959 1069 1070 1119 dedi
1105 1069 1306 1134 singulis
1336 1070 1612 1119 cantoribus
1634 1075 1838 1134 quatuor
1858 1086 1968 1119 can-

186 1154 318 1202 delas
340 1155 399 1202 de
419 1171 480 1203 xx
502 1169 588 1218 pro
608 1154 747 1202 libra.
773 1152 1049 1202 Cardinales
1069 1153 1289 1202 fecerunt
1311 1157 1454 1218 caput
1477 1152 1525 1201 in
1548 1152 1722 1218 angulo
1744 1152 1806 1202 ad
1825 1153 1968 1201 sinis-

186 1241 308 1286 tram
340 1237 561 1287 intrantis
598 1238 775 1296 aulam,
814 1236 1039 1286 sedentes
1070 1236 1120 1284 in
1154 1237 1354 1285 banchis
1384 1237 1566 1285 ibidem
1601 1236 1769 1301 positis
1801 1252 1967 1286 versus

185 1321 423 1371 fenestras
444 1321 568 1370 dicte
587 1321 694 1370 aule
719 1337 729 1369 :
757 1321 806 1368 in
827 1320 931 1369 aliis
951 1320 1172 1379 banchis,
1202 1320 1252 1368 in
1274 1320 1355 1369 illo
1385 1320 1558 1370 eodem
1588 1321 1765 1385 angulo
1796 1320 1966 1385 capitis

184 1405 499 1454 cardinalium
529 1405 757 1454 sederunt
780 1409 998 1454 oratores
1024 1403 1153 1464 laici,
1188 1408 1236 1453 et
1263 1407 1373 1469 post
1408 1419 1492 1453 eos
1526 1404 1605 1453 alii
1634 1404 1805 1468 prelati
1832 1405 1967 1469 pala—

183 1489 270 1537 tini
291 1488 521 1538 sederunt
550 1489 599 1536 in
627 1489 848 1553 opposito
878 1489 927 1538 in
956 1488 1158 1538 banchis
1185 1492 1294 1553 post
1321 1488 1542 1537 ultimum
1570 1488 1830 1538 diaconum
1858 1504 1967 1537 car-

184 1570 414 1619 dinalem.
455 1571 780 1620 Interfuerunt
816 1587 935 1620 xxln
968 1570 1255 1630 cardinaleS,
1294 1569 1517 1619 videlicet
1553 1588 1562 1618 :
1600 1565 1963 1635 NeapolitanuS,

184 1653 580 1713 Rechanatensis,
617 1671 656 1702 s.
691 1655 881 1719 Angeli,
923 1653 1279 1713 Ulixbonensis,
1315 1669 1355 1701 s.
1399 1653 1677 1714 Clementis,
1720 1657 1968 1704 Beneven-

186 1741 345 1798 tanus,
371 1754 410 1786 s.
443 1737 689 1797 Praxedis,
720 1755 759 1787 s.
791 1738 1025 1804 Dionysii,
1055 1737 1424 1799 Alexandrinus,
1457 1754 1496 1786 s.
1523 1738 1706 1799 CruciS,
1729 1739 1968 1804 Agrigen-

185 1820 330 1882 tinus,
362 1822 641 1883 Perusinus,
673 1823 919 1883 Senensis,
954 1839 993 1870 s.
1027 1821 1239 1886 Georgii,
1272 1820 1508 1881 SabelluS,
1538 1823 1788 1884 Columna,
1817 1824 1968 1872 Asca-

184 1904 310 1964 nius,
352 1906 584 1965 Medices,
624 1924 664 1955 s.
706 1907 938 1967 Severini,
977 1906 1280 1966 Valentinus,
1318 1904 1592 1966 Cesarinus,
1632 1904 1885 1953 Grimanus
1918 1911 1967 1955 et

187 1988 379 2052 Borgia.
416 1991 534 2037 Cum
560 1989 802 2039 intorticia
824 1991 960 2055 juxta
987 1990 1095 2038 aule
1121 1979 1304 2038 lectum
1330 1988 1535 2037 nimium
1561 1989 1748 2036 fumum
1775 1989 1966 2038 emitte-

186 2074 311 2130 rent,
337 2071 531 2121 fuerunt
551 2073 680 2122 circa
693 2074 909 2123 medium
926 2073 1091 2133 officii,
1111 2073 1169 2122 de
1188 2072 1415 2121 mandato
1437 2071 1767 2133 cardinalium,
1793 2088 1967 2138 expor-

184 2158 282 2203 tata
314 2158 360 2204 et
391 2172 479 2219 per
507 2156 768 2206 familiares
790 2162 979 2207 retenta
998 2157 1047 2205 in
1069 2157 1162 2206 alia
1181 2157 1289 2205 aula
1305 2157 1445 2221 juxta
1464 2156 1643 2205 scalam
1665 2156 1967 2205 descenden-

183 2242 281 2287 tem
301 2237 350 2286 in
373 2239 555 2288 curiam
577 2242 684 2290 aule
708 2243 948 2306 predicte;
975 2246 1022 2291 et
1041 2241 1198 2306 prima
1217 2256 1411 2289 camera
1427 2241 1562 2304 juxta
1582 2255 1691 2289 eam
1713 2245 1760 2290 et
1780 2241 1963 2306 capelle

183 2321 376 2371 fuerunt
398 2324 574 2373 nudate
595 2326 807 2389 penitus,
835 2327 927 2375 alie
952 2342 1122 2376 omnes
1144 2341 1335 2374 camere
1358 2330 1406 2374 et
1425 2325 1533 2374 loca
1553 2324 1806 2389 sequentia
1826 2341 1964 2374 man-

185 2411 351 2454 serunt
379 2412 546 2471 parata
574 2414 716 2473 prout
742 2410 952 2471 fuerunt,
983 2410 1225 2460 cardinale
1252 2410 1411 2459 adhuc
1437 2410 1642 2459 vivente.
1673 2410 1828 2460 Finito
1855 2412 1964 2461 offi-

185 2487 279 2547 cio,
310 2487 566 2539 defunctus
595 2497 789 2555 paratus
819 2493 908 2542 fuit
928 2492 978 2540 in
998 2492 1143 2557 paHio
1174 2496 1222 2542 et
1248 2495 1409 2557 tapete
1439 2492 1650 2557 desuper
1676 2493 1961 2542 catalectum

183 2570 232 2619 in
254 2571 387 2620 curia
413 2589 498 2621 sua
517 2578 735 2638 paratum
756 2592 844 2640 per
870 2577 1042 2625 fratres
1071 2593 1110 2625 s.
1140 2575 1396 2641 Augustini
1418 2580 1466 2625 et
1485 2575 1596 2624 inde
1617 2592 1783 2625 versus
1805 2577 1965 2627 eccle-

184 2654 304 2703 siam
339 2672 377 2704 s,
416 2656 656 2706 Simeonis
690 2660 750 2707 ad
783 2659 961 2709 dictam
995 2659 1251 2710 ecclesiam
1285 2676 1324 2708 S.
1357 2659 1612 2724 Augustini
1643 2676 1733 2724 per
1766 2661 1964 2710 eosdem

183 2739 374 2801 fratres,
404 2734 780 2804 precedentibus
806 2744 1114 2810 septuaginta
1139 2743 1244 2811 aliis
1265 2742 1520 2792 intorticiis
1541 2743 1666 2792 ultra
1682 2743 1776 2792 alia
1797 2743 1962 2809 viginti

182 2823 356 2887 quibus
383 2824 434 2873 in
457 2825 568 2875 aula
588 2826 661 2875 usi
684 2843 868 2876 sumus.
901 2828 1110 2894 Singulis
1137 2827 1365 2877 fratribus
1392 2825 1690 2891 simplicibus
1717 2827 1827 2876 date
1856 2831 1967 2877 sunt

182 2905 229 2954 in
253 2907 375 2956 ostio
397 2909 603 2960 ecclesie
625 2911 826 2961 candele
854 2919 1077 2977 quatuor,
1100 2911 1343 2977 magistris
1370 2927 1483 2961 vero
1506 2915 1555 2959 et
1575 2910 1861 2961 officialibus
1882 2926 1966 2961 sex

183 2988 242 3036 de
276 2993 578 3055 supradictis.
631 2996 924 3057 Cardinales,
957 3001 1214 3061 postquam
1253 2996 1396 3045 funus
1435 2998 1679 3060 portatum
1711 2995 1798 3044 fuit
1830 2998 1967 3044 extra

185 3070 381 3122 domum
402 3092 554 3141 usque
574 3095 725 3144 prope
748 3079 1006 3130 ecclesiam
1027 3096 1066 3128 s,
1093 3080 1352 3141 SimeoniS,
1379 3078 1736 3128 descenderunt
1754 3078 1959 3140 de‘aula,

185 3156 504 3208 ascenderunt
529 3162 709 3213 bestias
737 3181 848 3214 suas
870 3169 917 3214 et
944 3163 1193 3214 redierunt
1222 3165 1284 3214 ad
1309 3165 1497 3213 domos,
1532 3162 1795 3211 Cardinalis
1814 3164 1964 3211 Asca-

183 3237 292 3286 nius
312 3253 409 3289 non
428 3244 557 3293 venit
573 3246 633 3294 ad
650 3249 924 3309 ecclesiam,
950 3248 1036 3299 sed
1054 3248 1260 3298 visitavit
1278 3251 1335 3296 D.
1359 3246 1674 3310 Philippum..
1687 3283 1738 3305 ..,
1760 3245 1963 3296 militem

182 3337 222 3369 s.
244 3322 477 3373 ,Iohannis
504 3327 945 3396 Hierosolymitani,
977 3333 1174 3383 fratrem
1202 3330 1457 3381 cardinalis
1487 3328 1719 3390 defuncti,
1752 3330 1832 3394 qui
1858 3334 1963 3379 erat

183 3406 231 3454 in
270 3410 619 3472 posterioribus
658 3417 862 3465 cameris
899 3417 1025 3466 dicte
1061 3417 1251 3474 domus,
1293 3418 1340 3461 et
1378 3411 1537 3460 vocari
1576 3412 1688 3460 fecit
1733 3412 1961 3461 familiam
