2222 3926
329 370 397 405 ‘298
933 367 1166 405 JOHANNIS
1200 367 1497 412 BURCHARDI,
1884 368 2107 409 [Aout1496]

329 474 393 521 ris
414 473 538 522 bene
559 472 762 537 paratis;
788 472 871 520 sed
892 471 1012 518 nihil
1033 475 1135 519 erat
1155 471 1203 518 in
1232 471 1301 519 eis
1325 469 1701 528 comedendum,
1725 469 1799 517 vel
1824 469 2104 521 bibendum.

327 555 633 604 Debebamus
655 570 743 603 nos
768 569 937 602 omnes
963 553 1012 600 in
1033 553 1160 600 dicto
1182 552 1358 615 palatio
1381 551 1671 611 comedisse,
1696 568 1754 600 ex
1775 568 1868 616 quo
1890 558 2106 617 postmo-

328 639 439 686 dum
473 638 672 702 singulis
700 637 849 684 missa
878 639 987 683 sunt
1019 634 1197 683 cibaria
1229 639 1278 682 et
1306 634 1467 681 vinum
1503 634 1763 698 unicuique
1795 636 1856 684 ad
1887 652 2105 687 cameras

328 722 590 779 ordinatas,
617 720 703 768 sed
732 724 893 767 tamen
922 718 1063 766 nimis
1092 734 1149 767 ex
1177 718 1305 765 mala
1331 718 1631 785 provisorum
1663 719 1819 767 adhoc
1852 719 2107 783 deputato-

327 821 432 853 rum
460 803 779 851 ordinatione.
805 802 926 865 Equi
953 817 1122 850 omnes
1151 801 1377 865 hospitati
1406 806 1516 851 sunt
1546 802 1594 849 in
1625 802 1837 866 hospitio
1865 805 2106 868 Campane

327 888 388 936 ad
405 887 500 935 hoc
521 884 843 949 amplissimo;
869 887 924 933 R.
948 887 1004 932 D.
1031 884 1422 949 archiepiscopus
1449 885 1721 934 Arelatinus
1744 885 2040 950 gubernator
2059 890 2108 935 et

327 970 614 1020 castellanus
635 968 764 1018 venit
794 968 985 1017 obviam
1016 967 1177 1031 legato
1198 983 1285 1032 per
1314 968 1406 1016 tria
1434 968 1658 1017 milliaria
1684 969 1758 1018 vel
1785 969 1929 1028 circa,
1955 974 2002 1028 et
2021 970 2108 1018 ha-

326 1055 427 1103 buit
448 1053 659 1118 primum
685 1052 848 1100 locum
868 1052 1002 1101 inter
1027 1051 1238 1115 prelatos
1263 1056 1311 1100 et
1333 1051 1476 1111 bene,
1499 1052 1728 1116 quoniam
1755 1058 1858 1102 erat
1886 1052 2106 1102 officialis

327 1142 471 1202 Pape.

390 1221 569 1270 Eadem
591 1221 688 1281 die,
719 1220 914 1268 circiter
939 1220 1111 1267 horam
1138 1219 1420 1283 vigesimam
1449 1219 1731 1279 secundam,
1764 1221 1953 1285 legatus
1978 1222 2108 1271 venit

326 1305 596 1363 Pisaurum,
621 1303 701 1351 ubi
726 1301 1154 1366 processionaliter
1183 1306 1406 1366 receptus
1435 1305 1524 1362 est,
1555 1302 1735 1351 vicario
1763 1304 1977 1369 episcopi
1998 1305 2106 1353 offi-

326 1389 454 1437 cium
487 1390 659 1452 agente
687 1387 775 1433 sub
802 1389 955 1449 porta.
988 1387 1195 1449 Legatus
1225 1386 1508 1449 genuflexus
1537 1401 1730 1434 crucem
1759 1387 2001 1436 osculatus
2032 1392 2106 1437 est

328 1476 375 1520 et
400 1475 597 1535 recepto
624 1469 851 1518 mantello
882 1468 971 1516 sub
1006 1469 1294 1517 baldachino
1323 1469 1450 1518 venit
1477 1470 1538 1517 ad
1565 1470 1824 1518 ecclesiam
1846 1470 2101 1519 cathedra-

328 1556 449 1615 lem3
479 1553 818 1602 baldachinum
839 1557 1090 1616 portarunt
1116 1553 1242 1602 cives
1265 1553 1325 1602 ad
1345 1554 1438 1602 hoc
1469 1553 1701 1618 deputati.
1727 1556 1907 1602 Locum
1931 1558 2103 1603 tenens

331 1641 388 1687 D.
411 1637 596 1686 Pisauri
623 1636 753 1686 venit
780 1636 967 1684 obviam
993 1636 1154 1699 legato
1184 1653 1270 1700 per
1297 1641 1579 1701 competens
1608 1637 1833 1701 spatium.
1869 1639 1923 1685 ln
1946 1638 2103 1687 eccle-

329 1722 417 1780 sia,
441 1722 559 1770 dixit
580 1721 849 1769 orationem
870 1719 929 1767 de
952 1724 1120 1768 sancto
1139 1721 1380 1780 Terenti0‚
1403 1725 1630 1785 martyre,
1652 1725 1855 1783 patrono
1875 1720 2101 1781 ecclesie,

331 1807 468 1871 cujus
489 1805 715 1868 reliquias
737 1804 795 1851 ad
821 1803 916 1851 hoc
943 1803 1193 1866 impositas
1221 1807 1332 1852 ante
1354 1803 1503 1852 altare
1532 1804 1685 1867 majus
1707 1803 1756 1850 in
1784 1818 1902 1852 auro
1932 1819 2105 1853 recon-

329 1890 450 1937 ditas
487 1888 708 1936 vidimus.
752 1886 894 1935 Dedit
931 1886 1255 1950 indulgentias
1295 1886 1498 1934 duorum
1537 1902 1777 1935 annorum
1817 1891 1865 1936 et
1902 1888 2104 1937 totidem

329 1970 748 2034 quadragenarum
784 1986 903 2034 quas
943 1970 1201 2034 publicavit
1237 1970 1436 2018 vicarius
1472 1970 1736 2034 predictus,
1776 1975 1825 2019 et
1859 1971 2106 2020 benedixit

329 2058 478 2114 stanS,
518 2057 569 2102 ut
603 2053 651 2101 in
688 2054 897 2102 ecclesia
933 2053 1303 2112 Assisinatensi3
1344 2058 1391 2101 et
1428 2053 1520 2101 alia
1555 2068 1690 2101 more
1731 2053 1872 2103 solito
1908 2058 2106 2119 peracta

330 2141 457 2186 sunt.
488 2139 738 2187 Venerunt
766 2137 940 2186 deinde
970 2137 1030 2185 ad
1051 2137 1284 2201 palatium
1316 2139 1371 2185 D.
1404 2137 1601 2195 Pisauri,
1633 2136 1714 2185 ubi
1741 2137 2010 2202 hospitatus
2033 2154 2084 2187 es

331 2225 378 2268 et
398 2236 494 2268 non
517 2236 686 2269 omnes
714 2236 822 2269 cum
846 2236 922 2269 eo,

396 2304 535 2352 Feria
563 2304 720 2363 tertia,
752 2307 778 2351 9
808 2305 1015 2368 augusti,
1048 2304 1235 2368 legatus
1261 2304 1374 2352 fecit
1400 2303 1655 2367 prandium
1684 2304 1776 2351 alla
1808 2305 2030 2352 catholica
2057 2311 2105 2355 et

332 2403 418 2437 nos
446 2403 640 2446 omnes;
668 2387 843 2436 deinde
874 2388 1002 2436 venit
1024 2388 1311 2446 Ariminum,
1336 2387 1416 2435 ubi
1437 2386 1861 2451 processionaliter
1881 2392 2104 2453 receptus

331 2476 421 2519 est.
453 2470 738 2534 Magnificus
765 2472 820 2518 D.
856 2470 1174 2519 Ariminensis
1201 2471 1332 2519 venit
1358 2472 1545 2521 obviam
1574 2474 1734 2538 legato
1761 2490 1848 2539 per
1875 2475 1970 2522 duo
1994 2473 2104 2522 mil-

329 2554 481 2613 liaria,
515 2553 591 2603 vel
623 2553 753 2602 circa
792 2559 928 2602 extra
956 2558 1163 2618 portam,
1206 2570 1294 2617 per
1325 2555 1484 2619 plures
1514 2572 1701 2621 passus.
1748 2557 1951 2615 Quidam
1992 2557 2105 2607 fecit

331 2653 473 2686 unam
506 2637 777 2686 orationem
807 2635 884 2685 cui
916 2637 1105 2702 legatus
1132 2638 1311 2702 optime
1333 2640 1602 2704 respondit.
1633 2641 1817 2690 Deinde
1847 2640 1936 2689 sub
1963 2644 2101 2705 porta

330 2723 376 2769 in
399 2722 506 2771 aula
526 2726 720 2771 crucem
743 2721 984 2771 osculatus
1006 2726 1096 2782 est,
1122 2722 1235 2785 quia
1255 2738 1352 2770 non
1375 2729 1476 2771 erat
1497 2729 1718 2788 paratum
1739 2729 1900 2789 tapete
1926 2741 1936 2772 :
1961 2739 2103 2773 acce-

330 2809 465 2869 perat
490 2821 662 2868 parum
690 2809 800 2855 ante
829 2804 1113 2853 mantellum
1141 2809 1443 2854 consuetum.
1477 2809 1584 2855 Non
1609 2807 1801 2856 fuerunt
1827 2807 1916 2856 sibi
1943 2807 2102 2856 oblate

331 2888 487 2936 claves
522 2888 742 2947 civitatis,
782 2904 939 2951 neque
974 2890 1032 2935 D.
1068 2888 1270 2935 Arimini
1304 2888 1554 2937 descendit
1587 2905 1645 2937 ex
1678 2905 1803 2953 equo
1836 2894 1888 2939 ut
1921 2890 2101 2938 mulam

327 2971 472 3035 legati
506 2971 701 3019 duceret
739 2971 836 3018 sive
870 2970 1133 3029 dextraret,
1171 2971 1283 3034 quia
1318 2970 1440 3020 adeo
1475 2977 1744 3020 commotus
1781 2988 1931 3032 eram,
1970 2973 2103 3036 quod

328 3070 425 3102 non
446 3053 578 3118 potui
598 3052 874 3117 hujusmodi
896 3052 1138 3101 ordinare.
1163 3055 1220 3100 D.
1250 3053 1568 3102 Ariminensis
1590 3054 1815 3118 equitavit
1837 3056 1969 3104 solus
1990 3060 2101 3106 ante

329 3153 522 3186 crucem
551 3137 715 3201 legati,
752 3152 896 3200 quam
938 3135 1156 3184 canonici
1197 3140 1245 3184 et
1280 3137 1480 3185 vicarius
1519 3138 1861 3202 sequebantur.
1897 3141 2102 3203 Legatus

330 3220 578 3268 descendit
606 3236 752 3284 super
772 3223 933 3283 tapete
961 3223 1070 3268 ante
1100 3219 1356 3268 ecclesiam
1389 3221 1718 3270 cathedralem
1751 3227 1799 3270 et
1825 3222 1873 3269 in
1902 3237 1961 3270 ea
1987 3221 2104 3269 dixit

330 3303 599 3352 orationem
630 3302 689 3350 de
712 3319 750 3350 s.
783 3302 1016 3350 Columba
1035 3302 1235 3366 virgine,
1269 3307 1471 3367 patrona
1491 3304 1725 3365 Ecclesie,
1759 3304 2019 3364 benedixit,
2052 3308 2104 3353 ut

328 3387 377 3454 in
410 3386 617 3435 ecclesia
645 3385 1006 3444 Assisitanensi,
1043 3390 1090 3434 et
1117 3385 1248 3434 dedit
1277 3385 1600 3450 indulgentias
1628 3387 1835 3436 duorum
1862 3402 2100 3436 annorum

330 3472 376 3517 et
405 3468 606 3517 totidem
637 3467 1056 3530 quadragenarum
1087 3483 1204 3531 quas
1229 3468 1559 3532 pronunciavit
1594 3469 1796 3518 vicarius
1821 3469 2097 3533 predictus:
