2216 3886
148 323 428 366 [octobre14991
596 319 762 356 RERUM
796 317 1097 359 URBANARUM
1128 315 1480 353 COMMENTARH.
1862 319 1934 354 569

154 429 263 473 sunt
298 425 537 473 civitatem
561 425 938 470 Cremonensem
966 425 1013 468 et
1040 434 1209 467 omnes
1238 423 1389 466 terras
1417 423 1465 465 et
1491 418 1599 467 loca
1625 434 1929 482 quecumque

155 507 278 557 ultra
299 507 478 555 flumen
499 505 685 554 Addam
707 520 734 552 a
751 503 1022 551 Mediolano
1044 502 1321 551 constituta.

219 591 358 639 Feria
388 590 616 648 secunda,
650 593 674 636 7
705 587 819 636 dicti
852 587 1032 635 mensis
1067 586 1276 635 octobris
1302 587 1351 634 in
1378 602 1538 647 mane,
1570 592 1815 651 portatum
1846 589 1933 637 fuit

154 689 329 738 corpus
371 675 497 723 bone
535 673 769 721 memorie
811 676 867 721 D.
912 672 1103 735 Georgii
1143 672 1356 736 episcopi
1393 672 1836 736 Milopotamensis,
1875 673 1932 720 dc

154 758 298 805 domo
322 759 446 806 Rmi.
476 761 532 806 D.
559 756 815 805 cardinalis
823 794 919 804 .....
934 795 943 814 ,
967 756 1015 803 in
1049 771 1143 819 qua
1173 756 1279 803 heri
1302 761 1410 819 post
1430 756 1601 804 horam
1623 773 1932 821 vesperarum

154 840 282 889 diem
304 841 473 889 clausit
495 846 781 899 extremum,
816 840 877 887 ad
897 839 1152 888 ecclesiam
1175 844 1436 887 conventus
1460 857 1498 888 s.
1523 841 1778 904 Augustini
1798 858 1934 890 asso—

155 923 333 971 ciatum
370 923 429 971 ab
463 924 698 987 aliquibus
728 923 894 987 paucis
923 922 1118 985 prelatis
1154 927 1200 970 et
1236 923 1547 970 familiaribus
1584 924 1681 970 suis
1711 925 1930 985 funestis,

153 1006 330 1054 ibidem
363 1007 696 1070 sepeliendus;
731 1023 826 1070 quo
859 1006 1026 1054 ordine
1057 1006 1105 1053 id
1134 1006 1314 1054 factum
1355 1012 1445 1066 est,
1478 1009 1662 1068 nescio,
1693 1009 1804 1072 quia
1836 1026 1933 1057 non

153 1090 259 1138 veni
289 1090 335 1137 in
365 1095 602 1155 tempore,
635 1091 780 1139 credo
811 1095 973 1138 tamen
1002 1090 1132 1153 quod
1159 1106 1409 1154 perverso;
1441 1107 1553 1139 nam
1581 1107 1692 1139 cum
1718 1091 1829 1139 illuc
1853 1107 1935 1140 ve-

156 1174 360 1232 nissem,
401 1190 576 1238 corpus
611 1174 740 1223 circa
778 1174 991 1223 medium
1025 1175 1255 1234 ecclesie,
1292 1175 1448 1239 capite
1483 1178 1620 1238 porte
1652 1179 1699 1223 et
1731 1174 1934 1238 pedibus

153 1256 288 1304 altari
324 1257 472 1304 versis
506 1257 687 1320 reperi,
723 1257 770 1304 in
805 1257 955 1305 choro
990 1257 1200 1320 prelatos
1239 1263 1287 1305 et
1330 1258 1544 1306 funestos
1578 1258 1720 1306 simul
1753 1263 1935 1307 stantes

156 1345 202 1388 et
236 1341 530 1404 Raphaelem
559 1342 739 1388 Cecum
772 1344 991 1388 orantem
1012 1359 1022 1397 ;
1047 1355 1142 1403 quo
1174 1341 1275 1388 viso
1310 1342 1509 1401 recessi,
1535 1342 1724 1405 hospite
1754 1342 1934 1389 insalu-

156 1428 272 1471 tato.

222 1508 454 1556 Obierunt
496 1508 643 1556 etiam
692 1507 768 1554 his
817 1508 1147 1571 superioribus
1196 1508 1364 1556 diebus
1417 1508 1599 1556 mensis
1650 1508 1937 1573 septembris

155 1592 370 1656 proxime
389 1591 604 1655 preteriti
626 1591 897 1639 successive
920 1594 1017 1639 RR.
1041 1594 1141 1639 DD.
1163 1592 1465 1655 Evangelista
1485 1592 1742 1655 episcopus
1763 1592 1935 1639 Tibur-

159 1676 287 1732 tinus
315 1679 362 1723 et
393 1678 562 1724 Petrus
587 1676 842 1739 episcopus
871 1676 1182 1730 Ferentinus;
1208 1677 1308 1740 qui,
1336 1693 1424 1740 per
1449 1677 1695 1724 miseriam
1718 1691 1936 1734 suorum,

163 1760 264 1808 sine
282 1774 477 1823 pompa,
499 1760 546 1806 in
574 1764 716 1808 nocte
740 1764 851 1808 sunt
872 1759 1062 1822 sepulti.

225 1841 364 1890 Feria
396 1846 546 1897 sexta,
577 1845 628 1889 11
667 1842 848 1889 mensis
883 1842 1114 1900 octobriS,
1139 1844 1221 1890 SS.
1246 1846 1302 1890 D.
1328 1845 1384 1891 N.
1408 1843 1454 1890 in
1488 1858 1575 1891 suo
1603 1846 1792 1891 secreto
1823 1859 1940 1891 con-

163 1926 351 1973 sistorio
373 1926 693 1989 pronuntiavit
715 1926 978 1990 apostolice
1004 1926 1131 1974 sedis
1156 1926 1370 1990 legatum
1399 1927 1644 1974 civitatum
1666 1931 1711 1975 et
1739 1927 1942 1975 comita-

164 2015 297 2056 tuum
338 2008 554 2056 Perusini
596 2013 642 2056 et
675 2008 920 2057 Tudertini
959 2025 1070 2056 cum
1112 2010 1416 2073 pertinentiis
1454 2010 1577 2068 suis,
1614 2010 1717 2057 sola
1755 2010 1942 2057 civitate

164 2092 423 2156 Spoletana
449 2108 559 2139 cum
586 2093 684 2140 suis
705 2093 1008 2157 pertinentiis
1030 2098 1247 2158 excepta,
1273 2111 1418 2157 quam
1439 2095 1700 2142 reservavit
1720 2093 1942 2141 Lucretie

163 2177 258 2225 filie
285 2192 369 2224 sue
398 2175 699 2235 charissime,
722 2179 914 2223 Rmum.
941 2179 995 2223 D.
1019 2177 1310 2226 cardinalem
1333 2181 1630 2226 Gurcensem
1653 2183 1700 2227 et
1720 2178 1945 2241 Fulgina-

162 2265 367 2319 tensem,
393 2261 470 2308 cui
498 2260 709 2324 priorem
737 2260 1031 2323 legationem
1063 2277 1198 2308 suam
1230 2263 1503 2310 reservavit.
1529 2265 1634 2311 Non
1661 2262 1749 2310 fuit
1781 2267 1943 2310 tamen

162 2343 290 2390 idem
313 2343 568 2391 cardinalis
587 2345 775 2407 legatus
796 2344 856 2391 ab
877 2344 980 2391 aliis
999 2345 1323 2394 cardinalibus
1348 2346 1409 2394 ad
1437 2347 1634 2394 domum
1656 2346 1941 2404 associatus,

162 2440 273 2473 cum
306 2426 482 2489 legatio
517 2427 797 2490 hujusmodi
830 2428 890 2475 sit
921 2428 970 2475 in
998 2429 1138 2476 terris
1170 2430 1403 2478 Ecclesie.
1441 2430 1768 2477 Pronuntiavit
1801 2429 1945 2477 etiam

164 2506 292 2553 idem
316 2509 399 2555 SS.
427 2510 483 2554 D.
509 2510 564 2555 N.
589 2512 699 2570 post
720 2523 967 2556 recessum
988 2510 1244 2558 cardinalis
1274 2512 1467 2559 Ascanii
1496 2513 1641 2576 legati
1669 2513 1948 2560 Bononien-

166 2590 231 2637 sis
252 2606 406 2654 nuper
425 2590 701 2655 hujusmodi
730 2591 1024 2654 legationem
1046 2594 1330 2653 cessavisse,
1355 2600 1402 2643 et
1432 2595 1647 2658 legatum
1671 2596 1946 2644 Bononien-

167 2688 268 2721 sem
292 2673 616 2736 pronuntiavit
638 2678 830 2722 Rmum.
857 2675 914 2720 D.
940 2674 1233 2723 cardinalem
1252 2677 1311 2724 de
1335 2677 1528 2741 Borgia,
1552 2678 1666 2727 licet
1686 2679 1809 2727 forte
1832 2683 1944 2728 tunc

165 2757 310 2804 etiam
331 2757 391 2805 ab
414 2758 541 2806 Urbe
563 2759 831 2807 absentem.

231 2841 368 2889 Feria
401 2842 630 2902 secunda,
660 2847 718 2890 14
748 2845 968 2908 ejusdem
999 2847 1180 2894 mensis
1213 2848 1440 2904 octobris,
1471 2850 1519 2896 in
1554 2865 1682 2908 sero,
1708 2849 1851 2897 rediit
1883 2850 1943 2897 ad

165 2925 342 2973 Urbem
369 2928 420 2973 D.
447 2927 669 2975 Lucretia
689 2929 863 2992 Borgia
884 2930 942 2977 de
967 2932 1238 2994 Aragonia3
1264 2932 1362 2980 filia
1382 2933 1667 2981 charissima
1688 2935 1771 2982 SS.
1799 2936 1854 2981 D.
1880 2937 1935 2981 N.

166 3024 287 3071 pape
326 3024 436 3056 cum
467 3010 685 3077 principe
725 3028 956 3075 germano
991 3019 1038 3062 et
1078 3014 1198 3063 duce
1233 3017 1405 3063 marito
1445 3033 1563 3075 suo;
1598 3017 1673 3064 cui
1707 3022 1941 3065 venerunt

167 3090 354 3138 obviam
374 3091 535 3154 plures
552 3093 686 3141 mimi
705 3100 751 3143 et
767 3096 1064 3158 joculatores
1082 3098 1262 3146 familie
1291 3103 1414 3163 Pape
1437 3105 1485 3147 et
1506 3100 1583 3147 alii
1605 3115 1726 3163 quos
1756 3099 1940 3147 Sancti-

169 3180 239 3222 tas
261 3191 347 3222 sua
367 3175 600 3224 ordinavit
619 3177 697 3242 (1).

237 3259 374 3306 Feria
394 3259 550 3318 tertia,
577 3264 633 3308 15
655 3264 836 3310 mensis
858 3264 1086 3317 octobris.
1112 3266 1309 3312 recessit
1331 3267 1390 3312 ab
1413 3267 1539 3313 Urbe
1559 3269 1723 3312 Rmus.
1751 3268 1806 3312 D.
1832 3281 1938 3313 car-

219 3442 250 3475 1.
282 3441 372 3489 Voy.
398 3441 656 3489 GregoroviuS,
679 3445 831 3479 Luni-ew
852 3446 999 3489 Rorqin,
1024 3450 1048 3481 t.
1077 3446 1101 3485 1,
1125 3457 1160 3492 p.
1183 3447 1309 3481 223-4.
