2202 3926
317 334 387 371 100
928 330 1160 370 JOHANNIS
1195 330 1491 380 BURCHARDI,
1878 331 1983 374 [Mars
2005 333 2101 375 1494]

317 436 592 484 celebrante
629 451 739 485 cum
775 436 963 485 duobus
1004 436 1321 495 candelabris,
1363 436 1511 484 calice
1551 451 1660 483 cum
1701 434 1886 482 duabus
1924 436 2100 485 hostiis

317 521 504 585 magnis
543 526 590 568 et
626 521 813 569 duabus
847 519 1027 585 parvis,
1064 520 1159 567 duo
1197 519 1370 568 bacilia
1408 533 1519 566 cum
1554 520 1761 580 quatuor
1802 518 2101 579 mantilibus,

317 605 488 665 claves,
527 605 651 653 liber
684 605 967 662 lectionum,
1006 603 1129 651 liber
1163 603 1566 660 exorcismorum,
1607 600 1950 649 candelabrum
1992 617 2103 650 cum

318 688 518 736 candela
548 689 773 746 extincta,
805 686 1017 750 ampulla
1044 702 1208 744 vacua,
1243 685 1366 733 calix
1388 700 1567 733 vacuus
1589 699 1700 731 cum
1723 689 1899 748 patena
1920 687 2102 750 absque

319 771 458 830 ostia,
483 771 691 835 ampulle
714 786 826 818 cum
847 769 954 816 vino
977 772 1023 816 et
1043 784 1184 831 aqua,
1205 768 1327 815 liber
1348 768 1660 831 epistolarum
1683 771 1731 816 et
1750 768 1874 817 liber
1895 786 2103 834 evange-

316 854 510 913 liorum,
529 854 777 903 credentia
791 868 877 917 pro
894 851 1136 900 cardinale
1154 851 1441 910 ordinando,
1461 852 1639 900 tobalia
1656 853 1854 912 munda,
1875 858 2104 917 cooperta

318 939 378 987 de
402 942 561 1002 tapete
584 954 671 1002 pro
704 938 915 986 scabello
945 936 1221 997 cardinalis,
1254 937 1503 984 cussinum
1532 952 1764 1000 magnum
1786 951 1872 1000 pro
1895 940 2106 1000 proster-

320 1022 510 1070 natione
545 1022 606 1069 ad
642 1021 890 1081 letaniam,
926 1021 1214 1085 manipulus,
1255 1020 1497 1079 tunicella,
1536 1020 1676 1078 stola,
1717 1019 1974 1067 dalmatica
2009 1019 2103 1067 albi

321 1104 496 1151 coloris
528 1109 573 1151 et
605 1104 749 1152 mitra
779 1104 999 1167 simplex,
1047 1104 1200 1151 bacile
1235 1119 1346 1151 curn
1378 1102 1536 1150 bucali
1571 1107 1616 1149 et
1654 1103 1976 1166 manutergia,
2013 1102 2107 1151 duo

322 1187 494 1235 bacilia
524 1203 636 1234 cum
669 1187 795 1247 vino,
830 1188 925 1235 duo
956 1188 1119 1250 magni
1147 1203 1314 1251 panes,
1357 1187 1452 1234 duo
1486 1186 1728 1234 intorticia
1762 1186 1886 1247 alba,
1912 1191 2021 1234 octo
2044 1186 2111 1234 fa-

321 1271 428 1318 cule
460 1270 566 1318 albe
597 1271 737 1318 unius
767 1271 888 1320 libre
919 1271 1150 1335 quelibet,
1184 1287 1280 1319 una
1310 1286 1466 1319 canna
1493 1270 1679 1318 cortine
1711 1270 1896 1317 subtilis
1929 1285 1987 1318 ex
2016 1286 2109 1332 qua

322 1354 484 1402 media
504 1355 597 1403 feci
620 1355 737 1402 duas
760 1354 1009 1418 mappulas
1032 1369 1119 1418 pro
1141 1354 1344 1418 panibus
1367 1353 1427 1412 ad
1448 1354 1748 1401 offertorium
1771 1352 2109 1417 cooperiendis

323 1443 370 1486 et
404 1438 463 1485 ad
494 1438 636 1486 aliam
668 1439 879 1486 mediam
910 1443 1160 1502 extergere
1194 1453 1365 1485 manus
1398 1437 1653 1484 ordinandi
1681 1442 1940 1500 antequam
1967 1453 2109 1501 para-

323 1526 487 1570 menta
509 1523 768 1586 acciperet,
795 1522 994 1570 baculus
1012 1521 1264 1586 pastoralis
1293 1521 1342 1567 in
1371 1537 1466 1568 uno
1496 1520 1705 1568 scabello
1727 1536 1878 1585 prope
1904 1521 2106 1569 creden-

323 1604 439 1652 tiam
462 1605 795 1652 ordinandam.
821 1608 991 1652 Parata
1012 1604 1205 1652 suerunt
1227 1604 1448 1662 amictus,
1474 1603 1583 1651 alba
1599 1607 1646 1651 et
1667 1603 1933 1667 cingulum,
1956 1604 2110 1652 mani-

324 1688 484 1751 pulus,
522 1689 766 1747 tunicella,
803 1689 927 1737 stola
963 1693 1010 1736 et
1044 1688 1303 1736 dalmatica
1335 1703 1421 1751 pro
1456 1687 1786 1750 protonotario
1821 1687 2107 1736 ordinando.

324 1775 586 1835 Postquam
614 1788 784 1821 omnes
816 1776 1144 1820 convenerunt
1171 1771 1219 1818 in
1248 1770 1434 1834 capella
1460 1771 1644 1835 majore
1674 1770 1835 1834 palatii
1858 1772 2108 1835 apostolici

325 1855 451 1919 apud
474 1861 695 1905 sanctum
725 1859 938 1915 Petrum,
964 1856 1011 1903 in
1034 1871 1127 1918 qua
1149 1855 1387 1902 ordinatio
1409 1854 1689 1918 hujusmodi
1717 1854 1843 1902 facta
1864 1861 1954 1915 est,
1981 1856 2111 1904 cele-

324 1939 547 1988 braturus
588 1940 774 2003 accepit
815 1940 977 1987 omnia
1013 1942 1295 2002 paramenta
1334 1937 1647 2001 pontificalia,
1689 1937 1944 1985 cardinalis
1985 1937 2112 1985 ordi-

324 2023 510 2070 nandus
543 2024 683 2087 juxta
715 2023 976 2071 scabellum
1018 2039 1176 2081 suum,
1220 2022 1466 2081 amictum,
1508 2020 1667 2068 albam
1705 2026 1752 2069 et
1785 2020 2032 2084 cingulum
2065 2025 2113 2069 et

324 2105 515 2153 mitram
541 2106 828 2170 simplicem,
855 2111 902 2154 et
927 2106 1048 2154 sedit
1077 2106 1161 2163 ita,
1189 2110 1236 2152 ut
1258 2105 1433 2153 faciem
1455 2104 1720 2152 celebranti
1743 2108 1967 2153 verteret.
1994 2107 2112 2152 Pro-

325 2190 592 2236 tonotarius
627 2191 765 2254 juxta
797 2189 1094 2238 credentiam
1135 2189 1280 2237 etiam
1314 2188 1562 2246 amictum,
1597 2187 1755 2235 albam
1788 2192 1835 2236 et
1865 2188 2110 2251 cingulum

325 2272 524 2335 recepit,
548 2272 659 2320 lotis
680 2272 810 2335 prius
832 2288 920 2336 per
940 2271 1108 2319 ambos
1130 2271 1371 2319 manibus.

392 2353 623 2401 Omnibus
657 2354 852 2416 paratis,
885 2353 1137 2402 celebrans
1171 2353 1374 2401 accessit
1402 2353 1463 2402 ad
1492 2353 1660 2414 altare,
1699 2353 1811 2402 fecit
1844 2355 2112 2403 confessio-

327 2452 456 2495 nem,
482 2440 529 2484 et
558 2452 668 2484 cum
697 2452 755 2484 eo
780 2436 1033 2485 cardinalis
1062 2435 1357 2484 ordinandus
1384 2436 1444 2484 ad
1471 2437 1577 2500 ejus
1610 2436 1852 2485 sinistram
1889 2443 2040 2498 stanS,
2065 2444 2111 2486 et

324 2521 681 2584 protonotarius
708 2521 768 2569 ad
798 2520 1041 2568 sinistram
1071 2519 1326 2567 cardinalis
1358 2520 1610 2569 ordinandi
1634 2521 1938 2584 genuflexus,
1966 2522 2111 2570 etiam

325 2619 434 2652 cum
463 2604 533 2652 eis
567 2604 680 2653 fecit
710 2603 1099 2662 confessionem;
1135 2619 1230 2666 qua
1261 2603 1403 2663 sacta,
1429 2604 1686 2652 cardinalis
1709 2604 1973 2669 genuflexit
2001 2609 2111 2653 ante

325 2687 590 2736 scabellum
613 2704 752 2736 suum
775 2691 1059 2751 coopertum
1082 2692 1241 2750 tapete
1263 2687 1312 2734 in
1334 2687 1477 2751 plano
1501 2688 1791 2753 presbyterii
1811 2688 1858 2736 in
1882 2704 2110 2752 supremo

323 2771 473 2834 gradu
505 2777 616 2820 ante
644 2772 857 2820 medium
888 2771 1037 2819 altare
1070 2771 1298 2833 positum,
1330 2775 1376 2819 et
1405 2772 1710 2834 prenotarius
1745 2776 1855 2820 ante
1889 2772 2108 2820 infimum

322 2853 526 2916 gradum
548 2854 834 2919 presbyterii
863 2853 1145 2917 genuflexit.
1172 2853 1430 2902 Celebrans
1461 2854 1585 2903 sedit
1612 2855 1660 2901 in
1693 2854 1821 2902 dicto
1843 2854 2110 2903 faldistorio

323 2936 372 2982 in
406 2936 566 2984 medio
596 2936 758 2983 altaris
791 2953 901 2983 cum
929 2937 1072 2984 mitra
1101 2941 1148 2984 et
1176 2936 1292 2983 dixit
1323 2937 1655 2999 protonotario
1689 2954 1698 2984 :
1730 2937 1823 2998 filii
1853 2938 2107 2996 carissime,

323 3019 541 3083 officium
569 3019 748 3066 ostiarii
777 3027 885 3078 elau,
917 3019 1091 3067 deinde
1122 3018 1253 3066 dedit
1282 3019 1437 3067 claves
1464 3020 1620 3083 primo
1655 3002 1904 3078 cardinali,
1935 3019 2109 3070 deinde

324 3102 656 3164 protonotario
684 3107 731 3150 et
759 3102 851 3150 alia
872 3102 1033 3149 omnia
1055 3106 1197 3165 prout
1215 3102 1265 3149 in
1284 3102 1549 3166 pontificali
1571 3119 1580 3162 ;
1609 3102 1873 3162 orationes,
1900 3102 2109 3151 instruc-¹

323 3184 480 3233 tiones
499 3189 546 3233 et
567 3185 895 3234 ordinationes
926 3201 1010 3232 seu
1035 3184 1409 3245 admonitiones,
1442 3186 1571 3248 quod
1594 3185 1888 3233 ordinandas
1916 3186 2032 3235 dixit
2058 3187 2107 3235 in

318 3267 544 3331 singulari
572 3268 900 3332 protonotario
923 3272 1127 3327 tantum,
1147 3269 1374 3331 quoniam
1397 3268 1654 3316 cardinalis
1678 3273 1924 3332 tamquam
1942 3285 1969 3318 a
1986 3285 2104 3334 pon-

315 3350 444 3400 tifice
465 3351 725 3400 instructus
753 3356 801 3400 et
824 3350 1115 3411 admonitus,
1133 3366 1220 3413 per
1246 3351 1549 3400 ordinantem
1577 3368 1675 3400 non
1703 3351 1831 3400 venit
1855 3352 2101 3402 instruen-

315 3434 405 3481 dus
426 3435 500 3482 vel
532 3435 819 3483 monendus.
