2222 3926
295 366 298 367 γ
326 334 397 369 206
776 371 778 373 ,
930 333 1160 370 JOHANNIS
1194 333 1487 377 BURCHARDI,
1762 332 2085 372 [Decembrss1494]

325 437 534 485 trissimo
565 435 760 484 domino
793 439 1087 485 Venetorum
1121 437 1208 499 (1),
1244 435 1370 482 idem
1401 433 1634 496 Georgius
1669 434 1908 482 Busardus
1938 451 2083 484 manu

322 520 516 584 propria
537 519 702 583 scripsi
725 523 771 568 et
793 519 1069 581 subscripsi.

387 604 445 649 Et
461 617 550 665 ego
568 601 813 664 Philippus
828 601 886 648 de
900 599 1188 648 Patriarchis
1199 637 1208 658 ,
1221 599 1422 648 clericus
1438 597 1805 656 Foroloviensis,
1823 600 2086 663 apostolica

321 689 366 732 et
387 684 621 747 imperiali
643 682 1003 731 auctoritatibus
1025 682 1239 730 notarius
1262 679 1481 746 publicus
1505 682 1859 745 suprascriptus
1880 682 2083 732 instruc-

321 768 499 815 tionem
521 781 578 814 ex
608 764 826 828 originali
854 765 912 812 de
935 765 1206 828 Senogallia
1235 765 1444 813 fideliter
1466 764 1745 813 transmisso
1767 765 1825 814 de
1852 767 1999 815 verbo
2021 765 2080 816 ad

314 848 511 897 verbum
545 847 887 911 transumptavi
922 851 968 896 et
998 848 1184 912 scripsi,
1221 847 1607 913 nihil-,mutando
1643 852 1722 896 aut
1757 848 1994 909 addendo,
2034 856 2082 898 et

313 931 407 979 hoc
436 931 593 995 ipsum
624 934 994 993 transumptum,
1028 934 1168 994 prout
1179 931 1373 995 jacebat
1393 931 1454 979 ad
1472 927 1680 991 literam,
1703 931 1795 980 feci
1823 932 2079 996 requisitus

312 1020 359 1063 et
378 1019 575 1078 rogatus
600 1030 609 1061 :
635 1014 683 1062 in
704 1013 840 1077 cujus
861 1013 930 1061 rei
952 1013 1281 1062 testimonium
1301 1015 1380 1063 hic
1412 1030 1488 1063 me
1521 1014 1781 1079 subscripsi
1815 1019 1861 1064 et
1892 1015 2081 1079 signum

316 1113 480 1147 meum
502 1097 703 1161 apposui
729 1102 1034 1146 consuetum.

378 1180 638 1239 Florentie,
664 1179 739 1228 die
759 1195 856 1228 xxv
876 1179 1169 1240 novembriS‚
1194 1195 1320 1230 anno
1342 1182 1535 1231 Domini
1562 1185 1700 1232 1494.

378 1263 543 1312 Sultan
580 1263 771 1327 Bajazet
811 1263 943 1312 Chan
982 1263 1067 1312 Dei
1107 1265 1275 1328 gratia,
1317 1282 1402 1314 rex
1446 1266 1684 1314 maximus
1727 1269 1776 1313 et
1818 1264 2081 1329 imperator

314 1348 561 1412 utriusque
588 1347 893 1408 continentis,
926 1347 1132 1411 Asieque
1153 1354 1200 1397 et
1227 1351 1433 1412 Europe,
1460 1348 1832 1397 christianorum
1861 1347 2079 1396 omnium

315 1430 565 1480 excellenti
586 1430 866 1495 presbytero
903 1435 951 1480 et
988 1433 1067 1489 D.,
1104 1430 1298 1480 domino
1330 1431 1602 1480 Alexandro
1641 1446 1840 1479 romane
1862 1429 2078 1479 Ecclesie

316 1528 516 1562 romano
542 1512 757 1576 pontifici
787 1512 1085 1577 dignissimo,
1120 1513 1439 1562 reverentiam
1471 1512 1682 1561 debitam
1715 1518 1763 1563 et
1794 1513 2078 1562 benevolam

316 1608 426 1646 cum
462 1596 648 1644 sincera
684 1594 1015 1659 dispositione.
1055 1598 1168 1643 Post
1205 1596 1572 1644 convenientem
1613 1600 1660 1644 et
1697 1597 1876 1660 justam
1906 1596 2082 1644 saluta-

319 1679 498 1729 tionem
541 1678 864 1742 significamus
905 1677 1005 1737 tibi,
1045 1695 1270 1742 supremo
1311 1679 1545 1742 pontifici,
1589 1679 1994 1742 quemadmodum
2034 1678 2084 1726 in

317 1761 530 1828 presenti
567 1759 764 1809 misistis
800 1760 996 1824 dignum
1033 1765 1081 1809 et
1116 1761 1308 1809 fidelem
1341 1766 1555 1810 vestrum
1595 1761 1844 1809 hominem
1876 1765 1924 1810 et
1951 1762 2086 1824 lega-

317 1850 418 1893 tum
441 1844 699 1907 Georgium
739 1843 1007 1891 Busardum
1038 1859 1148 1891 cum
1175 1844 1326 1892 literis
1359 1860 1451 1906 que
1487 1844 1799 1892 continebant
1834 1844 1893 1892 de
1926 1847 2084 1892 vestra
2158 1853 2170 1859 '

318 1929 490 1987 salute,
533 1942 698 1976 amore
735 1930 782 1975 et
820 1926 1032 1974 amicitia
1062 1943 1071 1974 :
1102 1927 1230 1975 venit
1267 1926 1327 1975 ad
1362 1943 1451 1975 nos
1486 1931 1532 1976 et
1571 1927 1784 1991 pervenit
1821 1927 1870 1974 in
1903 1927 2084 1990 optimo

316 2018 534 2076 tempore
571 2009 631 2059 ad
670 2025 829 2057 meam
869 2009 1151 2057 altissimam
1198 2014 1404 2073 portam,
1457 2014 1505 2057 et
1551 2009 1819 2058 dedicimus
1867 2026 1959 2074 que
1999 2026 2085 2074 per

316 2095 478 2144 literas
527 2092 943 2158 significabantur3
986 2097 1034 2140 et
1072 2108 1164 2155 que
1202 2093 1512 2141 commisistis
1547 2093 1636 2157 ipsi
1678 2093 1858 2152 dicere,
1910 2098 1958 2143 et
1997 2109 2081 2142 ore

317 2176 476 2225 retulit
523 2176 667 2224 etiam
708 2191 765 2224 ea
808 2190 971 2223 coram
1010 2175 1338 2238 Magnitudine
1381 2161 1491 2224 mea
1532 2176 1719 2239 integra
1763 2177 2080 2239 quemadmo-

317 2259 431 2307 dum
457 2262 536 2306 tua
556 2257 834 2306 Gloriositas
859 2257 949 2320 ipsi
978 2258 1232 2306 mandavit.
1268 2261 1384 2306 Cum
1410 2258 1720 2306 didicerImus
1751 2259 1959 2322 primum
1989 2274 2078 2307 nos

317 2342 375 2389 de
410 2341 560 2389 salute
593 2344 639 2389 et
666 2340 792 2388 bona
822 2339 1103 2388 habitudine
1134 2347 1214 2390 tue
1250 2341 1617 2401 Dominationis,
1657 2341 1882 2390 delectati
1915 2358 2081 2390 sumus

317 2423 543 2484 maxime,
581 2427 628 2472 et
661 2422 910 2471 exsultavit
940 2425 1134 2489 spirltus
1165 2441 1319 2473 meus.
1358 2427 1635 2488 Propterea,
1671 2429 1719 2473 et
1752 2424 1843 2472 illis
1878 2440 1969 2487 que
1999 2440 2086 2488 per

321 2513 477 2578 ipsum
499 2512 802 2577 significastis
824 2510 1005 2560 assensi
1030 2524 1196 2565 sumus
1218 2508 1363 2555 etiam
1386 2511 1434 2555 et
1454 2507 1656 2554 fecimus
1679 2506 1782 2570 ipsa
1802 2511 1848 2555 et
1869 2506 2086 2554 misimus

323 2597 466 2645 etiam
488 2596 710 2645 homines
735 2596 795 2645 ad
814 2596 922 2644 loca
943 2609 1034 2657 que
1056 2590 1382 2655 significastis,
1413 2594 1461 2637 ut
1483 2590 1786 2638 mitteremus
1809 2590 1932 2638 sicut
1953 2589 2086 2638 vole-

326 2679 406 2730 bat
433 2685 509 2730 tua
529 2679 808 2743 Magnitudo
829 2677 1029 2727 ulterius
1051 2680 1098 2724 et
1118 2674 1183 2734 id,
1205 2674 1331 2738 quod
1361 2678 1650 2722 conventum
1672 2679 1761 2733 est,
1790 2673 2005 2738 quamvis
2026 2674 2087 2721 ad

366 2852 396 2889 1.
428 2850 529 2888 Cette
550 2851 651 2888 lettre
676 2855 733 2887 est
758 2851 899 2886 donnee
918 2859 984 2896 par
1002 2847 1052 2885 M.
1077 2847 1215 2883 Sanuto
1237 2847 1296 2892 (en
1323 2843 1474 2891 italien).
1499 2843 1581 2882 Suit
1601 2843 1906 2882 immediatement
1924 2849 2031 2893 apres
2051 2844 2085 2881 la

320 2910 419 2959 copie
434 2911 481 2946 du
501 2910 583 2946 bref
592 2909 818 2957 apostolique
835 2907 908 2954 (t'ol.
927 2908 983 2953 9):

897 3012 914 3029 «
936 2995 1148 3042 Eaecmplum
1168 2995 1288 3031 ‘brevis
1308 2994 1500 3040 apostolica·

970 3076 987 3094 «
1009 3061 1219 3097 Alabandei·
1236 3061 1336 3106 Papa
1361 3060 1419 3105 W.

366 3164 383 3181 «
408 3146 573 3184 illustris,
604 3146 731 3183 Sultan
758 3145 914 3182 baiseth.
942 3143 1183 3181 Veneratione
1210 3141 1321 3179 divini
1348 3138 1504 3178 nominis
1526 3144 1561 3177 et
1587 3152 1707 3177 amore
1737 3154 1744 3177 :
1775 3152 1837 3189 pro
1865 3140 2083 3189 quibusdam

322 3206 484 3253 negociis
511 3204 781 3242 occurrentibus
812 3203 987 3240 mittimus
1014 3203 1058 3238 ad
1085 3202 1310 3250 Majestatem
1342 3205 1440 3237 tuam
1460 3196 1683 3248 presentium
1711 3196 1950 3238 exhibitorem
1969 3200 2084 3253 filium

322 3265 518 3312 Georgium
547 3265 761 3309 Buzardum,
782 3262 989 3299 familiarem
1016 3267 1051 3298 et
1076 3260 1250 3304 nuncium
1267 3264 1433 3296 nostrum
1454 3258 1509 3295 cui
1529 3260 1777 3297 commisimus
1799 3260 1920 3310 aliqua
1939 3260 2083 3297 nomine

313 3328 437 3360 nostro
456 3328 516 3360 tue
537 3322 763 3359 Solemnitati
788 3321 1000 3370 explicanda
1022 3332 1030 3356 :
1053 3320 1150 3356 illam
1171 3320 1402 3356 exhortamur
1431 3322 1470 3354 ut
1490 3318 1526 3354 in
1547 3319 1598 3356 eis
1620 3332 1689 3368 que
1710 3320 1853 3357 nomine
1874 3323 2000 3356 nostro
2022 3329 2080 3354 re-

315 3382 434 3429 ferret,
457 3383 597 3431 plenam
612 3386 647 3418 et
661 3381 860 3419 indubitam
875 3381 982 3418 fidem
998 3380 1066 3417 sibi
1085 3379 1267 3417 adhibeat.
1285 3379 1412 3423 Rome,
1429 3376 1650 3427 die....junii
1667 3376 2081 3421 MCCCCLXXXX1111‚

318 3445 417 3490 pont.
441 3440 553 3478 nostri
575 3451 670 3477 anno
689 3442 723 3478 2.
748 3456 765 3473 »
