2216 3886
185 349 294 389 [Avrss
317 351 410 389 1498]
630 347 797 384 RERUM
833 345 1134 382 [JRRANARUM
1170 345 1516 382 COMMENTARH.
1896 354 1959 389 441

184 450 341 513 posita
363 450 598 513 triplicata
617 466 705 513 per
725 453 1048 497 transversum
1074 448 1299 507 ecclesie,
1324 449 1404 496 illa
1425 465 1513 513 per
1531 450 1730 514 longum
1760 453 1963 503 ecclesie

185 531 379 580 fuerunt
410 533 470 580 ad
500 532 867 581 convenientem
895 532 1170 580 distantiam
1199 548 1227 580 a
1247 547 1385 580 muro
1409 537 1460 581 ut
1481 534 1724 582 intorticia
1745 536 1964 598 superius

185 616 341 678 posita
373 616 587 664 funestos
625 632 722 663 non
756 616 991 664 lederent.
1032 615 1308 664 Cardinales
1345 616 1573 666 sederunt
1609 617 1655 664 in
1694 617 1844 667 choro
1881 635 1965 668 seu

187 700 377 748 tribuno
399 701 666 765 principali,
685 700 746 748 ad
766 701 1008 748 sinistram
1030 700 1251 748 intrantis
1270 700 1571 764 incipientes.
1593 704 1643 748 In
1666 702 1820 766 capite
1841 702 1966 751 illius

186 784 354 845 quadri
378 789 425 832 et
444 784 539 832 fine
569 785 688 847 ejuS,
715 783 872 830 addidi
904 799 1102 831 scamna
1128 799 1184 831 ex
1211 783 1354 846 lignis
1383 800 1534 848 usque
1563 785 1623 832 ad
1649 785 1894 833 introitum
1917 786 1964 833 in

186 865 387 913 chorum
428 866 725 930 predictum3
766 866 926 928 itaque
968 881 1164 913 scamna
1199 870 1386 914 murata
1421 883 1530 914 cum
1569 867 1710 931 lignis
1751 868 1966 917 facerent

187 949 495 1013 triangulum.
528 953 692 997 Rmus.
720 952 776 996 D.
803 948 1059 997 cardinalis
1088 949 1430 1012 Neapolitanus
1454 950 1576 998 sedit
1599 951 1647 998 in
1668 952 1823 1015 capite
1849 968 1966 1015 qua-

186 1032 257 1079 dri
287 1049 448 1080 versus
477 1033 624 1080 altare
646 1033 803 1096 majus
826 1035 873 1079 et
893 1035 1001 1095 post
1022 1047 1134 1079 eum
1162 1032 1239 1079 alii
1267 1032 1480 1096 episcopi
1503 1038 1550 1081 et
1570 1035 1838 1099 presbyteri
1862 1051 1968 1082 car-

187 1116 368 1164 dinales
401 1133 409 1164 :
445 1115 671 1164 Senensis
703 1115 824 1162 sedit
855 1115 901 1161 in
924 1115 1080 1178 capite
1103 1114 1278 1162 banchi
1299 1116 1539 1179 lignorum
1563 1118 1694 1180 juxta
1719 1118 1966 1166 introitum

185 1200 472 1263 predictum,
497 1204 544 1248 et
572 1204 679 1263 post
701 1215 812 1248 eum
834 1198 912 1246 alii
937 1198 1125 1246 diaconi
1152 1200 1442 1259 cardinales;
1467 1200 1628 1263 itaque
1648 1200 1812 1264 junior
1832 1216 1967 1264 pres-

187 1284 324 1347 byter
344 1288 391 1331 et
407 1284 574 1346 junior
594 1283 862 1330 cardinales
884 1287 1020 1330 erant
1042 1283 1273 1346 contigui.
1300 1284 1475 1332 Prelati
1498 1284 1725 1332 sederunt
1750 1284 1797 1331 in
1820 1298 1968 1347 oppo-

187 1366 278 1414 sito
318 1366 634 1414 cardinalium
672 1366 731 1413 ad
770 1366 1019 1414 dexteram
1055 1366 1276 1414 intrantis
1317 1366 1499 1413 dictum
1539 1367 1782 1414 tribunum
1821 1367 1967 1415 facies

184 1454 424 1498 vertentes
455 1449 571 1513 ipsis
603 1449 926 1498 cardinalibus
956 1450 1006 1496 in
1035 1465 1118 1497 sex
1147 1449 1355 1497 scamnis
1383 1450 1556 1513 ligneis
1587 1455 1634 1499 et
1661 1466 1756 1497 uno
1779 1456 1967 1498 murato

186 1534 234 1581 in
269 1549 363 1597 quo
405 1533 635 1582 sederunt
673 1533 841 1597 prelati
876 1533 1055 1597 palatii.
1093 1533 1162 1580 Illi
1197 1533 1292 1581 duo
1326 1537 1539 1582 oratores
1571 1534 1834 1598 supradicti
1871 1534 1968 1583 sive

185 1632 282 1664 non
309 1617 496 1680 prelati,
531 1618 757 1665 sederunt
789 1634 934 1681 super
962 1633 1211 1666 scamnum
1241 1621 1484 1665 muratum
1510 1633 1661 1682 prope
1683 1618 1968 1666 memoriam

187 1700 311 1748 bone
334 1701 568 1749 memorie
591 1701 845 1749 cardinalis
874 1718 913 1748 s.
947 1701 1082 1760 Sixti,
1109 1706 1157 1748 et
1178 1716 1347 1749 omnes
1379 1701 1646 1750 cardinales
1669 1707 1715 1750 et
1745 1702 1839 1749 duo
1862 1718 1970 1750 ora—

189 1790 318 1832 tores
350 1784 490 1847 primi
524 1785 796 1837 habuerunt
831 1784 919 1832 sub
951 1800 1001 1832 se
1042 1789 1089 1832 et
1124 1784 1212 1831 sub
1243 1784 1446 1847 pedibus
1477 1785 1663 1832 tabulas
1692 1785 1878 1848 ligneas
1908 1801 1969 1833 ne

189 1882 431 1915 marmora
459 1868 527 1915 eis
549 1873 798 1915 nocerent.
826 1868 1000 1915 Prelati
1019 1873 1180 1915 autem
1204 1868 1429 1916 sedentes
1457 1868 1506 1914 in
1528 1868 1621 1916 alio
1644 1884 1841 1916 scamno
1862 1885 1970 1916 mu—

187 1955 291 1999 rato
314 1966 411 1998 non
435 1951 727 2009 habuerunt,
758 1955 956 2015 propter
985 1951 1385 1999 inadvertentiam
1407 1967 1585 1999 meam.
1612 1951 1854 2015 Pulpitum
1882 1968 1970 2016 pro

186 2039 375 2082 oratore
398 2035 606 2097 positum
630 2034 717 2081 fuit
738 2034 862 2083 intra
883 2035 1125 2082 tribunum
1148 2035 1415 2098 predictum
1438 2035 1499 2083 ad
1519 2035 1766 2083 dexteram
1788 2035 1971 2083 intran-

187 2118 264 2177 tis,
300 2117 365 2165 ita
386 2117 513 2180 quod
535 2122 700 2166 orator
721 2122 851 2165 stans
879 2118 928 2165 in
959 2134 1017 2165 eo
1040 2119 1305 2182 respiceret
1326 2119 1657 2182 principaliter
1677 2135 1843 2167 versus
1865 2135 1972 2168 car-

187 2201 395 2248 dinalem
426 2201 812 2264 Neapolitanum.
847 2201 959 2249 Tele
990 2202 1126 2265 nigre
1156 2202 1312 2265 posite
1339 2202 1532 2251 fuerunt
1560 2219 1648 2266 per
1677 2207 1830 2250 totum
1853 2219 1971 2266 qua-

185 2283 325 2330 drum
355 2282 514 2331 medie
549 2284 678 2331 navis
713 2284 917 2333 ecclesie
953 2289 999 2333 et
1021 2301 1168 2349 super
1199 2292 1405 2348 quatuor
1438 2286 1686 2334 colomnas
1717 2286 1879 2334 altaris
1912 2286 1973 2334 ad

185 2381 355 2413 omnes
377 2367 481 2430 ejus
503 2373 708 2429 quatuor
728 2373 889 2432 partes
911 2373 958 2417 et
980 2369 1160 2416 circum
1182 2370 1312 2418 circa
1338 2370 1577 2433 pulpitum
1599 2370 1827 2429 oratoris3
1854 2386 1971 2433 quas

187 2448 304 2495 telas
328 2449 491 2497 altaris
523 2455 571 2498 et
591 2451 758 2514 pulpiti
782 2456 829 2499 et
859 2458 1064 2515 quatuor
1085 2453 1294 2501 scabella
1316 2453 1405 2500 sub
1427 2457 1584 2501 castro
1608 2453 1806 2512 doloris,
1837 2452 1972 2501 finita

185 2532 349 2590 missa,
382 2547 472 2595 ego
495 2534 674 2597 recepi.
705 2536 926 2582 Castrum
948 2535 1126 2583 doloris
1149 2537 1361 2599 positum
1382 2537 1469 2585 fuit
1496 2541 1603 2599 post
1626 2536 1757 2584 illam
1783 2552 1971 2584 memo-

187 2616 305 2662 riam
336 2619 613 2663 sanctorum
641 2621 750 2665 ante
776 2617 1024 2666 introitum
1052 2619 1186 2666 chori
1210 2619 1435 2682 positam,
1460 2619 1638 2668 ferrata
1661 2620 1818 2668 ferrea
1839 2619 1971 2667 clau-

186 2714 306 2757 sam,
345 2714 510 2746 versus
550 2704 714 2763 portas
752 2701 976 2761 ecclesie,
1016 2702 1238 2750 videlicet
1274 2702 1551 2751 immediate
1588 2707 1699 2767 post
1734 2702 1970 2750 tumulum

184 2782 364 2830 ibidem
388 2787 434 2829 et
458 2783 619 2831 medio
642 2783 767 2832 inter
788 2800 928 2832 arcus
957 2790 1003 2833 et
1024 2801 1189 2833 muros
1209 2786 1522 2850 longitudinis
1544 2786 1813 2851 palmorum
1839 2802 1970 2834 xxxn

185 2866 287 2913 sine
319 2866 572 2926 columnis,
597 2867 863 2915 latitudinis
884 2885 996 2928 xxv,
1023 2869 1259 2917 columnis
1289 2886 1387 2917 non
1415 2871 1724 2934 computatis,
1749 2874 1796 2918 et
1822 2870 1970 2918 altum

184 2965 270 3007 xv;
307 2949 479 2998 lectica
515 2955 678 2999 autem
713 2952 800 2999 sub
831 2968 889 3000 eo
925 2952 1011 2999 tuit
1046 2952 1228 3000 infima.
1267 2953 1483 3002 Debebat
1519 2954 1649 3002 enim
1687 2971 1793 3002 esse
1826 2954 1973 3016 longa

186 3031 362 3093 pedum
385 3049 463 3080 xm
491 3038 538 3081 et
562 3034 658 3082 lata
679 3051 728 3083 lx
753 3036 921 3099 :juxta
951 3040 1159 3084 castrum
1187 3036 1338 3099 posita
1363 3036 1556 3084 fuerunt
1578 3038 1817 3085 intorticia
1838 3053 1971 3083 xxnn

186 3114 300 3160 hinc
328 3120 376 3161 et
400 3115 510 3164 inde
541 3123 588 3165 et
619 3118 713 3166 duo
748 3135 894 3182 super
920 3135 1097 3182 magna
1126 3121 1431 3179 candelabra,
1463 3136 1597 3168 more
1630 3121 1793 3178 solito;
1827 3135 1972 3182 super

187 3197 434 3245 introitum
469 3200 674 3248 ecclesie
708 3202 953 3250 intorticia
984 3219 1033 3250 lx
1065 3203 1126 3251 ad
1159 3203 1405 3251 dexteram
1439 3203 1687 3259 intrantis;
1724 3219 1875 3265 usque
1911 3204 1970 3251 ad

186 3296 351 3327 arcum
373 3296 603 3344 magnum
623 3282 866 3332 intorticia
892 3301 960 3332 XII
986 3290 1032 3333 et
1054 3287 1142 3333 sub
1164 3303 1277 3334 arcu
1306 3302 1372 3345 xt,
1397 3286 1458 3333 ad
1479 3286 1721 3333 sinistram
1744 3286 1967 3335 intrantis

187 3379 336 3426 usque
360 3356 419 3410 ad
441 3379 605 3411 arcum
637 3365 843 3415 similem
872 3384 919 3414 vi
941 3368 1096 3423 etsub
1118 3385 1231 3416 arcu
1262 3385 1336 3427 xi;
1372 3384 1517 3430 super
1547 3369 1795 3417 introitum
1832 3370 1965 3417 chori

186 3462 291 3503 v111,
330 3462 474 3509 super
507 3453 714 3494 castrum
743 3450 921 3496 doloris
955 3451 1197 3498 intorticia
1222 3467 1287 3503 ix,
1314 3455 1360 3498 et
1390 3451 1590 3499 candele
1622 3467 1688 3498 vn
1725 3451 1799 3499 vel
1822 3451 1964 3501 cirea,
