2222 3926
115 316 333 356 [Mai-³149&
558 314 725 351 RERUM
758 313 1061 350 URBANARUM
1094 313 1446 353 COMMENTARH.
1823 318 1893 352 273

112 418 483 476 habitationum,
521 417 644 466 inter
681 416 899 465 seniores
933 416 1052 464 duos
1088 416 1316 464 diaconos
1346 416 1615 464 cardinales
1645 417 1690 462 in
1721 416 1889 465 ultimo

110 501 218 549 loco
253 501 482 549 incedens
512 501 699 549 medius
729 505 776 548 et
809 515 969 548 rosam
1003 504 1198 563 portans
1230 500 1555 548 associaretur
1585 499 1882 563 hujusmodi.

114 584 294 632 Deinde
315 584 554 632 Sanctitas
576 599 663 631 sua
680 583 797 630 mihi
816 583 1100 646 significavit
1121 587 1167 630 ut
1188 582 1301 629 illud
1321 582 1579 646 diligenter
1597 598 1882 645 exequerer.

111 670 230 715 Cum
249 673 411 716 autem
431 669 669 717 Sanctitas
691 684 777 716 sua
794 671 1076 731 paramenta
1093 667 1352 730 acciperet,
1374 667 1434 715 ad
1453 666 1691 730 capellam
1715 666 1884 723 iturus,

111 751 431 814 persuadente
457 752 545 799 sibi
575 751 815 799 cardinale
845 751 1066 810 Senensi,
1100 750 1359 798 inclinabat
1389 750 1519 814 quod
1546 766 1658 798 rosa
1678 750 1727 797 in
1757 750 1890 814 prin-

109 834 236 897 cipio
259 834 572 899 officii-super
591 835 739 882 altare
764 841 1025 898 poneretur
1046 839 1091 882 et
1118 849 1205 897 per
1228 838 1380 882 totum
1405 834 1620 882 officium
1643 839 1885 891 maneret3

49 942 52 946 »
108 933 253 980 super
290 933 384 980 quo
421 923 584 966 tamen
616 918 852 982 judicium
888 933 1050 965 meum
1090 918 1387 981 perquisivit.
1434 917 1679 980 Respondi
1726 933 1885 964 rosam

110 999 383 1063 significare
414 1001 617 1049 letitiam
651 1006 699 1050 et
733 1007 924 1064 tempus
959 1001 1103 1049 modo
1141 1017 1248 1049 esse
1283 1001 1528 1050 Passionis
1563 1001 1806 1049 dominice
1842 1006 1889 1049 et

112 1084 336 1143 mestitie,
371 1099 567 1132 crucem
595 1090 643 1133 et
673 1085 908 1148 imagines
938 1099 1044 1132 esse
1078 1085 1270 1144 velatas,
1303 1085 1452 1133 altare
1483 1085 1585 1133 sine
1616 1090 1806 1143 ornatu,
1841 1089 1888 1133 et

109 1172 369 1231 propterea
397 1183 702 1231 nequaquam
727 1168 985 1215 convenire
1016 1184 1176 1215 rosam
1201 1168 1356 1231 ipsam
1378 1168 1428 1215 in
1449 1169 1586 1216 altari
1609 1169 1698 1216 sub
1728 1168 1888 1216 officio

109 1250 223 1314 poni
250 1267 260 1298 ε
289 1250 526 1313 acquievit
550 1251 711 1313 itaque
741 1251 978 1299 Sanctitas
1017 1268 1103 1299 sua
1131 1252 1372 1299 sententie
1395 1267 1503 1299 mee
1533 1257 1580 1300 et
1604 1253 1743 1316 juxta
1771 1268 1890 1300 con-

111 1334 269 1382 silium
294 1334 610 1382 cardinalium
631 1350 742 1383 rosa
767 1335 817 1382 in
847 1335 1115 1382 sacristiam
1148 1335 1432 1397 permansit.
1465 1336 1610 1384 Venit
1635 1335 1808 1384 deinde
1830 1336 1892 1383 ad

109 1418 343 1481 capellam
381 1433 409 1464 a
436 1417 575 1465 tertia
605 1417 712 1465 aula
741 1423 952 1482 paratuS,
980 1433 1132 1482 usque
1160 1418 1220 1465 ad
1251 1434 1397 1480 quam
1419 1421 1476 1465 D.
1515 1418 1725 1466 Phoebus
1756 1420 1887 1466 Gon-

107 1515 240 1564 zaga,
279 1497 574 1548 marchionis
611 1502 1020 1566 consanguineus,
1061 1502 1277 1550 fimbrias
1314 1501 1531 1565 pluvialis
1567 1502 1790 1565 portavit,
1830 1502 1889 1550 de

109 1599 204 1646 quo
226 1583 464 1631 Sanctitas
495 1601 581 1631 sua
605 1584 692 1633 fuit.
722 1589 989 1643 commota3
1020 1585 1209 1633 volebat
1239 1586 1369 1634 enim
1392 1585 1522 1648 quod
1543 1584 1762 1632 marchio
1784 1584 1888 1632 illas

108 1671 337 1730 portaret.
364 1667 469 1715 Dixi
494 1668 744 1738 Sanctitati
765 1684 849 1716 sue
864 1668 958 1716 hoc
981 1684 1121 1716 mane
1144 1669 1276 1716 nulla
1298 1685 1405 1717 esse
1422 1669 1610 1732 agenda
1627 1667 1889 1732 portandas

110 1750 347 1810 timbrias3
375 1750 423 1797 in
439 1752 751 1814 processione
765 1752 950 1815 palmas
969 1753 1220 1810 tenendas,
1246 1753 1454 1801 dandam
1474 1768 1649 1815 aquam
1667 1752 1888 1799 manibus

109 1834 357 1882 Sanctitati
376 1849 479 1889 sue,
505 1837 553 1881 et
572 1833 698 1881 hanc
716 1834 905 1882 fimbrie
927 1835 1314 1898 deportationem
1337 1850 1444 1883 esse
1462 1835 1664 1883 minoris
1685 1834 1887 1882 honoris

109 1916 232 1964 inter
258 1917 423 1965 omnia
451 1917 690 1980 predicta3
727 1921 985 1981 propterea
1019 1918 1136 1964 mihi
1171 1919 1323 1966 visum
1351 1919 1438 1965 suit
1468 1918 1801 1966 marchionem
1827 1916 1887 1964 ad

109 2000 316 2048 alterum
337 2015 395 2048 ex
419 2001 647 2064 predictis
668 2001 1030 2061 reservandum,
1055 2017 1146 2050 nec
1169 2002 1428 2050 convenire
1451 2002 1581 2065 quod
1601 2002 1703 2064 ipse
1724 2001 1818 2048 hoc
1842 2006 1890 2048 et

108 2082 226 2130 illud
246 2083 427 2131 faceret
451 2099 460 2130 :
482 2083 659 2147 placuit
680 2085 929 2133 Sanctitati
952 2101 1037 2134 sue
1057 2091 1102 2133 et
1123 2086 1267 2134 voluit
1289 2086 1418 2148 quod
1438 2086 1654 2133 marchio
1675 2085 1885 2149 palmam
1919 2103 1922 2106 ⁴

109 2181 137 2212 a
156 2160 335 2214 dextris
348 2171 535 2214 teneret
557 2171 621 2225 et,
642 2172 750 2231 post
766 2167 1175 2227 distributionem,
1192 2184 1367 2230 aquam
1379 2169 1604 2217 manibus
1618 2169 1717 2216 suis
1733 2169 1883 2218 daret.

105 2250 234 2312 quod
255 2253 301 2298 et
323 2250 428 2298 fieri
454 2250 562 2298 feci.
588 2251 804 2299 Marchio
835 2252 1004 2300 habuit
1023 2253 1185 2301 locum
1207 2253 1254 2300 in
1276 2254 1435 2317 primo
1458 2253 1609 2318 gradu
1626 2254 1763 2317 juxta
1789 2253 1886 2316 pla-

105 2349 220 2380 num
242 2333 348 2381 solii
371 2336 497 2397 Pape
529 2335 642 2383 etin
668 2335 830 2398 plano,
858 2341 1077 2400 tempore
1100 2353 1206 2396 suo,
1232 2337 1450 2386 sedebat.
1477 2340 1622 2401 Papa,
1648 2336 1775 2384 facta
1796 2337 1890 2385 sibi

103 2433 189 2480 per
209 2418 479 2466 cardinales
509 2420 796 2478 reverentia,
827 2420 1075 2469 benedixit
1101 2427 1148 2469 et
1170 2422 1410 2470 distribuit
1432 2422 1633 2485 palmas.
1660 2421 1882 2485 Receptis

106 2500 203 2547 suis
226 2500 378 2548 tribus
395 2501 442 2548 in
465 2503 705 2562 manibus,
730 2504 985 2551 cardinalis
1005 2521 1043 2552 s.
1072 2491 1286 2569 Dionysii
1308 2505 1446 2567 petiit
1470 2504 1653 2568 palmas
1675 2520 1761 2567 pro
1784 2519 1885 2551 car-

104 2583 340 2632 dinalibus
370 2585 676 2646 absentibus;
702 2587 788 2634 sed
807 2590 935 2650 Papa
956 2589 1108 2636 noluit
1128 2589 1215 2636 sibi
1242 2589 1346 2636 illas
1369 2588 1501 2641 dare,
1528 2588 1694 2636 dicens
1715 2596 1884 2650 postea

104 2668 191 2715 sibi
215 2668 436 2727 daturus;
457 2669 714 2719 Valentino
733 2675 893 2718 autem
913 2671 1045 2719 dedit
1066 2688 1210 2719 unam
1233 2687 1319 2735 pro
1337 2688 1407 2731 se,
1430 2672 1575 2719 aliam
1596 2687 1681 2734 pro
1705 2674 1880 2733 nepote

104 2768 190 2800 suo
223 2752 466 2801 cardinale
498 2754 813 2817 Neapolitano
845 2755 1100 2815 existente,
1140 2755 1428 2813 marchioni,
1462 2754 1744 2803 immediate
1770 2758 1879 2818 post

102 2836 372 2884 cardinales
402 2837 664 2885 secundam
690 2854 700 2886 ;
726 2838 937 2901 palmam
968 2842 1095 2903 Pape
1126 2840 1281 2887 tenuit
1307 2844 1501 2887 senator
1529 2837 1670 2885 Urbis
1701 2841 1832 2885 stans
1854 2853 1881 2884 a

103 2921 306 2969 sinistris
336 2923 481 2984 Pape.
515 2923 568 2968 In
598 2923 929 2984 processione,
963 2923 1058 2970 duo
1087 2927 1303 2971 oratores
1325 2926 1634 2987 portaverunt
1663 2920 1878 2968 fimbrias

101 3004 303 3053 vestium
325 3008 470 3069 Pape,
495 3005 599 3068 ipso
622 3005 690 3053 sic
711 3006 899 3054 volente
922 3007 1206 3071 etjubente;
1230 3013 1400 3055 etcum
1421 3013 1600 3055 tractus
1617 3005 1874 3062 diceretur,

23 3080 30 3086 ’
101 3086 158 3131 D.
196 3087 408 3149 Raphael
438 3089 498 3137 de
518 3092 697 3149 Arena,
724 3090 957 3138 diaconus
991 3091 1195 3153 capelle,
1229 3091 1454 3154 deposuit
1484 3089 1792 3138 dalmaticam
1831 3092 1876 3135 et

100 3170 363 3231 expectavit
393 3171 514 3220 duos
545 3178 768 3222 cantores
804 3190 970 3222 secum
1000 3175 1277 3238 passionem
1300 3174 1532 3231 dicturos,
1565 3188 1677 3220 cum
1700 3171 1873 3234 quibus

102 3252 335 3311 ascendit,
369 3255 669 3303 osculaturus
698 3257 875 3319 pedem
909 3260 1061 3320 Pape;
1099 3258 1215 3305 dixit
1254 3259 1530 3322 passionem
1562 3255 1737 3303 Christi
1766 3269 1879 3301 con-

103 3340 382 3384 cernentem
411 3355 420 3383 :
446 3353 614 3387 omnes
635 3339 830 3388 fuerunt
853 3357 962 3388 cum
983 3342 1276 3404 paramentis
1299 3341 1540 3389 violaceis.

168 3420 321 3467 Finita
359 3421 601 3484 passione,
635 3422 882 3482 diaconuS‚
922 3430 1122 3487 accepto
1156 3426 1296 3482 libro,
1331 3424 1490 3487 posuit
1526 3439 1671 3486 snper
1704 3422 1871 3469 altare.

290 3532 322 3555 T.
352 3532 387 3555 ιι.
1650 3523 1689 3556 18
