2216 3886
205 299 418 341 [Decembre
441 298 535 337 1499]
658 295 825 332 RERUM
858 291 1160 329 URBANAREM
1195 291 1542 330 COMMENTARH.
1922 297 1992 331 599

279 404 330 463 Ῡ.
367 401 429 448 In
451 408 662 448 eternum
684 395 999 446 misericordia
1021 395 1143 457 ejus,

277 486 329 545 ᾗ).
367 483 437 531 Et
458 500 486 530 a
505 482 808 547 qeneratione
827 495 974 543 usque
995 479 1043 525 in
1059 478 1410 540 qenerationem
1432 478 1597 525 veritas
1618 479 1739 541 ejus.

272 571 322 630 Ῡ.
361 567 563 630 Aperite
584 565 700 613 milei
714 571 876 628 portas
881 562 1090 625 justitie,

315 692 324 701 .
365 652 434 699 Et
454 652 694 714 inyressus
717 649 766 695 in
786 663 862 694 eas
884 645 1138 710 confitebor
1155 644 1379 692 Domino.

312 774 322 784 .
362 734 466 783 Hec
477 741 620 797 porta
639 731 857 787 Domini,

313 859 323 868 .
357 817 487 866 Justi
507 815 758 863 intrabunt
775 814 823 859 in
843 828 961 859 eam.

315 940 324 950 .
363 899 574 948 Introibo
595 897 661 945 ad
676 896 866 944 domum
889 902 1040 951 tuam,

312 1022 322 1031 .
360 983 585 1032 Adorabo
607 980 672 1027 ad
688 979 911 1043 templum
932 983 1149 1024 sanctum
1171 984 1305 1024 tuum
1328 978 1377 1023 in
1393 978 1558 1024 timore
1578 987 1675 1025 tuo.

317 1107 326 1116 .
365 1067 470 1116 Hec
490 1067 586 1114 dies
607 1081 750 1130 quom
770 1063 888 1129 fecit
907 1060 1154 1118 Dominus,

314 1189 324 1198 .
363 1151 652 1199 Exultemus
674 1158 717 1197 et
738 1149 934 1196 letemur
953 1147 1002 1192 in
1020 1162 1090 1192 ea.

314 1273 323 1283 .
362 1235 580 1283 Laudate
599 1233 882 1290 Dominum,
906 1245 1066 1278 omnes
1082 1236 1264 1292 qentes‚

313 1357 323 1367 .
361 1319 579 1368 Laudate
601 1334 726 1375 eum,
751 1330 910 1363 omnes
924 1312 1112 1376 populi.

356 1403 552 1467 Aperite
572 1401 687 1449 milzi-
698 1405 863 1463 portas
872 1397 1079 1460 justitie,

315 1525 325 1534 .
363 1487 617 1550 Inyressus
639 1485 687 1531 in
706 1499 782 1531 eus
803 1480 1055 1546 confitebor
1070 1479 1297 1527 Domino,

358 1570 463 1618 Hec
473 1577 612 1634 porta
637 1566 846 1624 Domini,

316 1693 326 1702 .
366 1652 494 1701 Justi
515 1652 762 1700 intrabunt
774 1650 826 1697 in
845 1666 963 1697 eam.

320 1773 330 1784 .
368 1735 569 1783 Introite
589 1735 638 1781 in
658 1739 954 1796 conspectum
975 1731 1096 1792 ejus,

317 1856 326 1865 .
365 1818 429 1866 In
452 1817 756 1866 eoeultatione.

318 1939 329 1950 .
367 1901 590 1959 Domine,
615 1900 789 1948 exaudi
805 1899 1061 1947 orationem
1082 1913 1249 1955 meam,

319 2021 329 2030 .
366 1984 441 2032 Et
456 1984 631 2030 clamor
649 1997 779 2030 meus
801 1979 866 2028 ad
883 1989 926 2028 te
947 1979 1117 2027 veniat.

314 2104 324 2114 .
362 2066 602 2114 Dominus
622 2064 873 2123 vobiscum,

320 2187 329 2198 .
368 2149 438 2197 Et
459 2165 563 2196 cum
583 2149 751 2212 spiritu
771 2156 869 2196 tuo,

270 654 308 1211 &QQQQQJQ

270 1238 320 2212 awa*&wz›3³a·5²w*4

987 2289 1204 2336 OREMUs.

279 2393 413 2440 Deus
431 2392 514 2457 qui
526 2407 617 2454 per
636 2390 854 2452 Moysem
873 2389 1115 2455 famulum
1138 2397 1272 2436 tuum
1286 2391 1463 2453 populo
1479 2390 1739 2439 Israelitico
1762 2390 1996 2452 quinqua-

216 2480 446 2544 yesimum
467 2489 649 2522 annum
677 2473 962 2520 remissionis
989 2480 1036 2520 ct
1049 2472 1223 2534 jubilei
1254 2473 1518 2532 instituisti,
1545 2472 1741 2520 concede
1758 2472 1996 2534 propitius

212 2562 346 2610 nobis
372 2558 570 2626 famulis
601 2557 693 2604 tuis
711 2556 886 2618 jubilei
905 2556 1206 2603 centesimum
1234 2572 1415 2603 annum
1448 2564 1528 2604 tua
1556 2555 1834 2603 auctoritate
1861 2555 1997 2602 insti-

213 2651 371 2691 tutum
406 2656 497 2705 quo
533 2640 655 2686 hanc
678 2644 870 2701 portam
904 2637 1075 2701 populo
1112 2638 1307 2684 contrito
1350 2638 1524 2700 aperiri
1561 2637 1764 2696 voluisti,
1797 2637 1999 2702 feliciter

215 2726 455 2783 inchoare,
488 2732 542 2771 ut
574 2724 623 2770 in
655 2738 705 2769 eo
736 2722 870 2769 venia
896 2722 1034 2785 plene
1066 2721 1358 2784 indulqentie
1388 2729 1435 2768 ct
1461 2721 1748 2768 remissionis
1787 2720 1997 2768 omnium

213 2811 486 2858 delictorum
516 2807 718 2866 obtenta,
743 2822 851 2854 cum
878 2805 973 2852 dies
1004 2805 1255 2853 vocationis
1281 2804 1538 2864 advenerit,
1566 2805 1874 2854 inenarrabili
1892 2804 1998 2869 {slo-

213 2896 284 2942 ria
305 2902 349 2941 et
358 2891 564 2957 perenni
583 2890 811 2956 felicitate
826 2890 1159 2954 perfruamur.
1179 2889 1277 2936 Per
1296 2888 1360 2935 D.
1381 2887 1448 2935 N.
1468 2886 1516 2935 J.
1541 2888 1597 2936 C.
1618 2899 1703 2937 etc.
1729 2889 1996 2953 Responsio

215 2993 243 3025 a
264 2975 542 3024 cantoribus
564 2991 573 3021 :
602 2973 776 3021 Amen.

281 3071 365 3118 SS.
390 3072 448 3117 D.
478 3070 534 3116 N.
565 3069 768 3116 accessit
793 3068 1021 3131 pedester
1049 3069 1109 3117 ad
1137 3074 1325 3133 portam
1357 3071 1687 3134 aperiendam,
1719 3076 1767 3118 et
1796 3075 1996 3134 accepto

218 3155 276 3202 de
297 3152 518 3200 manibus
538 3150 755 3214 magistri
776 3151 1021 3199 Thomasii
1044 3153 1229 3200 Maratii
1255 3154 1514 3201 muratoris
1537 3158 1583 3201 et
1606 3153 1808 3216 prefecti
1830 3152 1997 3209 officii,

223 3235 398 3284 malleo
425 3250 520 3297 quo
547 3236 871 3283 communiter
895 3241 1165 3284 mun-atores
1202 3241 1417 3295 utuntur,
1440 3236 1570 3284 dedit
1597 3235 1760 3299 plures
1788 3235 1912 3283 ictus
1942 3236 2003 3283 ad

227 3319 344 3367 illud
369 3318 590 3366 foramen
618 3318 667 3365 in
696 3319 856 3367 medio
886 3321 1023 3382 porte
1061 3318 1256 3374 factum,
1287 3319 1517 3367 lateribus
1549 3318 1844 3378 obturatum,
1876 3318 2006 3382 quod

228 3402 343 3449 feeit
364 3400 536 3449 cadere
559 3400 606 3450 in
631 3404 828 3455 terram,
847 3406 894 3450 et
915 3395 1191 3450 retrocessit
1215 3402 1261 3448 in
1281 3401 1447 3450 sedem
1467 3417 1622 3461 suam,
1641 3406 1689 3449 et
1707 3391 2006 3450 laboratores
