2216 3886
267 338 334 373 :334
872 330 1101 367 JoHANNts
1138 329 1430 372 RURCHARDI,
1847 333 1934 372 [Mat
1951 337 2044 377 1499]

266 437 570 496 officialibuS,
597 440 832 499 quatenus
866 432 940 479 die
966 431 1108 494 jovis,
1142 434 1202 478 30
1222 429 1465 494 'presentis
1498 431 1678 478 mensis
1705 432 1836 491 maii,
1867 434 2045 484 festivi—

266 523 372 570 tatis
395 523 477 569 SS.
498 518 714 581 corporis
735 515 928 572 Christi,
952 515 1038 560 sub
1056 529 1181 575 pena
1198 513 1404 575 quinque
1426 512 1708 561 ducatorum
1730 515 1830 562 auri
1854 531 2042 567 camere

265 601 655 651 irremissibiliter
689 613 878 646 camere
916 595 1176 659 apostolice
1215 594 1659 663 appplicandorum,
1694 596 1900 648 debeant
1934 616 1964 647 x
1993 601 2041 649 in

264 685 435 751 palatio
458 681 722 746 apostolico
745 679 869 742 apud
894 695 931 725 s,
959 681 1172 738 Petrum,
1198 678 1323 726 intra
1342 678 1610 741 predictam
1634 684 1840 743 portam,
1864 682 2040 731 ibidem

264 771 307 816 in
339 767 487 825 curia,
523 780 633 812 cum
668 762 866 823 singulis
897 760 1138 808 intortitiis
1177 760 1274 808 suis
1312 761 1530 810 honestis
1566 768 1817 826 presentes
1855 780 1961 813 esse
1996 772 2042 813 et

261 850 429 899 exinde
450 846 766 913 personaliter
787 860 844 891 eo
867 844 1034 890 ordine
1056 844 1337 907 procedere,
1354 849 1496 907 prout
1518 848 1682 894 RmuS.
1705 849 1760 894 D.
1784 847 2038 895 cardinalis

261 931 545 979 ordinaverit
567 946 621 978 ac
643 928 963 993 personaliter
990 943 1075 974 sua
1104 927 1336 975 intortitia
1365 927 1570 988 deferre,
1597 933 1642 977 et
1664 946 1816 993 usque
1843 931 1903 978 ad
1926 947 2038 995 pro—

263 1016 533 1063 ‹·ossionem
556 1012 845 1076 completam
869 1012 915 1058 in
939 1011 1110 1059 eodem
1133 1026 1420 1074 permanere
1440 1012 1527 1060 sub
1547 1012 1717 1060 eadem
1734 1029 1861 1077 pena
1886 1031 1896 1062 :

326 1097 748 1146 Abbreviatoribus
772 1095 830 1143 de
852 1109 998 1158 parco
1020 1094 1210 1157 majori,

331 1181 746 1230 Ablweviatoribus
769 1179 827 1244 de
845 1194 991 1241 parco
1012 1179 1183 1225 minori
1204 1183 1249 1227 et
1270 1179 1425 1242 prima
1445 1179 1644 1239 visione,

327 1264 726 1313 sollicitatoribus
746 1263 1012 1311 litterarum
1035 1262 1427 1326 apostolicarum.

327 1347 568 1410 Magistris
589 1346 789 1410 plumbi,

331 1431 669 1488 Bullatoribus,

331 1514 650 1578 Scriptoribus
671 1513 780 1577 peni
789 1512 1026 1562 tentiarie.

334 1602 370 1646 N
376 1597 540 1646 otariis
559 1601 677 1656 rote,

327 1680 725 1729 Procuratoribus
747 1681 1167 1738 contradictarum,

331 1765 535 1813 Notariis
557 1763 854 1811 auditoribus
877 1779 1087 1811 camere.

328 1852 396 1896 De
419 1847 647 1895 mandato
674 1848 756 1895 SS.
784 1849 839 1894 l).
867 1849 921 1895 N.
947 1862 1069 1910 pape
1100 1847 1350 1894 intimatur
1373 1846 1601 1895 Societati
1629 1846 1752 1894 Rmi.
1777 1846 1825 1893 in
1848 1846 2036 1895 Christo

264 1931 414 1979 Patris
438 1934 494 1978 D.
519 1929 792 1978 Sanctitatis
812 1945 897 1976 sue
920 1929 966 1976 in
988 1929 1114 1976 alma
1135 1930 1261 1977 Urbe
1281 1934 1328 1977 et
1346 1930 1450 1993 ejus
1473 1929 1687 1977 districtu
1707 1929 1867 1978 vicarii
1889 1945 2035 1994 gene-

264 2014 388 2073 ralis,
415 2013 561 2076 quod,
587 2014 633 2060 in
664 2014 739 2060 die
764 2013 887 2077 jovis
917 2016 976 2061 30
996 2013 1234 2076 presentis
1262 2014 1392 2072 maii,
1416 2013 1681 2061 festivitatis
1708 2015 1793 2062 SS.
1818 2014 2033 2078 corporis

261 2097 453 2155 Christi,
474 2097 595 2145 hora
616 2114 662 2155 x,
688 2097 1050 2160 processionem
1073 2096 1186 2144 cleri
1208 2096 1347 2145 Urbis
1368 2113 1396 2144 a
1415 2097 1573 2160 platea
1591 2097 1786 2146 basilice
1807 2098 2035 2162 principis

259 2180 604 2243 apostolorum,
635 2195 721 2243 per
752 2180 875 2227 viam
903 2180 1173 2227 ordinatam
1201 2185 1249 2228 et
1280 2183 1496 2243 paratam
1524 2180 1585 2227 ad
1615 2180 1836 2227 eamdem
1871 2180 2034 2228 basili-

258 2278 381 2323 cam,
416 2262 583 2311 ordine
619 2278 723 2321 suo,
757 2262 1035 2311 immediate
1073 2267 1183 2310 ante
1213 2263 1575 2326 processionem
1608 2264 1692 2311 SS.
1729 2266 1785 2311 D.
1820 2265 1877 2311 N.
1910 2279 2034 2327 papa

263 2344 526 2408 procedere
545 2345 703 2393 saciat.
723 2345 976 2393 Mandetur
997 2349 1042 2393 et
1066 2345 1397 2394 commissario
1420 2345 1532 2394 cleri
1555 2345 1775 2410 predicti,
1801 2346 1928 2409 quod
1949 2346 2036 2393 sub

261 2444 382 2490 pena
413 2443 444 2475 v
464 2428 749 2476 ducatorum
788 2429 1183 2477 irremissibiliter
1209 2445 1399 2478 camere
1436 2429 1698 2493 apostolice
1727 2429 2037 2493 applicando-

264 2526 384 2570 rum,
410 2512 773 2574 processionem
804 2513 1019 2576 ejusdem
1049 2514 1180 2573 cleri,
1208 2514 1329 2561 hora
1355 2518 1402 2562 et
1432 2513 1597 2561 ordine
1624 2513 1870 2577 predictiS,
1902 2512 2034 2560 solli-

261 2593 373 2641 citet
393 2597 439 2641 et
467 2593 608 2642 faciat
628 2595 865 2658 premissa
886 2595 1088 2644 firmiter
1109 2597 1369 2645 observari.
1395 2599 1659 2644 Executum
1682 2595 1769 2644 fuit
1797 2600 1848 2644 ut
1872 2611 2029 2660 supra,

264 2679 321 2722 28
344 2677 474 2736 maii,
495 2692 580 2740 per
601 2693 679 2725 me
701 2678 1004 2727 Desiderium
1027 2662 1291 2728 cursorem.

331 2760 465 2807 Feria
493 2761 672 2822 quinta,
706 2764 766 2809 30
787 2762 917 2820 maii,
948 2763 1069 2810 festo
1092 2763 1425 2826 gloriosissimi
1453 2764 1670 2828 corporis
1692 2763 1886 2822 Christi,
1909 2763 2030 2811 facta

264 2847 336 2890 est
351 2842 614 2905 processio,
634 2859 661 2890 a
675 2859 820 2906 parva
838 2845 1022 2908 capella
1036 2846 1196 2908 palatii
1214 2846 1465 2908 apostolici
1480 2846 1700 2909 predicti,
1721 2861 1809 2908 per
1824 2845 2033 2908 plateam

263 2923 442 2982 Sancti,
468 2923 527 2970 ad
549 2925 821 2987 oppositum
849 2927 1008 2988 palatii
1042 2928 1165 2974 Rmi.
1191 2930 1248 2975 D.
1274 2927 1527 2975 cardinalis
1551 2944 1587 2975 s.
1615 2927 1894 2985 Clementis,
1921 2926 2032 2974 inde

261 3007 320 3053 ad
341 3006 569 3069 palatium
599 3008 817 3071 ejusdem
843 3013 890 3057 et
913 3026 999 3073 per
1017 3011 1141 3057 viam
1174 3013 1418 3070 Sanctam,
1444 3012 1502 3058 ad
1532 3011 1783 3059 basilicam
1811 3027 1850 3058 S.
1885 3011 2031 3068 Petri,

262 3091 344 3136 SS.
371 3092 434 3137 D:
455 3092 508 3137 N.
536 3097 890 3139 sacramentum
913 3092 1186 3152 deferen.te;
1211 3094 1495 3153 cardinales,
1528 3094 1697 3158 prelati
1726 3099 1770 3142 et
1801 3093 2033 3142 officiales

263 3174 603 3234 interfuerunt;
637 3176 991 3226 abbreviatores
1019 3177 1077 3223 de
1106 3192 1251 3239 parco
1281 3176 1451 3240 majori
1485 3181 1531 3224 et
1561 3176 1716 3240 prima
1747 3175 1929 3223 visione
1960 3175 2033 3223 in-

264 3256 546 3317 terfuerunt,
579 3263 625 3306 et
647 3258 947 3307 incesserunt
974 3260 1082 3324 ipsi,
1114 3264 1160 3308 et
1189 3260 1267 3307 alii
1298 3275 1484 3320 omnes,
1509 3264 1652 3323 prout
1682 3259 1731 3306 in
1752 3259 1874 3306 libro
1896 3273 2032 3306 cere-

263 3339 533 3388 moniarum
577 3342 826 3390 ordinatur
861 3348 907 3391 et
949 3342 1052 3389 aliis
1100 3342 1503 3406 subsequentibus
1544 3342 1680 3389 annis
1727 3341 2029 3389 observatum

265 3425 352 3470 est.
380 3425 545 3470 Rmus.
579 3427 633 3471 D.
667 3425 921 3473 cardinalis
957 3427 1206 3490 Capuanus
1237 3425 1492 3473 celebravit
1529 3425 1723 3472 missam
1762 3424 2027 3473 solemnem
