2222 3926
331 305 399 340 334
943 306 1174 342 ιΙΟΗΑΝΝΙΞ
1208 305 1500 350 BURCHARDI,
1882 308 1990 347 [Aout
2011 310 2104 349 1496]

334 421 422 454 nec
441 406 601 455 locum
628 409 859 472 comperii
885 409 1042 457 adhuc
1064 409 1538 466 semi-infirmus,ubi
1555 408 1625 454 sui
1646 408 1933 455 velsuorum
1951 408 2117 472 gratia,

331 490 595 552 potuissem
620 495 762 554 caput
782 492 1023 539 declinare
1050 509 1058 538 :
1082 492 1173 538 alia
1195 491 1345 538 multa
1364 491 1471 536 loca
1492 495 1537 536 et
1560 489 1678 537 alios
1697 505 1836 537 casus
1859 491 1946 537 sub
1965 491 2105 539 silen-

332 572 395 620 tio
427 574 689 621 transmisi.
736 576 1018 621 Commotus
1047 574 1234 636 legatus
1265 571 1445 620 addidit
1473 587 1551 620 me
1583 572 1794 620 noluisse
1831 571 1879 619 in
1907 573 2105 621 taberna

330 655 560 719 hospitari
591 661 636 703 et
669 657 707 702 si
735 656 826 703 hec
858 656 947 702 sibi
978 671 1142 703 coram
1176 672 1233 703 eo
1270 656 1500 709 dicerem,
1525 655 1639 718 quid
1670 655 1718 701 in
1753 655 1855 718 ejus
1888 656 2106 704 absentia

330 754 487 786 essem
524 739 768 786 facturus!
804 739 996 803 Subjeci
1033 755 1110 786 me
1150 740 1384 787 facturum
1422 743 1471 785 ut
1512 738 1715 801 probum
1756 744 1804 786 et
1843 739 2103 789 honestum

328 821 478 868 virum
513 821 669 878 decet,
702 837 797 868 non
836 821 992 879 aliter,
1023 837 1108 884 pro
1137 820 1359 883 expensis
1395 835 1585 882 quoque
1620 819 1756 868 factis
1791 824 1839 867 et
1873 820 2102 869 faciendis

328 907 584 965 expectare
607 919 974 967 recompensam
997 920 1024 951 a
1045 903 1443 952 reverendissima
1461 903 1796 951 Dominatione
1816 919 1918 961 sua,
1936 903 2099 962 verbo,

329 985 405 1033 ubi
429 1002 551 1049 opus
573 986 695 1034 soret
713 987 760 1034 in
777 1003 935 1035 meam
952 986 1423 1035 commendationem
1444 985 1738 1044 faciendam;
1761 1002 1904 1049 quam
1919 1002 2105 1035 recom-

324 1085 523 1132 pensam
548 1070 665 1117 dixit
688 1086 738 1118 se
756 1071 994 1118 facturum
1014 1075 1061 1118 et
1081 1070 1224 1118 verbo
1244 1086 1253 1117 ;
1274 1070 1438 1132 sicque
1455 1069 1634 1117 recessi
1653 1086 1681 1117 a
1699 1070 2100 1119 reverendissima

326 1151 661 1199 Dominatione
695 1168 781 1200 sua
805 1156 1007 1200 Januam
1043 1152 1165 1200 itura
1197 1156 1244 1200 et
1278 1153 1545 1214 equitante;
1577 1168 1667 1215 ego
1698 1155 1956 1201 Tortonam
1989 1154 2100 1203 inde

324 1238 525 1283 Romam
549 1236 785 1284 rediturus
808 1253 902 1299 quo
921 1236 1047 1296 veni,
1068 1240 1094 1283 2
1115 1236 1403 1294 novembris,
1422 1236 1584 1283 multis
1605 1241 1652 1284 et
1674 1236 1872 1284 diversis
1895 1237 2102 1286 adversi-

325 1318 496 1367 tatibus
517 1335 604 1382 per
625 1319 747 1367 viam
769 1320 961 1377 habitis,
981 1319 1040 1367 de
1062 1319 1233 1381 quibus
1255 1319 1303 1365 in
1325 1335 1434 1367 meo
1457 1319 1702 1368 itinerario
1726 1320 1932 1383 quedam
1953 1337 2101 1370 anno-

325 1402 429 1450 tavi.

389 1488 561 1550 Reperi
594 1490 753 1535 autem
788 1488 981 1536 interim
1015 1491 1166 1535 Rome
1200 1491 1306 1534 acta
1339 1503 1443 1534 esse
1478 1503 1571 1549 que
1598 1487 1800 1535 inferius
1834 1488 2092 1546 annotabo,

323 1572 497 1633 quibus
519 1577 565 1620 et
587 1573 680 1620 alia
699 1588 789 1635 que
813 1572 949 1630 fiunt,
973 1571 1278 1634 subjungam,
1304 1574 1404 1618 Deo
1427 1571 1629 1619 volente.

387 1656 637 1703 Dominica
673 1656 841 1704 ultima
876 1655 1056 1703 mensis
1087 1655 1212 1718 julii,
1250 1656 1333 1702 SS.
1372 1656 1426 1701 D.
1461 1659 1641 1712 noster,
1676 1660 1869 1717 paratus
1904 1658 1952 1703 ut
1989 1671 2095 1703 esse

320 1739 569 1787 consuevit
590 1739 636 1785 in
657 1739 891 1786 similibus
914 1738 1305 1801 equitationibus,
1329 1737 1388 1784 ab
1411 1737 1633 1785 omnibus
1655 1737 1844 1785 RRmis.
1871 1740 1972 1786 DD.
1994 1754 2098 1786 car-

318 1819 555 1869 dinalibus
586 1822 869 1879 associatuS,
906 1822 1132 1884 equitavit
1166 1822 1225 1868 ad
1259 1820 1518 1868 ecclesiam
1552 1821 1692 1869 beate
1725 1820 1874 1868 Marie
1909 1820 1968 1869 de
2004 1824 2096 1869 Po-

316 1904 447 1967 pu10,
473 1904 522 1951 in
556 1921 647 1967 qua
679 1908 732 1952 R.
760 1908 812 1952 P.
846 1907 903 1952 D.
940 1905 1326 1962 Bartholomeus,
1360 1903 1754 1968 archiepiscopus
1785 1904 2091 1963 cusentinus,

316 1986 573 2035 celebravit
614 1987 811 2034 missam
853 1988 1130 2035 solemnem.
1160 1987 1217 2034 de
1261 1987 1439 2050 Spiritu
1484 1992 1675 2046 sancto,
1714 1988 1894 2051 absque
1937 1987 2098 2051 aliqua

315 2071 795 2130 commemoratione,
813 2087 900 2135 pro
921 2087 977 2119 eo
1000 2070 1127 2134 quod
1145 2070 1481 2118 serenissimus
1505 2087 1588 2119 rex
1608 2071 1778 2135 Anglie
1800 2071 1945 2134 ligam
1968 2070 2097 2119 inter

317 2156 512 2216 Papam,
540 2157 869 2203 Romanorum
909 2160 955 2202 et
984 2155 1303 2218 Hispanorum
1333 2170 1471 2217 reges
1500 2158 1547 2201 et
1586 2157 1883 2223 Venetorum
1918 2157 1966 2202 et
1998 2155 2096 2202 Me-

316 2236 559 2284 diolanum
582 2238 729 2286 duces
752 2254 906 2301 nuper
925 2238 1003 2285 diu
1027 2237 1338 2301 publicatam,
1361 2237 1509 2285 etiam
1531 2237 1633 2299 ipse
1656 2236 1782 2284 inivit
1804 2240 1887 2303 (1).

379 2319 524 2368 Missa
553 2321 704 2375 finita,
729 2326 984 2384 antequam
1012 2324 1141 2384 Papa
1172 2320 1499 2378 benediceret,
1532 2323 1588 2367 D.
1620 2319 1858 2367 Adrianus
1889 2319 1948 2367 de
1980 2323 2091 2369 Cor-

316 2405 446 2458 neto,
471 2402 674 2450 clericus
709 2419 899 2451 camere
934 2403 1212 2466 apostolice,
1238 2403 1287 2450 in
1321 2419 1474 2467 cappa
1505 2419 1591 2451 sua
1621 2403 1775 2462 solita,
1807 2402 1930 2466 pede
1963 2405 2091 2465 Pape

314 2484 611 2544 deosculato,
645 2490 693 2534 et
726 2486 1036 2550 indulgentiis
1066 2487 1227 2550 petitis
1264 2487 1445 2549 absque
1480 2485 1838 2545 benedictione,
1877 2485 2093 2534 ascendit

313 2569 546 2633 pulpitum
570 2577 616 2618 et
638 2570 749 2618 fecit
776 2570 1042 2618 orationem
1066 2571 1193 2618 actui
1220 2571 1606 2627 convenientem,
1630 2568 1807 2617 deinde
1835 2567 2091 2632 publicavit

313 2652 552 2715 plenarias
574 2652 894 2717 indulgentias
913 2670 998 2717 per
1016 2656 1194 2717 Papam
1216 2653 1618 2702 interessentibus
1638 2657 1923 2700 concessas.'

378 2738 490 2784 Post
511 2736 622 2795 hoc,
649 2737 776 2785 dicto
803 2737 866 2784 Te
891 2737 1042 2784 Decem
1068 2737 1361 2795 Laudamus,
1387 2739 1516 2800 Papa
1537 2736 1654 2784 dixit
1675 2735 1826 2783 Pater
1850 2734 2023 2783 Noster
2041 2741 2090 2784 et

312 2818 572 2866 versiculos
600 2835 655 2867 ac
683 2819 968 2878 orationem,
1001 2824 1048 2868 et
1082 2819 1211 2868 dedit
1238 2819 1628 2867 benedictionem
1656 2819 1921 2868 solemnem
1950 2823 2088 2881 prout
2116 2843 2120 2847 ·

315 2901 459 2948 otiam
477 2901 593 2948 alias
616 2901 663 2948 in
682 2901 1003 2964 publicatione
1033 2902 1158 2951 dicte
1182 2903 1277 2965 lige
1306 2903 1502 2961 fecerat,
1526 2907 1572 2949 et
1605 2901 1745 2949 rediit
1773 2901 1832 2949 ad
1856 2901 2086 2964 palatium

318 3000 476 3044 suum,
500 2984 665 3033 ordine
689 3001 781 3049 quo
806 2989 1018 3033 venerat.

378 3069 515 3117 Feria
537 3073 722 3132 quarta,
753 3073 808 3118 10
830 3069 1038 3132 augusti,
1058 3068 1178 3115 festo
1202 3085 1239 3115 s.
1267 3067 1508 3115 Laurentii
1527 3067 1769 3131 martyris,
1788 3071 1894 3130 post
1911 3067 2082 3115 horam

316 3169 646 3216 vesperorum,
679 3152 1025 3200 illustrissimus
1055 3153 1108 3198 D.
1142 3151 1385 3199 Johannes
1415 3150 1590 3214 Borgia
1617 3149 1676 3197 de
1709 3150 1967 3213 Aragonia,
1989 3150 2083 3198 dux

360 3301 393 3338 1.
423 3300 568 3337 Comme
590 3300 620 3336 le
648 3312 835 3348 remarque
851 3300 1050 3348 justement
1076 3298 1337 3346 Gregorovius‚
1356 3299 1479 3334 Sco‘ria
1505 3298 1600 3335 della
1625 3299 1714 3334 οἱίιά
1739 3299 1780 3334 di
1804 3300 1929 3342 Roma,
1951 3301 1976 3334 t.
1999 3295 2079 3341 VII,

310 3371 346 3406 p.
376 3360 456 3404 453,
479 3359 679 3396 l'adhesion
707 3360 867 3407 d'Henry
892 3358 974 3395 VIII
1001 3354 1250 3405 d'Angleterre
1276 3360 1298 3393 a
1325 3357 1359 3394 la
1384 3356 1483 3405 ligne
1509 3357 1631 3393 donna
1656 3359 1677 3392 a
1702 3355 1844 3393 celle-ci
1870 3355 2020 3404 l'aspect,
2046 3360 2079 3391 et

312 3417 556 3467 l’importance
577 3418 684 3455 cl'une
706 3418 872 3455 coalition
894 3419 1134 3466 europeenne.
1157 3417 1248 3465 Voy.
1273 3416 1355 3464 plus
1375 3417 1475 3462 haut,
1497 3428 1533 3464 p.
1555 3417 1625 3452 290
1645 3420 1681 3453 et
1699 3420 1781 3452 note
1809 3417 1842 3453 1.
