2202 3938
283 368 304 403 4
898 360 1128 399 JOHANNIS
1162 359 1458 403 BURCHARDI,
1723 363 1947 404 [Septembre
1972 365 2067 405 1492]

284 471 445 517 Petro,
471 466 672 526 Deinde,
695 470 836 530 prout
857 466 915 513 de
935 480 1085 521 more,
1110 462 1316 511 accessit
1340 453 1402 511 ad
1425 463 1683 511 ecclesiam
1714 466 1867 513 sancti
1889 467 2067 515 Johan-

282 552 356 599 nis
377 549 727 609 Lateranensis,
754 549 829 597 cui
847 564 933 612 per
956 547 1134 595 Urbem
1163 547 1315 594 factus
1344 546 1432 595 fuit
1460 547 1702 595 maximus
1722 547 1896 609 honor,
1926 551 2063 599 multi

283 651 421 683 arcus
450 634 780 697 triomphaleS,
811 636 859 680 et
889 630 1042 694 magis
1073 645 1218 693 quam
1245 646 1491 693 nunquam
1520 630 1599 678 alii
1627 631 1843 694 pontifici
1882 634 2064 682 factum

281 719 439 775 fuerit,
461 734 548 782 per
568 721 835 765 Romanum
857 713 1086 777 populum
1105 713 1375 775 potissime.

347 804 405 849 Et
436 801 484 848 in
520 800 674 864 primo
723 797 1030 855 consistorio,
1067 795 1196 859 quod
1228 796 1330 859 ipse
1373 795 1506 856 fecit,
1542 797 1722 846 creavit
1765 798 2060 847 cardinalem

282 883 698 947 archiepiscopum
720 881 895 929 Montis
918 879 1109 943 Regalis
1127 883 1356 943 nepotem
1375 895 1516 927 suum
1539 896 1597 929 ex
1620 896 1804 929 sorore.

347 968 434 1015 Die
457 971 483 1015 3
507 965 790 1030 septembris
812 965 1287 1023 MCCCCLXXXXII,
1314 962 1531 1012 Salvator
1560 964 1687 1012 filius
1711 965 1907 1028 quidam
1933 966 2059 1014 Tutii

279 1107 395 1146 omnis
417 1118 479 1153 per
499 1117 606 1154 quam
627 1103 866 1152 equitavimus
888 1100 1020 1150 pannis
1046 1105 1124 1138 erat
1155 1105 1321 1138 contecta
1350 1113 1393 1137 ac
1416 1099 1527 1137 variis
1556 1100 1823 1148 triumphorum
1851 1099 2061 1138 similitudi-

278 1167 386 1204 nibus
414 1169 551 1210 ornata,
573 1162 816 1213 pendentibus
843 1161 1013 1210 utrinque
1039 1161 1086 1197 ad
1116 1160 1273 1209 parietes
1300 1161 1431 1197 aedium
1458 1159 1572 1197 auleis
1599 1172 1640 1198 ac
1660 1160 1843 1208 tapetibus
1867 1172 1875 1196 :
1897 1172 2059 1209 appenso

277 1225 442 1275 pluribus
462 1224 499 1259 in
520 1223 606 1259 locis
634 1235 676 1259 ac
701 1221 845 1270 depicto
871 1219 1062 1257 Pontificis
1087 1220 1208 1268 signo,
1231 1219 1400 1257 distichis
1430 1219 1831 1268 epigrammatibusque
1855 1219 1968 1256 variis
2000 1219 2061 1255 in-

279 1284 424 1332 scripto.
454 1283 481 1319 E
508 1282 642 1330 quibus
672 1281 742 1317 hoc
767 1292 880 1317 unum
903 1280 1039 1327 accipe,
1061 1280 1158 1328 quod
1189 1280 1254 1316 iter
1282 1279 1419 1316 faciens
1448 1279 1646 1328 perlectum
1675 1278 1822 1324 edidici,
1846 1279 2016 1327 quodque
2039 1290 2060 1316 a

277 1343 414 1390 multisv
433 1341 606 1391 gravibus
638 1340 725 1377 viris
758 1340 855 1376 haud
888 1339 1042 1377 multum
1071 1339 1317 1376 commendari
1349 1338 1482 1376 audivi.
1513 1339 1646 1375 Cesare
1678 1349 1814 1386 magna
1841 1337 1910 1374 fuit
1932 1349 1940 1373 ε
1963 1348 2061 1373 nunc

278 1404 394 1440 Roma
414 1406 470 1439 est
488 1401 658 1446 maxima,
682 1401 816 1437 Sextus
837 1404 965 1448 regnat
983 1399 1203 1446 Alexander,
1219 1399 1278 1436 ille
1298 1399 1366 1445 vir,
1390 1398 1458 1436 iste
1482 1399 1594 1435 Deus.
1619 1396 1819 1435 Revocavit
1837 1408 1923 1433 vero
1936 1408 1994 1432 me
2013 1396 2060 1432 ad

277 1462 578 1500 considerandum
604 1462 770 1497 humanae
798 1459 1016 1496 conditionis
1036 1459 1282 1496 infirmitatem
1308 1458 1409 1495 etad
1436 1457 1738 1495 contemnendam
1762 1460 1912 1493 terrenae
1931 1460 2056 1505 potes-

278 1521 362 1558 tatis
395 1527 430 1557 et
458 1519 706 1568 amplitudiniS
741 1518 905 1567 gloriam,
939 1520 1036 1566 quod
1065 1518 1159 1555 inter
1189 1519 1257 1555 has
1292 1517 1452 1566 supremi
1479 1516 1648 1554 culminis
1678 1515 1836 1559 delitias,
1858 1515 1896 1551 in
1924 1516 2059 1564 templo

275 1580 535 1625 Lateranense,
558 1591 613 1615 me
639 1582 818 1627 proesente
856 1590 898 1614 ac
925 1578 1094 1626 proprius
1124 1578 1318 1623 existente,
1346 1582 1456 1626 atque
1484 1576 1648 1613 intuente
1677 1588 1759 1612 cum
1786 1574 1866 1613 aliis
1886 1575 2058 1624 praelatis,

277 1638 446 1675 Pontifici
466 1637 595 1674 accidit
614 1638 711 1686 quod
732 1641 851 1673 utrum
878 1637 1136 1685 prolixioribus
1169 1628 1383 1674 ceremoniis
1410 1636 1561 1684 fatigato
1581 1635 1679 1684 apud
1709 1635 1885 1672 Sanctum
1912 1630 2059 1672 Petruin

277 1709 319 1733 ac
338 1698 383 1734 de
403 1696 462 1734 via
478 1697 590 1741 fesso,
612 1700 736 1745 utpote
762 1696 824 1744 qui
844 1708 926 1732 cum
945 1695 1049 1732 mitra
1070 1696 1167 1743 quod
1188 1708 1340 1744 regnum
1366 1699 1498 1732 vocant
1518 1706 1559 1731 ac
1586 1693 1875 1731 sacerdotalibus
1908 1693 2058 1730 indutus

277 1757 319 1793 ad
342 1757 560 1793 Lateranum
580 1756 740 1793 fervente
758 1756 915 1803 desuper
936 1755 1011 1792 sole
1031 1755 1097 1792 iter
1124 1755 1264 1801 habuit,
1287 1755 1340 1792 sic
1360 1754 1411 1790 illi
1432 1755 1592 1792 evenerit
1608 1755 1747 1792 nescio.
1771 1754 2058 1803 Expectantibus

277 1827 359 1851 eum
379 1815 486 1851 nobis
506 1814 542 1850 in
562 1814 709 1862 templo,
731 1814 923 1861 ingressus
944 1818 1000 1850 est
1026 1813 1184 1859 tandem,
1208 1813 1330 1850 lassus
1351 1813 1547 1850 admodum
1567 1818 1603 1850 et
1623 1818 1845 1850 exaestuans.
1868 1813 1925 1849 Ad
1946 1813 2057 1850 altare

275 1875 431 1923 primum
457 1874 514 1910 cui
541 1874 732 1922 supposita
759 1878 845 1910 sunt
871 1873 990 1922 capita
1015 1873 1276 1921 apostolorum,
1292 1873 1397 1910 flexis
1418 1873 1576 1921 genibus
1597 1873 1726 1918 oravit,
1749 1872 2058 1921 possessioneque

275 1933 403 1970 locide
424 1944 520 1970 more
542 1938 702 1981 accepta,
724 1933 898 1980 populum
924 1932 1123 1970 benedixit.
1148 1933 1235 1969 Inde
1256 1933 1302 1969 ad
1329 1932 1440 1969 altare
1461 1933 1579 1981 majus
1600 1932 1725 1980 templi
1738 1932 1774 1967 in
1797 1937 1925 1968 sancta
1940 1931 2055 1967 Sanc-

274 1995 406 2044 torum,
430 1991 491 2027 ubi
513 1991 601 2027 sella
632 1991 792 2038 reposita
817 1997 893 2028 erat
918 1991 1144 2029 eminentiori
1165 1992 1257 2038 loco,
1281 1993 1362 2029 Sese
1383 1991 1530 2040 recepit,
1553 1996 1594 2028 ut
1613 1990 1663 2027 ibi
1689 2003 1710 2027 a
1736 1989 1920 2027 canonicis
1941 1993 1976 2026 et
1995 2001 2055 2026 sa-

275 2050 482 2087 cerdotibus
519 2050 826 2087 Lateraneusibus
866 2051 936 2087 sibi
962 2052 1169 2088 obedientia
1206 2052 1450 2089 exhiberetur.
1482 2053 1594 2099 AEgre
1630 2050 1884 2087 ascendentem
1916 2049 2054 2098 gradus

274 2109 358 2145 hinc
395 2109 479 2146 inde
507 2111 578 2146 duo
607 2109 807 2146 cardinales
836 2110 979 2147 diaconi
1007 2111 1240 2158 adjuvabant.
1269 2111 1478 2147 Conversus
1510 2110 1555 2146 ad
1583 2109 1760 2157 populum
1787 2109 1953 2145 Pontifex
1991 2108 2054 2145 ubi

273 2167 421 2212 resedit,
449 2167 557 2204 immo
584 2168 646 2204 ubi
670 2168 809 2204 viribus
849 2169 1061 2215 destitutus,
1091 2181 1201 2217 super
1229 2169 1353 2206 sellam
1385 2168 1554 2214 concidit,
1581 2168 1752 2205 continuo
1781 2179 1890 2215 super
1919 2167 2050 2204 collum

274 2226 468 2263 cardinalis
500 2226 552 2263 Sti
581 2227 728 2275 Georgii
755 2227 943 2264 reclinavit
974 2232 1094 2275 caput.
1129 2229 1291 2277 Syncopi
1323 2233 1525 2277 correptum
1552 2227 1687 2265 dicunt.
1723 2227 1785 2265 Sic
1820 2226 2048 2263 exanimatus

273 2285 410 2322 tamdiu
436 2285 629 2322 immobilis
655 2286 803 2332 mansit,
830 2287 958 2334 donec,
990 2287 1100 2324 allata
1125 2300 1219 2336 aqua
1245 2300 1468 2337 conspersus
1495 2286 1623 2324 faciem
1650 2286 1815 2336 spiritum
1835 2285 1983 2334 recepit.
2006 2286 2050 2322 Et

272 2346 363 2382 tanti
387 2344 523 2381 faciunt
547 2344 608 2381 isti
635 2345 906 2392 Pontificatum,
930 2348 992 2396 qui
1018 2347 1110 2384 tanti
1135 2351 1291 2394 constat,
1313 2352 1414 2385 tanto
1439 2348 1601 2396 periculo
1633 2352 1872 2397 comparatur.
1897 2348 1991 2393 Quid
2017 2347 2050 2384 ei

272 2403 471 2452 profuerint
496 2408 550 2441 tot
575 2408 795 2441 armatorum
820 2405 916 2442 acies
942 2418 1006 2454 per
1035 2407 1161 2443 urbem
1189 2411 1303 2444 totam
1329 2408 1373 2443 ad
1393 2407 1597 2444 custodiam
1617 2409 1696 2457 ejus
1718 2407 1932 2456 dispositae?
1953 2406 2051 2444 Velit

273 2463 380 2500 modo
400 2463 592 2509 Dominus,
615 2468 651 2500 et
678 2463 781 2501 facile
802 2465 899 2513 quod
924 2465 1044 2514 possit
1064 2466 1235 2504 ostendit.
1260 2467 1354 2503 Dum
1380 2466 1458 2503 hoec
1485 2466 1618 2513 scribo,
1641 2471 1748 2516 urget
1776 2466 1987 2504 tabellarius
2014 2470 2053 2502 ut

273 2522 342 2567 sibi
367 2523 448 2560 dem
473 2523 625 2561 litteras.
649 2523 889 2568 Quamobrem
915 2527 1136 2574 respondere
1160 2538 1234 2563 non
1266 2538 1420 2574 possum
1445 2527 1553 2563 modo
1584 2526 1681 2563 binis
1707 2526 1833 2564 litteris
1859 2526 1932 2564 tuis
1958 2537 2051 2574 quas

272 2581 406 2619 nudius
445 2582 573 2620 tertius
605 2583 740 2632 accepi,
767 2588 803 2621 et
832 2584 899 2621 has
920 2585 965 2621 ad
997 2589 1032 2622 te
1063 2585 1290 2634 imperfectas
1316 2585 1433 2623 mitto.
1455 2586 1556 2625 Vale.

794 2670 812 2689 «
834 2656 974 2703 Romae,
996 2656 1054 2694 die
1079 2657 1216 2695 XXVII
1242 2657 1404 2706 augusti,
1426 2657 1802 2696 MCCCCLXXXXII.
1825 2673 1845 2692 »

320 2744 385 2782 S'il
403 2745 477 2783 faut
499 2757 542 2782 en
573 2745 685 2783 croire
712 2746 834 2783 Pierre
859 2748 1011 2797 Martyr,
1035 2747 1214 2786 l'election
1241 2749 1285 2785 de
1312 2748 1459 2797 Borgia,
1481 2734 1655 2796 bien‘que
1677 2748 1772 2797 sujet
1791 2747 1981 2797 espagnol,
2002 2760 2049 2784 ne

271 2804 327 2841 fut
345 2817 410 2854 pas
431 2807 600 2854 agreable
620 2819 667 2843 au
687 2806 736 2844 roi
759 2811 796 2844 et
815 2810 836 2844 a
854 2807 889 2844 la
908 2803 1020 2854 reine,
1044 2809 1105 2857 qui
1125 2809 1306 2846 n'avaient
1325 2819 1391 2857 pas
1406 2807 1527 2845 oublie
1547 2807 1583 2844 la
1603 2807 1773 2844 confluite
1784 2806 1963 2844 blantable
1978 2819 2049 2856 que

273 2876 312 2901 ce
332 2865 474 2902 dernier
493 2866 590 2903 avait
609 2878 675 2903 eue
696 2879 741 2903 en
761 2867 934 2916 Espagne
954 2867 1118 2917 lorsqu’il
1137 2882 1162 2918 y
1181 2869 1235 2906 fut
1251 2871 1390 2917 envoye
1417 2879 1554 2905 comme
1580 2867 1679 2915 legat
1699 2866 1904 2915 (decembre
1925 2867 2045 2912 1471).

322 2976 340 2995 «
360 2963 401 3000 P.
419 2964 468 3000 M.
484 2962 531 3000 A.
556 2963 604 3000 M.
625 2964 740 2999 Eneco
759 2964 859 3010 Lupo
881 2966 1076 3008 Mendetio,
1098 2966 1272 3003 Tendillae
1291 2966 1430 3010 comiti,
1444 2965 1562 3010 Reym·
1581 2963 1818 3000 Granacensis
1831 2962 1998 3009 proreqi.

320 3066 339 3085 «
369 3051 549 3089 ...Nullus
577 3055 634 3088 est
659 3052 704 3088 ob
726 3053 820 3089 hanc
845 3065 919 3090 rem
941 3054 1088 3101 (creatio
1109 3054 1266 3104 Borgioe)
1288 3054 1326 3091 in
1344 3054 1511 3103 Regibus
1531 3052 1643 3090 animi
1666 3056 1785 3090 motus
1806 3052 1852 3089 ad
1871 3051 2045 3099 laetitiam,

271 3110 370 3147 nulla
390 3110 516 3147 frontis
538 3111 728 3157 serenitas,
750 3116 1004 3161 tempestatem
1023 3115 1144 3163 potius
1165 3114 1203 3151 in
1223 3114 1318 3151 Orbe
1338 3112 1535 3150 christiano
1550 3125 1658 3161 quam
1671 3111 1888 3160 tranquillos
1903 3116 2045 3160 portus,

270 3171 468 3220 praesagire
487 3170 667 3216 videntur,
691 3171 881 3221 magisque
907 3174 1004 3221 quod
1026 3174 1223 3223 sacrilegos
1246 3186 1285 3211 se
1304 3173 1437 3210 habere
1457 3172 1551 3209 filios
1573 3171 1725 3221 turpiter
1749 3171 1938 3220 glorietur,
1960 3170 2047 3220 angi

270 3233 542 3279 cognoscuntur
562 3242 671 3278 quam
690 3232 787 3279 quod
808 3232 1022 3270 ditionarius
1044 3233 1185 3271 illorum
1207 3234 1267 3272 sit.

789 3317 808 3337 «
830 3303 883 3338 Ex
902 3302 1184 3353 Caesaraugusta
1204 3304 1266 3351 IX,
1286 3303 1465 3341 Calendas
1485 3303 1643 3340 octobris
1665 3303 1768 3342 1492.
1793 3318 1812 3338 »

318 3386 431 3434 (Opus
451 3387 570 3433 Epist.
593 3387 692 3424 Petri
711 3388 899 3435 Martyris,
923 3393 1006 3436 etc.,
1029 3390 1164 3435 in-fol.,
1186 3389 1272 3428 edit.
1297 3390 1400 3436 1670,
1422 3388 1485 3427 lib.
1505 3389 1549 3436 V,
1571 3388 1688 3439 Epist.
1711 3401 1833 3436 cxviii,
1853 3401 1890 3437 p.
1912 3388 1988 3435 66.)

318 3483 416 3520 Dans
436 3481 471 3520 la
489 3481 592 3520 lettre
614 3482 779 3521 suivante
800 3495 847 3522 au
871 3484 1030 3522 cardinal
1055 3484 1212 3523 Ascanio
1239 3485 1376 3530 Stoma,
1398 3485 1439 3522 P.
1463 3485 1600 3534 Martyr
1619 3484 1756 3523 revient
1781 3493 1844 3521 sur
1868 3481 1902 3520 le
1927 3485 2042 3520 meme
