2248 3906
310 324 381 359 398
931 322 1163 360 JOHANNIS
1197 321 1492 364 BURCHARm,
1857 323 1964 362 [Aoni
1987 320 2079 360 1497]

312 425 455 474 faciet
479 425 710 485 officium,
737 428 784 473 et
804 425 953 473 frater
973 426 1141 473 Petrus
1163 423 1221 472 de
1244 426 1483 478 RanzanO,
1502 421 1683 475 ordinis
1703 421 2076 485 predicatorum,

311 508 603 573 capellanus,
626 508 770 556 faciet
790 508 1073 556 orationem.
1103 526 1124 549 »

375 591 571 642 Visitavi
594 590 764 638 eadem
786 590 881 648 die,
900 589 1044 637 etiam
1068 591 1128 634 20
1149 586 1355 650 augusti,
1378 585 1697 650 personaliter
1717 584 1931 635 seniores
1952 602 2082 651 pres-

312 676 505 740 byteros
533 673 815 730 cardinales,
842 677 888 720 et
909 671 976 720 eis
998 669 1207 718 intimavi
1236 670 1587 718 absolutionem
1609 669 1897 718 faciendam.
1927 669 2081 720 Factis

313 761 473 805 autem
507 754 720 818 exequiis
755 754 968 819 prefatis,
1002 752 1111 801 dedi
1142 752 1422 800 schedulam
1456 755 1511 800 R.
1538 755 1594 800 D.
1621 752 1808 812 Carolo,
1834 753 2078 818 episcopo,

313 837 540 901 magistro
575 836 746 884 domus
781 835 904 883 Rmi.
940 838 996 883 D.
1029 835 1425 895 vicecancellarii,
1456 835 1538 899 qui
1572 852 1737 885 curam
1772 836 2082 900 exequiarum

312 920 537 978 habebat,
569 920 749 968 tenoris
778 919 1132 983 subsequentis,
1165 924 1212 968 et
1249 935 1358 968 eum
1391 920 1552 983 rogavi
1582 925 1633 968 ut
1660 919 1922 979 ordinaret,
1947 919 2085 985 Juxta

314 1003 730 1061 consuetudinem,
757 1001 955 1066 singulis
979 1002 1218 1050 satisfieri.

382 1088 500 1134 Cera
520 1101 605 1149 pro
627 1084 984 1149 presidentibus
1006 1099 1197 1133 camere
1218 1084 1480 1149 apostolice
1507 1103 1517 1134 ε

382 1202 472 1248 Pro
510 1203 650 1249 Rmo.
682 1203 738 1248 D.
772 1198 1035 1247 camerario
1044 1236 1888 1248 ......................
2026 1217 2087 1248 xx

383 1288 474 1333 Pro
503 1284 824 1348 gubernatore
861 1282 998 1330 Urbis
1034 1282 1130 1330 sive
1163 1282 1555 1332 vicecancellario
1565 1322 1729 1332 .....
1744 1280 1769 1331 ’.
1801 1322 1809 1332 .
1841 1322 1849 1332 .
1881 1321 1888 1330 .
2059 1300 2087 1330 x

384 1370 476 1416 Pro
504 1367 803 1415 thesaurario
838 1365 1049 1430 generali
1059 1403 1889 1415 ......................
2058 1381 2089 1413 x

384 1454 475 1500 Pro
496 1450 710 1515 quolibet
737 1449 913 1498 clerico
935 1465 1142 1510 camere,
1167 1466 1372 1513 quorum
1401 1454 1585 1514 septem
1613 1454 1739 1510 sunt,
1762 1449 1893 1498 vide-

316 1536 430 1586 licet
456 1539 564 1584 octo
593 1533 774 1582 faciunt
782 1570 1887 1582 .............................
1986 1548 2088 1591 Δ1Νι

385 1623 477 1668 Ρ1Ὀ
507 1621 564 1667 D.
599 1618 814 1666 auditore
852 1633 1042 1665 camere
1053 1654 1888 1666 ......................
2003 1632 2090 1664 viu

383 1706 475 1752 Pro
497 1702 726 1750 advocato
748 1699 898 1748 fiscali
907 1736 1890 1749 ..........................
2043 1715 2092 1747 iv

383 1789 476 1835 Pro
494 1788 804 1850 procuratore
827 1784 978 1833 fiscali
987 1821 1811 1834 ......................
1813 1818 1817 1822 -
1843 1821 1851 1831 .
1882 1820 1890 1829 .
2044 1797 2094 1830 1v

384 1872 475 1918 Pro
497 1867 727 1917 advocato
748 1883 1014 1931 pauperum
1023 1903 1893 1917 .......................
2046 1880 2094 1914 1v

385 1955 475 2000 Pro
504 1950 715 2015 quolibet
744 1950 930 1998 notario
958 1966 1170 2011 camere,
1196 1967 1402 2015 quorum
1430 1965 1601 1998 novem
1630 1951 1757 2007 sunt,
1779 1947 1900 1996 libre

319 2040 416 2084 tres
447 2035 628 2084 faciunt
637 2068 1899 2083 .................................
1972 2045 2098 2079 xxvu

386 2123 477 2168 Pro
504 2118 717 2183 quolibet
743 2118 920 2167 clerico
942 2118 1151 2182 collegii,
1173 2134 1378 2182 quorum
1402 2117 1496 2166 duo
1520 2121 1645 2175 sunt,
1671 2115 1791 2165 libre
1819 2130 1904 2163 sex

322 2204 498 2253 faciunt
508 2235 1899 2251 ...................................
2032 2212 2097 2245 xn

1326 2320 1525 2367 Summa
1535 2354 1900 2364 ..........
2011 2331 2100 2363 ειν

386 2426 441 2473 Et
453 2439 622 2473 omnes
634 2422 909 2488 hujusmodi
922 2421 1121 2470 candele
1134 2420 1311 2469 debent
1322 2436 1430 2470 esse
1448 2436 1507 2468 ex
1522 2417 1614 2466 illis
1627 2417 1801 2482 quibus
1814 2416 1979 2466 RRmi.
1993 2416 2093 2465 DD.

320 2507 585 2556 cardinales
606 2507 653 2555 in
677 2523 845 2555 mensa
866 2506 932 2554 uti
955 2509 1323 2564 consueverunt,
1343 2508 1391 2554 et
1407 2502 1550 2552 simul
1571 2501 1693 2550 mitti
1715 2500 1893 2550 debent
1911 2500 2095 2550 decano

320 2591 605 2641 clericorum
628 2606 818 2639 camere
841 2590 1104 2654 apostolice
1123 2589 1197 2638 vel
1218 2588 1480 2647 mensario‚
1507 2601 1595 2651 per
1614 2583 1772 2649 ipsum
1791 2580 2097 2650 supranomi-

319 2675 441 2723 natis
457 2673 787 2722 distribuende
811 2690 820 2721 :
839 2671 1231 2721 satisfaciendum
1246 2676 1318 2721 est
1334 2671 1480 2720 etiam
1495 2667 1812 2734 infrascriptis
1828 2664 1886 2717 de
1902 2680 2102 2716 consue—

323 2758 397 2817 tis,
421 2757 641 2806 videlicet
666 2756 910 2821 magistris
940 2755 1324 2805 ceremoniarum
1354 2754 1540 2818 capelle
1564 2757 1646 2803 SS.
1672 2756 1730 2802 D.
1753 2748 1908 2801 nostri
1930 2749 1989 2799 de
2011 2746 2098 2798 dn-

321 2840 438 2889 catis
460 2841 618 2889 aureis
642 2840 700 2888 de
717 2856 910 2888 camera
931 2839 979 2888 in
1001 2855 1115 2887 auro
1133 2838 1318 2887 ducatis
1340 2854 1452 2898 xxv,
1479 2837 1757 2887 cantoribus
1778 2834 1997 2900 ejusdem
2019 2847 2099 2881 ca-

321 2924 446 2988 pelle
468 2923 526 2972 de
546 2923 727 2972 ducatis
758 2923 993 2971 similibus
1015 2939 1062 2969 x.
1087 2921 1299 2985 Exequie
1320 2920 1599 2986 hujusmodi
1626 2918 1826 2985 predicti
1857 2916 2098 2982 quondam

323 3005 581 3055 cardinalis
610 3006 669 3054 de
695 3009 878 3054 Lunate
912 3002 1105 3054 fuerunt
1130 3005 1260 3053 dicta
1288 3003 1433 3053 unica
1460 3003 1536 3053 die
1563 3007 1749 3053 tantum
1783 2999 2025 3050 celebrate
2048 3001 2098 3047 et

325 3104 420 3139 non
444 3105 531 3155 per
551 3105 720 3138 novem
747 3088 868 3148 dies,
893 3087 1012 3137 sicut
1033 3087 1138 3136 aliis
1161 3084 1482 3136 cardinalibus
1504 3102 1610 3135 esse
1634 3083 1898 3135 consuevit.

393 3169 620 3232 Sabbato,
655 3174 715 3220 26
745 3170 856 3220 dicti
883 3168 1064 3219 mensis
1093 3169 1298 3234 augusti,
1330 3170 1405 3218 die
1435 3168 1744 3218 anniversarii
1773 3162 2096 3217 coronationis

326 3257 409 3303 SS.
437 3257 493 3302 D.
519 3256 576 3303 N.
607 3253 864 3303 Alexandri
885 3270 1006 3319 pape
1033 3252 1171 3313 sexti,
1209 3269 1302 3317 qua
1331 3252 1498 3318 incipit
1516 3252 1826 3317 pontificatus
1853 3249 1924 3300 sui
1945 3264 2096 3299 annus

328 3340 508 3396 sextuS,
533 3339 700 3385 RmuS.
721 3339 777 3385 D.
798 3335 1054 3385 cardinalis
1075 3354 1115 3385 s.
1134 3336 1299 3385 Crucis
1320 3335 1578 3386 celebravit
1595 3335 1791 3384 missam
1808 3333 2094 3393 solemnem,

331 3420 458 3483 Papa
482 3424 528 3468 ct
545 3420 813 3470 octodecim
838 3419 1028 3469 RRmis.
1051 3420 1151 3468 DD'.
1173 3419 1476 3485 presentibus
1498 3419 1743 3468 videlicet:
1763 3415 2092 3481 Neapolitano,
