2202 3900
207 337 420 378 [Juin1497]
608 313 610 315 >
655 334 826 373 RERUM
859 333 1164 372 URBANARUM
1197 333 1549 376 COMMENTARII.
1919 337 1990 373 389

206 439 334 487 illius
356 438 449 488 diei
459 439 584 503 jovis
604 437 801 487 omnino
823 437 1087 486 rediturum
1109 455 1119 498 ;
1144 453 1240 502 quo
1259 437 1536 497 deficiente,
1558 438 1774 502 pontifex
1792 438 1989 487 omnino

208 524 519 572 contristatus
534 540 590 573 ac
607 524 716 573 totis
731 523 995 572 visceribus
1011 526 1284 572 commotus
1301 522 1483 586 incepit
1498 522 1721 570 omnibus
1740 522 1990 571 conatibus

207 622 403 656 causam
413 608 692 672 perquirere
706 608 833 672 apud
844 622 1179 671 quoscunque,
1194 606 1454 670 perplures
1468 622 1526 655 ex
1543 606 1639 654 suis
1656 607 1717 654 ad
1728 607 1821 655 hoc
1837 610 1989 670 aptos,

208 693 339 740 Inter
357 691 631 755 inquisitos,
654 692 849 755 quidam
870 691 1105 754 Georgius
1128 690 1341 749 Sclavus,
1362 690 1442 753 qui
1462 690 1594 754 ligna
1610 690 1821 739 habebat
1841 706 1990 754 prope

207 775 391 823 fontem
420 792 566 840 supra
595 776 900 839 designatum
922 775 970 822 in
991 774 1174 823 Tiberis
1207 774 1366 822 littore
1395 790 1454 822 ex
1484 790 1607 823 nave
1639 778 1917 832 exonerata,
1945 779 1992 823 et

210 863 259 908 ut
275 859 356 907 illa
375 859 658 919 custodiret,
683 875 744 908 ne
767 859 857 907 sibi
879 859 927 906 in
948 862 1090 907 nocte
1109 873 1137 906 a
1158 858 1367 921 quodam
1401 858 1694 918 furarentur,
1726 858 1775 906 in
1795 858 1991 906 navicu-

207 942 303 990 lam
333 942 513 991 ibidem
540 943 590 990 in
622 942 782 990 Tiberi
816 946 1064 991 natantem
1083 958 1133 990 se
1162 942 1310 1005 quieti
1344 943 1543 992 dederat
1568 959 1577 991 :
1604 943 1929 1006 interrogatus
1951 943 1990 989 si

209 1026 470 1090 quidquam
495 1026 692 1075 vidisset
714 1026 763 1073 in·
786 1030 926 1074 nocte
957 1025 1186 1073 mercurii
1210 1030 1323 1073 tunc
1345 1026 1563 1089 proxime
1594 1025 1810 1090 preteriti
1828 1026 1877 1073 in
1899 1026 1991 1073 tlu-

211 1126 323 1159 men
350 1111 541 1175 projici,
579 1109 984 1173 interrogantibus
1015 1109 1166 1156 fertur
1196 1109 1288 1156 tale
1317 1125 1607 1173 responsum
1637 1110 1827 1159 dedisse
1862 1110 1992 1173 quod

208 1198 350 1242 nocte
367 1194 464 1253 illa,
485 1194 590 1258 ipso
604 1194 735 1258 ligna
753 1209 839 1241 sua
853 1193 1157 1241 custodiente
1174 1193 1287 1240 etin
1302 1193 1430 1241 dicta
1451 1194 1672 1242 navicula
1690 1194 1987 1257 quiescente,

207 1283 436 1327 venerant
457 1279 553 1327 duo
579 1278 767 1342 pedites
788 1293 876 1342 per
904 1277 1111 1325 viculum
1145 1277 1391 1325 sinistrum
1424 1277 1539 1325 dicti
1568 1278 1822 1342 hospitalis
1857 1277 1990 1326 Scla-

209 1372 375 1409 vorum
413 1364 459 1410 et
494 1361 648 1410 sancti
695 1360 977 1425 Hieronymi
1017 1360 1318 1423 contiguum,
1367 1360 1497 1408 circa
1539 1361 1710 1408 horam
1753 1361 1988 1423 quintam,

210 1460 357 1509 super
387 1445 512 1493 viam
542 1444 785 1508 publicam
819 1443 948 1492 dicto
982 1443 1169 1491 flumini
1203 1443 1500 1507 contiguam,
1535 1447 1582 1491 et
1616 1443 1731 1492 hinc
1763 1443 1892 1503 inde,
1930 1460 1990 1492 ne

209 1529 463 1593 quisquam
499 1529 662 1587 forsan
701 1532 831 1577 esset
872 1527 1182 1587 transiturus,
1225 1527 1483 1591 diligenter
1520 1532 1877 1592 prospexerunt
1914 1543 1987 1583 ac,

205 1613 404 1662 nemine
439 1613 558 1673 viso,
598 1616 988 1661 retrocesserunt
1026 1627 1115 1675 per
1155 1611 1381 1661 eumdem
1421 1611 1631 1659 viculum
1666 1627 1675 1659 :
1715 1611 1991 1660 intermisso

211 1697 404 1746 modico
427 1697 658 1761 temporis
679 1696 948 1754 intervallo,
970 1695 1065 1743 duo
1079 1695 1158 1742 alii
1171 1711 1258 1759 per
1272 1695 1498 1744 eumdem
1513 1695 1723 1743 viculum
1741 1695 1991 1744 exiverunt

211 1784 258 1828 et
278 1780 496 1829 fecerunt
523 1780 653 1829 idem
680 1780 812 1843 quod
846 1779 986 1843 primi
1016 1779 1233 1827 fecerant
1263 1784 1326 1838 et,
1358 1779 1555 1827 nemine
1583 1783 1854 1843 comperto,
1879 1779 1990 1826 dato

212 1864 354 1912 sociis
376 1865 534 1928 signo,
561 1864 688 1912 venit
712 1879 835 1911 unus
864 1866 1090 1927 equester
1109 1862 1158 1909 in
1181 1876 1316 1926 equo·
1336 1862 1445 1910 albo
1468 1867 1597 1910 retro
1626 1878 1677 1910 se
1702 1862 1887 1911 habens
1910 1877 1991 1909 ca-

210 1947 354 1996 daver
387 1947 600 1995 hominis
637 1947 872 2005 defuncti,
917 1947 1053 2010 cujus
1097 1950 1239 2009 caput
1263 1945 1312 1992 in
1332 1945 1533 1993 brachio
1562 1946 1622 1993 ab
1651 1961 1746 1994 una
1774 1949 1821 1994 et
1842 1945 1990 2009 pedes

209 2031 269 2080 ab
290 2031 382 2079 alia
402 2036 537 2095 parte
559 2031 914 2095 dependebant,
948 2046 1098 2094 penes
1128 2030 1257 2093 quod
1288 2030 1493 2078 cadaver
1521 2029 1614 2078 duo
1643 2030 1827 2094 pedites
1849 2028 1991 2092 primi

208 2115 409 2179 predicti
435 2114 746 2162 ambulabant
767 2115 881 2162 hinc
911 2115 1040 2172 inde,
1073 2114 1278 2162 cadaver
1299 2115 1458 2178 ipsum
1480 2130 1541 2162 ne
1563 2113 1622 2162 de
1649 2129 1773 2177 equo
1796 2115 1994 2163 caderet

209 2198 502 2247 sustinentes
523 2202 830 2247 recesserunt
858 2202 904 2246 et
932 2197 1206 2261 equitarunt
1228 2213 1372 2260 supra
1392 2197 1556 2245 locum
1578 2212 1666 2260 per
1685 2212 1830 2259 quem
1850 2197 1992 2245 fimus

208 2282 269 2330 ad
282 2281 462 2330 flumen
474 2282 743 2346 projicitur,
767 2281 988 2346 superius
1004 2280 1358 2345 specificatum,
1382 2296 1438 2328 ac
1455 2280 1583 2329 circa
1600 2279 1750 2328 finem
1769 2281 1990 2344 ejusdem

207 2366 301 2414 loci
326 2367 643 2415 constitutum
677 2381 857 2429 equum
889 2369 1136 2414 verterunt
1166 2369 1215 2413 ut
1248 2365 1450 2412 caudam
1480 2367 1688 2413 verteret
1717 2364 1921 2423 flumini,
1947 2370 1993 2413 et

213 2450 309 2497 duo
336 2449 416 2496 alii
442 2448 629 2512 pedites
662 2448 864 2512 predicti
899 2448 1102 2497 cadaver
1129 2448 1460 2507 observantes,
1491 2448 1612 2496 alter
1639 2463 1726 2511 per
1753 2464 1925 2496 manus
1947 2454 1995 2497 et

213 2533 430 2592 brachia,
460 2533 581 2581 alter
607 2547 721 2580 vero
750 2548 836 2596 per
860 2532 1010 2596 pedes
1031 2537 1080 2581 et
1100 2548 1241 2581 crura
1270 2532 1474 2580 cadaver
1503 2532 1660 2595 ipsum
1683 2548 1742 2579 ex
1762 2547 1887 2595 equo
1909 2533 1994 2581 de-

210 2622 457 2667 traxerunt
491 2621 539 2665 et
569 2616 629 2664 ad
658 2620 845 2680 partem
877 2617 1176 2665 sustulerunt
1209 2615 1420 2663 brachiis
1454 2619 1503 2663 et
1530 2614 1591 2662 ad
1612 2615 1801 2663 flumen
1833 2614 1992 2678 ipsum

212 2717 322 2751 cum
353 2701 485 2749 omni
505 2699 553 2749 vi
575 2704 622 2749 et
642 2700 858 2766 potentia
886 2701 1216 2764 projecerunt.
1247 2699 1562 2762 Interrogavit
1590 2714 1674 2747 eos
1696 2698 1893 2746 adstans
1918 2700 1994 2746 in-

213 2786 375 2835 sidens
409 2801 533 2849 equo
555 2785 594 2833 si
615 2784 890 2842 decidisset,
921 2783 987 2831 illi
1016 2788 1177 2832 autem
1210 2783 1567 2850 responderunt
1596 2799 1606 2831 :
1638 2804 1660 2828 «
1683 2783 1863 2847 Siqnor
1883 2785 1924 2832 si
1947 2805 1989 2832 ».

211 2869 516 2934 Retrospexit
537 2874 653 2917 tunc
674 2868 889 2916 insidens
903 2868 953 2915 in
972 2883 1096 2932 equo
1113 2868 1160 2914 in
1179 2867 1360 2916 flumen
1379 2871 1425 2916 et
1441 2867 1727 2916 mantellum
1749 2868 1993 2932 introjecti

208 2954 324 3002 vidit
347 2958 594 3002 natantem
617 2968 762 3017 supra
786 2952 985 3012 flumen,
1009 2957 1057 3000 et
1077 2952 1388 3015 interrogavit
1419 2951 1608 3015 pedites
1639 2951 1755 3015 quid
1777 2956 1905 3000 esset
1920 2952 1993 2999 ni-

214 3053 351 3101 grum
383 3041 554 3085 natans
583 3036 712 3100 quod
741 3036 1001 3085 videretur.
1041 3035 1111 3084 llli
1148 3035 1506 3100 responderunt
1543 3052 1552 3083 ε
1589 3036 1892 3094 mantellum,
1934 3036 1994 3083 ad

214 3120 344 3182 quod
363 3120 484 3168 alter
501 3120 685 3184 lapides
705 3120 910 3184 projecit
931 3125 983 3167 ut
1004 3125 1307 3183 mergeretur
1327 3119 1375 3166 in
1397 3119 1705 3183 profundum.
1724 3121 1828 3175 Quo
1845 3118 1989 3177 facto,

217 3202 446 3250 mantello
468 3218 646 3262 merso,
678 3208 987 3252 recesserunt
1008 3219 1178 3252 omnes
1199 3203 1427 3266 quinque,
1456 3218 1567 3250 nam
1591 3202 1777 3266 pedites
1799 3202 1877 3249 alii
1900 3203 1992 3250 duo

219 3285 300 3349 qui
323 3285 591 3333 secundum
617 3287 879 3336 stratellam
901 3286 1166 3350 predictam
1192 3287 1435 3335 exiverant
1459 3286 1808 3348 prospicientes
1831 3285 1868 3332 si
1888 3285 1992 3348 quis

220 3368 552 3432 pertransiret,
571 3384 621 3417 se
640 3370 788 3432 equiti
803 3370 1021 3435 predicto
1043 3374 1090 3418 et
1106 3369 1208 3418 aliis
1225 3369 1412 3416 duobus
1433 3369 1792 3417 associaverunt
1811 3384 1990 3430 eosque

226 3451 440 3500 comitati
472 3455 583 3500 sunt
603 3457 649 3500 et
669 3468 755 3515 per
783 3454 929 3501 alium
958 3453 1166 3501 viculum
1194 3452 1275 3515 qui
1298 3452 1357 3499 ad
1377 3452 1616 3515 hospitale
1649 3452 1799 3499 sancti
1829 3450 1991 3498 Jacobi
