<?xml version="1.0" encoding="UTF-8"?>
<!DOCTYPE html PUBLIC "-//W3C//DTD XHTML 1.0 Transitional//EN"
    "http://www.w3.org/TR/xhtml1/DTD/xhtml1-transitional.dtd">
<html xmlns="http://www.w3.org/1999/xhtml" xml:lang="en" lang="en">
 <head>
  <title>
</title>
<meta http-equiv="Content-Type" content="text/html;charset=utf-8" />
  <meta name='ocr-system' content='tesseract 3.04.00' />
  <meta name='ocr-capabilities' content='ocr_page ocr_carea ocr_par ocr_line ocrx_word'/>
</head>
<body>
  <div class='ocr_page' id='page_1' title='image "./diariumsivererum02burcuoft_0339.png"; bbox 0 0 2222 3926; ppageno 0'>
   <div class='ocr_carea' id='block_1_1' title="bbox 168 334 1955 385">
    <p class='ocr_par' dir='ltr' id='par_1_1' title="bbox 168 334 1955 385">
     <span class='ocr_line' id='line_1_1' title="bbox 168 334 1955 385; baseline 0.004 -17"><span class='ocrx_word' id='word_1_1' title='bbox 168 335 276 377; x_wconf 74' lang='lat' dir='ltr'>[Aout</span> <span class='ocrx_word' id='word_1_2' title='bbox 296 336 390 376; x_wconf 75' lang='lat'><strong>1496]</strong></span> <span class='ocrx_word' id='word_1_3' title='bbox 613 334 782 372; x_wconf 83' lang='lat' dir='ltr'>RERUM</span> <span class='ocrx_word' id='word_1_4' title='bbox 815 334 1121 385; x_wconf 80' lang='lat' dir='ltr'><strong>URBANARUM</strong></span> <span class='ocrx_word' id='word_1_5' title='bbox 1154 334 1503 374; x_wconf 87' lang='lat' dir='ltr'>COMMENTARII.</span> <span class='ocrx_word' id='word_1_6' title='bbox 1885 338 1955 375; x_wconf 82' lang='lat'>327</span> 
     </span>
    </p>
   </div>
   <div class='ocr_carea' id='block_1_2' title="bbox 161 435 1953 3507">
    <p class='ocr_par' dir='ltr' id='par_1_2' title="bbox 165 435 1953 835">
     <span class='ocr_line' id='line_1_2' title="bbox 168 435 1953 501; baseline 0.001 -18"><span class='ocrx_word' id='word_1_7' title='bbox 168 435 342 483; x_wconf 89' lang='lat' dir='ltr'>domus</span> <span class='ocrx_word' id='word_1_8' title='bbox 373 435 688 485; x_wconf 81' lang='lat' dir='ltr'>habitationis</span> <span class='ocrx_word' id='word_1_9' title='bbox 721 436 1042 500; x_wconf 89' lang='lat' dir='ltr'>quorumdam</span> <span class='ocrx_word' id='word_1_10' title='bbox 1068 435 1304 484; x_wconf 86' lang='lat' dir='ltr'>nobilium</span> <span class='ocrx_word' id='word_1_11' title='bbox 1336 435 1386 483; x_wconf 92' lang='lat' dir='ltr'>in</span> <span class='ocrx_word' id='word_1_12' title='bbox 1416 437 1574 495; x_wconf 84' lang='lat' dir='ltr'>Meda,</span> <span class='ocrx_word' id='word_1_13' title='bbox 1616 437 1698 485; x_wconf 91' lang='lat' dir='ltr'>ubi</span> <span class='ocrx_word' id='word_1_14' title='bbox 1729 438 1953 501; x_wconf 76' lang='lat' dir='ltr'>MaJestas</span> 
     </span>
     <span class='ocr_line' id='line_1_3' title="bbox 169 518 1948 582; baseline -0.001 -16"><span class='ocrx_word' id='word_1_15' title='bbox 169 518 314 582; x_wconf 90' lang='lat' dir='ltr'>regis,</span> <span class='ocrx_word' id='word_1_16' title='bbox 351 518 539 582; x_wconf 84' lang='lat' dir='ltr'>legatus</span> <span class='ocrx_word' id='word_1_17' title='bbox 574 523 621 568; x_wconf 91' lang='lat' dir='ltr'>et</span> <span class='ocrx_word' id='word_1_18' title='bbox 654 519 750 567; x_wconf 87' lang='lat' dir='ltr'>dux</span> <span class='ocrx_word' id='word_1_19' title='bbox 786 519 1027 570; x_wconf 88' lang='lat' dir='ltr'>debebant</span> <span class='ocrx_word' id='word_1_20' title='bbox 1064 519 1319 568; x_wconf 89' lang='lat' dir='ltr'>convenire</span> <span class='ocrx_word' id='word_1_21' title='bbox 1353 535 1498 567; x_wconf 88' lang='lat' dir='ltr'>unam</span> <span class='ocrx_word' id='word_1_22' title='bbox 1537 520 1793 568; x_wconf 80' lang='lat' dir='ltr'>srascatam</span> <span class='ocrx_word' id='word_1_23' title='bbox 1832 521 1948 567; x_wconf 84' lang='lat' dir='ltr'>satis</span> 
     </span>
     <span class='ocr_line' id='line_1_4' title="bbox 168 602 1948 667; baseline 0.001 -18"><span class='ocrx_word' id='word_1_24' title='bbox 168 602 377 666; x_wconf 80' lang='lat' dir='ltr'>amplam</span> <span class='ocrx_word' id='word_1_25' title='bbox 411 617 522 650; x_wconf 89' lang='lat' dir='ltr'>cum</span> <span class='ocrx_word' id='word_1_26' title='bbox 556 603 731 651; x_wconf 87' lang='lat' dir='ltr'>talamo</span> <span class='ocrx_word' id='word_1_27' title='bbox 759 608 807 652; x_wconf 91' lang='lat' dir='ltr'>et</span> <span class='ocrx_word' id='word_1_28' title='bbox 841 604 960 652; x_wconf 88' lang='lat' dir='ltr'>solio</span> <span class='ocrx_word' id='word_1_29' title='bbox 995 603 1144 667; x_wconf 86' lang='lat' dir='ltr'>regali</span> <span class='ocrx_word' id='word_1_30' title='bbox 1186 604 1234 651; x_wconf 92' lang='lat' dir='ltr'>in</span> <span class='ocrx_word' id='word_1_31' title='bbox 1267 604 1424 667; x_wconf 83' lang='lat' dir='ltr'>capite</span> <span class='ocrx_word' id='word_1_32' title='bbox 1452 607 1499 652; x_wconf 90' lang='lat' dir='ltr'>et</span> <span class='ocrx_word' id='word_1_33' title='bbox 1532 604 1580 651; x_wconf 87' lang='lat' dir='ltr'>in</span> <span class='ocrx_word' id='word_1_34' title='bbox 1613 603 1741 652; x_wconf 91' lang='lat' dir='ltr'>illius</span> <span class='ocrx_word' id='word_1_35' title='bbox 1771 603 1948 658; x_wconf 79' lang='lat' dir='ltr'>medin,</span> 
     </span>
     <span class='ocr_line' id='line_1_5' title="bbox 165 686 1948 752; baseline 0.001 -18"><span class='ocrx_word' id='word_1_36' title='bbox 165 686 440 750; x_wconf 83' lang='lat' dir='ltr'>postergale</span> <span class='ocrx_word' id='word_1_37' title='bbox 462 690 508 734; x_wconf 89' lang='lat' dir='ltr'>et</span> <span class='ocrx_word' id='word_1_38' title='bbox 526 688 830 750; x_wconf 90' lang='lat' dir='ltr'>supracelum</span> <span class='ocrx_word' id='word_1_39' title='bbox 852 687 1011 751; x_wconf 86' lang='lat' dir='ltr'>regale</span> <span class='ocrx_word' id='word_1_40' title='bbox 1028 688 1197 752; x_wconf 90' lang='lat' dir='ltr'>pannis</span> <span class='ocrx_word' id='word_1_41' title='bbox 1216 691 1261 735; x_wconf 91' lang='lat' dir='ltr'>et</span> <span class='ocrx_word' id='word_1_42' title='bbox 1283 687 1434 735; x_wconf 92' lang='lat' dir='ltr'>auleis</span> <span class='ocrx_word' id='word_1_43' title='bbox 1456 687 1639 735; x_wconf 89' lang='lat' dir='ltr'>circum</span> <span class='ocrx_word' id='word_1_44' title='bbox 1659 687 1789 736; x_wconf 90' lang='lat' dir='ltr'>circa</span> <span class='ocrx_word' id='word_1_45' title='bbox 1806 703 1948 736; x_wconf 72' lang='lat' dir='ltr'>orna,-</span> 
     </span>
     <span class='ocr_line' id='line_1_6' title="bbox 170 770 1849 835; baseline 0.001 -18"><span class='ocrx_word' id='word_1_46' title='bbox 170 774 288 827; x_wconf 83' lang='lat' dir='ltr'>tum,</span> <span class='ocrx_word' id='word_1_47' title='bbox 313 785 421 817; x_wconf 87' lang='lat' dir='ltr'>cum</span> <span class='ocrx_word' id='word_1_48' title='bbox 445 785 649 818; x_wconf 89' lang='lat' dir='ltr'>ascensu</span> <span class='ocrx_word' id='word_1_49' title='bbox 671 771 814 819; x_wconf 84' lang='lat' dir='ltr'>trium</span> <span class='ocrx_word' id='word_1_50' title='bbox 836 787 1067 835; x_wconf 82' lang='lat' dir='ltr'>passuum</span> <span class='ocrx_word' id='word_1_51' title='bbox 1089 775 1136 820; x_wconf 92' lang='lat' dir='ltr'>et</span> <span class='ocrx_word' id='word_1_52' title='bbox 1158 786 1355 818; x_wconf 89' lang='lat' dir='ltr'>scamna</span> <span class='ocrx_word' id='word_1_53' title='bbox 1374 771 1490 819; x_wconf 91' lang='lat' dir='ltr'>hinc</span> <span class='ocrx_word' id='word_1_54' title='bbox 1512 775 1559 820; x_wconf 93' lang='lat' dir='ltr'>et</span> <span class='ocrx_word' id='word_1_55' title='bbox 1582 770 1692 819; x_wconf 91' lang='lat' dir='ltr'>inde</span> <span class='ocrx_word' id='word_1_56' title='bbox 1716 771 1849 834; x_wconf 88' lang='lat' dir='ltr'>poni.</span> 
     </span>
    </p>

    <p class='ocr_par' dir='ltr' id='par_1_3' title="bbox 163 854 1953 2088">
     <span class='ocr_line' id='line_1_7' title="bbox 236 854 1953 919; baseline 0 -17"><span class='ocrx_word' id='word_1_57' title='bbox 236 854 375 902; x_wconf 89' lang='lat' dir='ltr'>Feria</span> <span class='ocrx_word' id='word_1_58' title='bbox 396 859 581 918; x_wconf 88' lang='lat' dir='ltr'>quarta,</span> <span class='ocrx_word' id='word_1_59' title='bbox 609 859 663 903; x_wconf 88' lang='lat'>31</span> <span class='ocrx_word' id='word_1_60' title='bbox 692 856 900 919; x_wconf 77' lang='lat' dir='ltr'>augusti,</span> <span class='ocrx_word' id='word_1_61' title='bbox 930 861 1040 904; x_wconf 88' lang='lat' dir='ltr'>ante</span> <span class='ocrx_word' id='word_1_62' title='bbox 1073 855 1219 914; x_wconf 90' lang='lat' dir='ltr'>diem,</span> <span class='ocrx_word' id='word_1_63' title='bbox 1250 855 1429 902; x_wconf 81' lang='lat' dir='ltr'>recessi</span> <span class='ocrx_word' id='word_1_64' title='bbox 1461 871 1520 902; x_wconf 88' lang='lat' dir='ltr'>ex</span> <span class='ocrx_word' id='word_1_65' title='bbox 1549 855 1741 902; x_wconf 88' lang='lat' dir='ltr'>Muncia</span> <span class='ocrx_word' id='word_1_66' title='bbox 1771 860 1819 902; x_wconf 91' lang='lat' dir='ltr'>et</span> <span class='ocrx_word' id='word_1_67' title='bbox 1850 870 1953 902; x_wconf 91' lang='lat' dir='ltr'>me-</span> 
     </span>
     <span class='ocr_line' id='line_1_8' title="bbox 169 937 1951 1002; baseline -0.001 -15"><span class='ocrx_word' id='word_1_68' title='bbox 169 954 279 987; x_wconf 91' lang='lat' dir='ltr'>cum</span> <span class='ocrx_word' id='word_1_69' title='bbox 314 941 371 986; x_wconf 88' lang='lat' dir='ltr'>D.</span> <span class='ocrx_word' id='word_1_70' title='bbox 411 938 745 987; x_wconf 85' lang='lat' dir='ltr'>Marchesinus</span> <span class='ocrx_word' id='word_1_71' title='bbox 784 941 981 1002; x_wconf 84' lang='lat' dir='ltr'>Stanga,</span> <span class='ocrx_word' id='word_1_72' title='bbox 1021 939 1201 987; x_wconf 92' lang='lat' dir='ltr'>ducalis</span> <span class='ocrx_word' id='word_1_73' title='bbox 1239 938 1584 996; x_wconf 76' lang='lat' dir='ltr'>thesaurarius,</span> <span class='ocrx_word' id='word_1_74' title='bbox 1625 937 1684 985; x_wconf 90' lang='lat' dir='ltr'>de</span> <span class='ocrx_word' id='word_1_75' title='bbox 1722 937 1951 986; x_wconf 88' lang='lat' dir='ltr'>mandato</span> 
     </span>
     <span class='ocr_line' id='line_1_9' title="bbox 168 1021 1950 1084; baseline -0.003 -13"><span class='ocrx_word' id='word_1_76' title='bbox 168 1022 301 1071; x_wconf 91' lang='lat' dir='ltr'>ducis</span> <span class='ocrx_word' id='word_1_77' title='bbox 320 1022 429 1069; x_wconf 87' lang='lat' dir='ltr'>ituri</span> <span class='ocrx_word' id='word_1_78' title='bbox 451 1022 510 1069; x_wconf 89' lang='lat' dir='ltr'>ad</span> <span class='ocrx_word' id='word_1_79' title='bbox 532 1025 753 1070; x_wconf 82' lang='lat' dir='ltr'>Cremam</span> <span class='ocrx_word' id='word_1_80' title='bbox 776 1023 835 1070; x_wconf 88' lang='lat' dir='ltr'>ad</span> <span class='ocrx_word' id='word_1_81' title='bbox 859 1022 1222 1071; x_wconf 87' lang='lat' dir='ltr'>serenissimum</span> <span class='ocrx_word' id='word_1_82' title='bbox 1241 1024 1570 1069; x_wconf 88' lang='lat' dir='ltr'>Romanorum</span> <span class='ocrx_word' id='word_1_83' title='bbox 1587 1036 1756 1084; x_wconf 89' lang='lat' dir='ltr'>regem</span> <span class='ocrx_word' id='word_1_84' title='bbox 1782 1036 1791 1068; x_wconf 92' lang='lat'>:</span> <span class='ocrx_word' id='word_1_85' title='bbox 1817 1021 1950 1068; x_wconf 89' lang='lat' dir='ltr'>veni-</span> 
     </span>
     <span class='ocr_line' id='line_1_10' title="bbox 167 1102 1950 1170; baseline -0.002 -16"><span class='ocrx_word' id='word_1_86' title='bbox 167 1122 273 1154; x_wconf 91' lang='lat' dir='ltr'>mus</span> <span class='ocrx_word' id='word_1_87' title='bbox 295 1106 406 1154; x_wconf 82' lang='lat' dir='ltr'>illuc</span> <span class='ocrx_word' id='word_1_88' title='bbox 427 1111 538 1154; x_wconf 90' lang='lat' dir='ltr'>ante</span> <span class='ocrx_word' id='word_1_89' title='bbox 570 1107 732 1170; x_wconf 92' lang='lat' dir='ltr'>regale</span> <span class='ocrx_word' id='word_1_90' title='bbox 764 1107 1038 1170; x_wconf 87' lang='lat' dir='ltr'>prandium,</span> <span class='ocrx_word' id='word_1_91' title='bbox 1064 1110 1111 1154; x_wconf 91' lang='lat' dir='ltr'>et</span> <span class='ocrx_word' id='word_1_92' title='bbox 1132 1121 1160 1153; x_wconf 87' lang='lat' dir='ltr'>a</span> <span class='ocrx_word' id='word_1_93' title='bbox 1182 1121 1296 1168; x_wconf 89' lang='lat' dir='ltr'>rege</span> <span class='ocrx_word' id='word_1_94' title='bbox 1328 1103 1475 1152; x_wconf 83' lang='lat' dir='ltr'>auditi</span> <span class='ocrx_word' id='word_1_95' title='bbox 1505 1119 1602 1151; x_wconf 91' lang='lat' dir='ltr'>non</span> <span class='ocrx_word' id='word_1_96' title='bbox 1631 1102 1832 1161; x_wconf 83' lang='lat' dir='ltr'>fuimus3</span> <span class='ocrx_word' id='word_1_97' title='bbox 1865 1104 1950 1151; x_wconf 90' lang='lat' dir='ltr'>sed</span> 
     </span>
     <span class='ocr_line' id='line_1_11' title="bbox 163 1187 1950 1254; baseline -0.001 -16"><span class='ocrx_word' id='word_1_98' title='bbox 163 1190 303 1254; x_wconf 87' lang='lat' dir='ltr'>jussit</span> <span class='ocrx_word' id='word_1_99' title='bbox 330 1189 722 1238; x_wconf 87' lang='lat' dir='ltr'>informationem</span> <span class='ocrx_word' id='word_1_100' title='bbox 751 1195 964 1238; x_wconf 87' lang='lat' dir='ltr'>nostram</span> <span class='ocrx_word' id='word_1_101' title='bbox 993 1190 1082 1237; x_wconf 89' lang='lat' dir='ltr'>sibi</span> <span class='ocrx_word' id='word_1_102' title='bbox 1110 1190 1252 1248; x_wconf 87' lang='lat' dir='ltr'>mitti,</span> <span class='ocrx_word' id='word_1_103' title='bbox 1277 1188 1405 1252; x_wconf 90' lang='lat' dir='ltr'>quod</span> <span class='ocrx_word' id='word_1_104' title='bbox 1432 1188 1651 1236; x_wconf 87' lang='lat' dir='ltr'>fecimus.</span> <span class='ocrx_word' id='word_1_105' title='bbox 1686 1187 1825 1236; x_wconf 86' lang='lat' dir='ltr'>Dedit</span> <span class='ocrx_word' id='word_1_106' title='bbox 1846 1203 1950 1236; x_wconf 86' lang='lat' dir='ltr'>res-</span> 
     </span>
     <span class='ocr_line' id='line_1_12' title="bbox 165 1271 1948 1338; baseline -0.002 -16"><span class='ocrx_word' id='word_1_107' title='bbox 165 1290 372 1338; x_wconf 89' lang='lat' dir='ltr'>ponsum</span> <span class='ocrx_word' id='word_1_108' title='bbox 409 1274 567 1333; x_wconf 88' lang='lat' dir='ltr'>nobis,</span> <span class='ocrx_word' id='word_1_109' title='bbox 603 1290 690 1338; x_wconf 93' lang='lat' dir='ltr'>per</span> <span class='ocrx_word' id='word_1_110' title='bbox 725 1291 872 1323; x_wconf 89' lang='lat' dir='ltr'>unum</span> <span class='ocrx_word' id='word_1_111' title='bbox 907 1291 965 1322; x_wconf 86' lang='lat' dir='ltr'>ex</span> <span class='ocrx_word' id='word_1_112' title='bbox 999 1274 1114 1332; x_wconf 86' lang='lat' dir='ltr'>suis,</span> <span class='ocrx_word' id='word_1_113' title='bbox 1150 1274 1456 1337; x_wconf 84' lang='lat' dir='ltr'>Majestatem</span> <span class='ocrx_word' id='word_1_114' title='bbox 1493 1287 1626 1319; x_wconf 92' lang='lat' dir='ltr'>suam</span> <span class='ocrx_word' id='word_1_115' title='bbox 1657 1271 1866 1320; x_wconf 82' lang='lat' dir='ltr'>suturam</span> <span class='ocrx_word' id='word_1_116' title='bbox 1899 1272 1948 1319; x_wconf 94' lang='lat' dir='ltr'>in</span> 
     </span>
     <span class='ocr_line' id='line_1_13' title="bbox 165 1355 1949 1421; baseline -0.001 -16"><span class='ocrx_word' id='word_1_117' title='bbox 165 1357 308 1405; x_wconf 85' lang='lat' dir='ltr'>Meda</span> <span class='ocrx_word' id='word_1_118' title='bbox 343 1362 454 1406; x_wconf 88' lang='lat' dir='ltr'>ante</span> <span class='ocrx_word' id='word_1_119' title='bbox 487 1357 563 1405; x_wconf 88' lang='lat' dir='ltr'>vel</span> <span class='ocrx_word' id='word_1_120' title='bbox 597 1357 724 1405; x_wconf 88' lang='lat' dir='ltr'>circa</span> <span class='ocrx_word' id='word_1_121' title='bbox 758 1358 931 1406; x_wconf 89' lang='lat' dir='ltr'>horam</span> <span class='ocrx_word' id='word_1_122' title='bbox 968 1357 1268 1421; x_wconf 81' lang='lat' dir='ltr'>vigesimam,</span> <span class='ocrx_word' id='word_1_123' title='bbox 1308 1356 1390 1404; x_wconf 91' lang='lat' dir='ltr'>ubi</span> <span class='ocrx_word' id='word_1_124' title='bbox 1424 1359 1678 1419; x_wconf 86' lang='lat' dir='ltr'>expectare</span> <span class='ocrx_word' id='word_1_125' title='bbox 1716 1355 1949 1403; x_wconf 87' lang='lat' dir='ltr'>deberent</span> 
     </span>
     <span class='ocr_line' id='line_1_14' title="bbox 164 1437 1948 1504; baseline -0.002 -15"><span class='ocrx_word' id='word_1_126' title='bbox 164 1441 352 1504; x_wconf 88' lang='lat' dir='ltr'>legatus</span> <span class='ocrx_word' id='word_1_127' title='bbox 388 1445 434 1489; x_wconf 92' lang='lat' dir='ltr'>et</span> <span class='ocrx_word' id='word_1_128' title='bbox 468 1441 564 1488; x_wconf 88' lang='lat' dir='ltr'>dux</span> <span class='ocrx_word' id='word_1_129' title='bbox 598 1441 686 1489; x_wconf 90' lang='lat' dir='ltr'>sub</span> <span class='ocrx_word' id='word_1_130' title='bbox 720 1441 929 1489; x_wconf 84' lang='lat' dir='ltr'>frascata</span> <span class='ocrx_word' id='word_1_131' title='bbox 961 1441 1180 1488; x_wconf 89' lang='lat' dir='ltr'>ordinata</span> <span class='ocrx_word' id='word_1_132' title='bbox 1213 1445 1261 1488; x_wconf 91' lang='lat' dir='ltr'>et</span> <span class='ocrx_word' id='word_1_133' title='bbox 1293 1454 1599 1503; x_wconf 86' lang='lat' dir='ltr'>nequaquam</span> <span class='ocrx_word' id='word_1_134' title='bbox 1633 1438 1724 1486; x_wconf 91' lang='lat' dir='ltr'>sibi</span> <span class='ocrx_word' id='word_1_135' title='bbox 1761 1437 1948 1486; x_wconf 88' lang='lat' dir='ltr'>obviam</span> 
     </span>
     <span class='ocr_line' id='line_1_15' title="bbox 164 1524 1947 1588; baseline -0.001 -17"><span class='ocrx_word' id='word_1_136' title='bbox 164 1525 325 1572; x_wconf 89' lang='lat' dir='ltr'>venire</span> <span class='ocrx_word' id='word_1_137' title='bbox 362 1524 719 1588; x_wconf 78' lang='lat' dir='ltr'>quamprimum</span> <span class='ocrx_word' id='word_1_138' title='bbox 758 1541 840 1573; x_wconf 86' lang='lat' dir='ltr'>rex</span> <span class='ocrx_word' id='word_1_139' title='bbox 872 1524 1054 1572; x_wconf 88' lang='lat' dir='ltr'>videret</span> <span class='ocrx_word' id='word_1_140' title='bbox 1086 1524 1317 1588; x_wconf 87' lang='lat' dir='ltr'>legatum.</span> <span class='ocrx_word' id='word_1_141' title='bbox 1359 1525 1690 1571; x_wconf 84' lang='lat' dir='ltr'>Descensurus</span> <span class='ocrx_word' id='word_1_142' title='bbox 1727 1537 1787 1571; x_wconf 88' lang='lat' dir='ltr'>ex</span> <span class='ocrx_word' id='word_1_143' title='bbox 1822 1537 1947 1584; x_wconf 92' lang='lat' dir='ltr'>equo</span> 
     </span>
     <span class='ocr_line' id='line_1_16' title="bbox 166 1605 1947 1671; baseline -0.001 -17"><span class='ocrx_word' id='word_1_144' title='bbox 166 1611 294 1655; x_wconf 88' lang='lat' dir='ltr'>esset</span> <span class='ocrx_word' id='word_1_145' title='bbox 324 1612 371 1656; x_wconf 91' lang='lat' dir='ltr'>et</span> <span class='ocrx_word' id='word_1_146' title='bbox 399 1607 614 1670; x_wconf 87' lang='lat' dir='ltr'>legatum</span> <span class='ocrx_word' id='word_1_147' title='bbox 645 1608 788 1671; x_wconf 86' lang='lat' dir='ltr'>digne</span> <span class='ocrx_word' id='word_1_148' title='bbox 823 1611 1134 1671; x_wconf 88' lang='lat' dir='ltr'>recepturus;</span> <span class='ocrx_word' id='word_1_149' title='bbox 1169 1621 1338 1670; x_wconf 87' lang='lat' dir='ltr'>regem</span> <span class='ocrx_word' id='word_1_150' title='bbox 1367 1607 1486 1655; x_wconf 90' lang='lat' dir='ltr'>velle</span> <span class='ocrx_word' id='word_1_151' title='bbox 1517 1605 1699 1654; x_wconf 88' lang='lat' dir='ltr'>habere</span> <span class='ocrx_word' id='word_1_152' title='bbox 1729 1605 1947 1653; x_wconf 88' lang='lat' dir='ltr'>dextram</span> 
     </span>
     <span class='ocr_line' id='line_1_17' title="bbox 166 1690 1947 1756; baseline -0.001 -18"><span class='ocrx_word' id='word_1_153' title='bbox 166 1691 214 1738; x_wconf 89' lang='lat' dir='ltr'>in</span> <span class='ocrx_word' id='word_1_154' title='bbox 242 1690 448 1755; x_wconf 90' lang='lat' dir='ltr'>primum</span> <span class='ocrx_word' id='word_1_155' title='bbox 476 1691 636 1739; x_wconf 93' lang='lat' dir='ltr'>locum</span> <span class='ocrx_word' id='word_1_156' title='bbox 661 1691 749 1738; x_wconf 89' lang='lat' dir='ltr'>sibi</span> <span class='ocrx_word' id='word_1_157' title='bbox 772 1691 1007 1749; x_wconf 90' lang='lat' dir='ltr'>debitum,</span> <span class='ocrx_word' id='word_1_158' title='bbox 1037 1690 1262 1754; x_wconf 91' lang='lat' dir='ltr'>quodque</span> <span class='ocrx_word' id='word_1_159' title='bbox 1291 1691 1517 1756; x_wconf 89' lang='lat' dir='ltr'>Majestas</span> <span class='ocrx_word' id='word_1_160' title='bbox 1546 1705 1634 1737; x_wconf 88' lang='lat' dir='ltr'>sua</span> <span class='ocrx_word' id='word_1_161' title='bbox 1659 1705 1755 1737; x_wconf 92' lang='lat' dir='ltr'>non</span> <span class='ocrx_word' id='word_1_162' title='bbox 1786 1693 1947 1737; x_wconf 84' lang='lat' dir='ltr'>utere-</span> 
     </span>
     <span class='ocr_line' id='line_1_18' title="bbox 165 1760 1946 1838; baseline -0.001 -16"><span class='ocrx_word' id='word_1_163' title='bbox 165 1779 243 1822; x_wconf 89' lang='lat' dir='ltr'>tur</span> <span class='ocrx_word' id='word_1_164' title='bbox 278 1780 388 1822; x_wconf 89' lang='lat' dir='ltr'>ante</span> <span class='ocrx_word' id='word_1_165' title='bbox 422 1790 473 1822; x_wconf 90' lang='lat' dir='ltr'>se</span> <span class='ocrx_word' id='word_1_166' title='bbox 507 1760 755 1838; x_wconf 84' lang='lat' dir='ltr'>portatura</span> <span class='ocrx_word' id='word_1_167' title='bbox 795 1790 930 1832; x_wconf 91' lang='lat' dir='ltr'>ense,</span> <span class='ocrx_word' id='word_1_168' title='bbox 967 1779 1227 1837; x_wconf 85' lang='lat' dir='ltr'>propterea</span> <span class='ocrx_word' id='word_1_169' title='bbox 1260 1773 1319 1822; x_wconf 90' lang='lat' dir='ltr'>de</span> <span class='ocrx_word' id='word_1_170' title='bbox 1358 1774 1509 1837; x_wconf 90' lang='lat' dir='ltr'>ipsius</span> <span class='ocrx_word' id='word_1_171' title='bbox 1549 1773 1657 1821; x_wconf 90' lang='lat' dir='ltr'>loco</span> <span class='ocrx_word' id='word_1_172' title='bbox 1702 1788 1801 1821; x_wconf 90' lang='lat' dir='ltr'>non</span> <span class='ocrx_word' id='word_1_173' title='bbox 1839 1789 1946 1821; x_wconf 91' lang='lat' dir='ltr'>esse</span> 
     </span>
     <span class='ocr_line' id='line_1_19' title="bbox 165 1857 1947 1922; baseline -0.001 -16"><span class='ocrx_word' id='word_1_174' title='bbox 165 1857 527 1921; x_wconf 87' lang='lat' dir='ltr'>disputandum.</span> <span class='ocrx_word' id='word_1_175' title='bbox 552 1858 810 1907; x_wconf 80' lang='lat' dir='ltr'>Voluntate</span> <span class='ocrx_word' id='word_1_176' title='bbox 838 1858 966 1921; x_wconf 87' lang='lat' dir='ltr'>regis</span> <span class='ocrx_word' id='word_1_177' title='bbox 992 1857 1271 1922; x_wconf 90' lang='lat' dir='ltr'>hujusmodi</span> <span class='ocrx_word' id='word_1_178' title='bbox 1292 1858 1473 1917; x_wconf 84' lang='lat' dir='ltr'>habita,</span> <span class='ocrx_word' id='word_1_179' title='bbox 1503 1857 1679 1905; x_wconf 89' lang='lat' dir='ltr'>reversi</span> <span class='ocrx_word' id='word_1_180' title='bbox 1703 1872 1866 1904; x_wconf 90' lang='lat' dir='ltr'>sumus</span> <span class='ocrx_word' id='word_1_181' title='bbox 1888 1858 1947 1904; x_wconf 90' lang='lat' dir='ltr'>ad</span> 
     </span>
     <span class='ocr_line' id='line_1_20' title="bbox 163 1940 1945 2006; baseline -0.001 -17"><span class='ocrx_word' id='word_1_182' title='bbox 163 1942 376 2006; x_wconf 86' lang='lat' dir='ltr'>legatum</span> <span class='ocrx_word' id='word_1_183' title='bbox 399 1946 445 1989; x_wconf 92' lang='lat' dir='ltr'>et</span> <span class='ocrx_word' id='word_1_184' title='bbox 466 1941 640 1989; x_wconf 91' lang='lat' dir='ltr'>ducem</span> <span class='ocrx_word' id='word_1_185' title='bbox 659 1957 823 1990; x_wconf 90' lang='lat' dir='ltr'>versus</span> <span class='ocrx_word' id='word_1_186' title='bbox 841 1941 1050 1998; x_wconf 88' lang='lat' dir='ltr'>Medam,</span> <span class='ocrx_word' id='word_1_187' title='bbox 1076 1941 1135 1988; x_wconf 90' lang='lat' dir='ltr'>ad</span> <span class='ocrx_word' id='word_1_188' title='bbox 1153 1941 1248 1989; x_wconf 93' lang='lat' dir='ltr'>duo</span> <span class='ocrx_word' id='word_1_189' title='bbox 1267 1941 1492 1989; x_wconf 87' lang='lat' dir='ltr'>milliaria</span> <span class='ocrx_word' id='word_1_190' title='bbox 1506 1940 1582 1989; x_wconf 91' lang='lat' dir='ltr'>vel</span> <span class='ocrx_word' id='word_1_191' title='bbox 1600 1940 1744 2000; x_wconf 89' lang='lat' dir='ltr'>circa,</span> <span class='ocrx_word' id='word_1_192' title='bbox 1769 1945 1817 1988; x_wconf 87' lang='lat' dir='ltr'>et</span> <span class='ocrx_word' id='word_1_193' title='bbox 1839 1955 1945 1988; x_wconf 90' lang='lat' dir='ltr'>eam</span> 
     </span>
     <span class='ocr_line' id='line_1_21' title="bbox 163 2023 1615 2088; baseline -0.001 -17"><span class='ocrx_word' id='word_1_194' title='bbox 163 2024 280 2087; x_wconf 89' lang='lat' dir='ltr'>ipsis</span> <span class='ocrx_word' id='word_1_195' title='bbox 302 2023 661 2088; x_wconf 82' lang='lat' dir='ltr'>explicavimuS,</span> <span class='ocrx_word' id='word_1_196' title='bbox 687 2039 830 2088; x_wconf 88' lang='lat' dir='ltr'>quam</span> <span class='ocrx_word' id='word_1_197' title='bbox 853 2024 944 2088; x_wconf 90' lang='lat' dir='ltr'>ipsi</span> <span class='ocrx_word' id='word_1_198' title='bbox 966 2030 1277 2087; x_wconf 86' lang='lat' dir='ltr'>acceperunt,</span> <span class='ocrx_word' id='word_1_199' title='bbox 1302 2024 1615 2072; x_wconf 81' lang='lat' dir='ltr'>observaturi.</span> 
     </span>
    </p>

    <p class='ocr_par' dir='ltr' id='par_1_4' title="bbox 161 2107 1948 3242">
     <span class='ocr_line' id='line_1_22' title="bbox 229 2107 1942 2171; baseline -0.001 -16"><span class='ocrx_word' id='word_1_200' title='bbox 229 2109 479 2156; x_wconf 85' lang='lat' dir='ltr'>Venerunt</span> <span class='ocrx_word' id='word_1_201' title='bbox 516 2107 708 2155; x_wconf 83' lang='lat' dir='ltr'>Medam</span> <span class='ocrx_word' id='word_1_202' title='bbox 748 2108 836 2155; x_wconf 91' lang='lat' dir='ltr'>sub</span> <span class='ocrx_word' id='word_1_203' title='bbox 876 2107 1084 2155; x_wconf 82' lang='lat' dir='ltr'>frascata</span> <span class='ocrx_word' id='word_1_204' title='bbox 1122 2107 1356 2167; x_wconf 87' lang='lat' dir='ltr'>ordinata,</span> <span class='ocrx_word' id='word_1_205' title='bbox 1400 2123 1568 2171; x_wconf 90' lang='lat' dir='ltr'>regem</span> <span class='ocrx_word' id='word_1_206' title='bbox 1611 2111 1942 2171; x_wconf 85' lang='lat' dir='ltr'>expectantes.</span> 
     </span>
     <span class='ocr_line' id='line_1_23' title="bbox 163 2190 1947 2250; baseline -0.001 -9"><span class='ocrx_word' id='word_1_207' title='bbox 163 2190 306 2241; x_wconf 89' lang='lat' dir='ltr'>Venit</span> <span class='ocrx_word' id='word_1_208' title='bbox 334 2197 382 2238; x_wconf 89' lang='lat' dir='ltr'>et</span> <span class='ocrx_word' id='word_1_209' title='bbox 407 2190 518 2239; x_wconf 92' lang='lat' dir='ltr'>illuc</span> <span class='ocrx_word' id='word_1_210' title='bbox 549 2191 740 2239; x_wconf 88' lang='lat' dir='ltr'>ducissa</span> <span class='ocrx_word' id='word_1_211' title='bbox 770 2190 1032 2239; x_wconf 85' lang='lat' dir='ltr'>Mediolani</span> <span class='ocrx_word' id='word_1_212' title='bbox 1063 2190 1111 2238; x_wconf 93' lang='lat' dir='ltr'>in</span> <span class='ocrx_word' id='word_1_213' title='bbox 1146 2197 1372 2250; x_wconf 83' lang='lat' dir='ltr'>carretta,</span> <span class='ocrx_word' id='word_1_214' title='bbox 1405 2195 1453 2239; x_wconf 85' lang='lat' dir='ltr'>et</span> <span class='ocrx_word' id='word_1_215' title='bbox 1483 2191 1671 2239; x_wconf 91' lang='lat' dir='ltr'>duobus</span> <span class='ocrx_word' id='word_1_216' title='bbox 1703 2191 1808 2239; x_wconf 88' lang='lat' dir='ltr'>aliis</span> <span class='ocrx_word' id='word_1_217' title='bbox 1839 2207 1947 2240; x_wconf 88' lang='lat' dir='ltr'>car-</span> 
     </span>
     <span class='ocr_line' id='line_1_24' title="bbox 162 2273 1948 2338; baseline 0.001 -17"><span class='ocrx_word' id='word_1_218' title='bbox 162 2274 298 2322; x_wconf 88' lang='lat' dir='ltr'>rettis</span> <span class='ocrx_word' id='word_1_219' title='bbox 322 2273 638 2338; x_wconf 86' lang='lat' dir='ltr'>pedissequas</span> <span class='ocrx_word' id='word_1_220' title='bbox 668 2293 778 2323; x_wconf 85' lang='lat' dir='ltr'>suas</span> <span class='ocrx_word' id='word_1_221' title='bbox 805 2276 1092 2324; x_wconf 81' lang='lat' dir='ltr'>vehentibus</span> <span class='ocrx_word' id='word_1_222' title='bbox 1121 2274 1377 2331; x_wconf 89' lang='lat' dir='ltr'>associata,</span> <span class='ocrx_word' id='word_1_223' title='bbox 1404 2274 1526 2322; x_wconf 93' lang='lat' dir='ltr'>duce</span> <span class='ocrx_word' id='word_1_224' title='bbox 1555 2274 1644 2322; x_wconf 90' lang='lat' dir='ltr'>sub</span> <span class='ocrx_word' id='word_1_225' title='bbox 1671 2273 1878 2323; x_wconf 87' lang='lat' dir='ltr'>frascata</span> <span class='ocrx_word' id='word_1_226' title='bbox 1900 2280 1948 2323; x_wconf 85' lang='lat' dir='ltr'>et</span> 
     </span>
     <span class='ocr_line' id='line_1_25' title="bbox 162 2357 1946 2422; baseline -0.001 -16"><span class='ocrx_word' id='word_1_227' title='bbox 162 2358 322 2422; x_wconf 85' lang='lat' dir='ltr'>legato</span> <span class='ocrx_word' id='word_1_228' title='bbox 344 2374 395 2406; x_wconf 89' lang='lat' dir='ltr'>se</span> <span class='ocrx_word' id='word_1_229' title='bbox 417 2359 682 2408; x_wconf 86' lang='lat' dir='ltr'>associans.</span> <span class='ocrx_word' id='word_1_230' title='bbox 708 2360 852 2410; x_wconf 86' lang='lat' dir='ltr'>Venit</span> <span class='ocrx_word' id='word_1_231' title='bbox 875 2360 1018 2408; x_wconf 88' lang='lat' dir='ltr'>etiam</span> <span class='ocrx_word' id='word_1_232' title='bbox 1042 2359 1153 2407; x_wconf 89' lang='lat' dir='ltr'>illuc</span> <span class='ocrx_word' id='word_1_233' title='bbox 1173 2375 1259 2407; x_wconf 79' lang='lat' dir='ltr'>rex</span> <span class='ocrx_word' id='word_1_234' title='bbox 1280 2357 1654 2415; x_wconf 85' lang='lat' dir='ltr'>Maximilianus‚</span> <span class='ocrx_word' id='word_1_235' title='bbox 1679 2372 1788 2405; x_wconf 92' lang='lat' dir='ltr'>cum</span> <span class='ocrx_word' id='word_1_236' title='bbox 1810 2358 1946 2421; x_wconf 89' lang='lat' dir='ltr'>equi-</span> 
     </span>
     <span class='ocr_line' id='line_1_26' title="bbox 163 2441 1945 2507; baseline 0.001 -20"><span class='ocrx_word' id='word_1_237' title='bbox 163 2441 289 2489; x_wconf 89' lang='lat' dir='ltr'>tibus</span> <span class='ocrx_word' id='word_1_238' title='bbox 313 2441 505 2490; x_wconf 85' lang='lat' dir='ltr'>circiter</span> <span class='ocrx_word' id='word_1_239' title='bbox 524 2458 596 2501; x_wconf 88' lang='lat' dir='ltr'>cc,</span> <span class='ocrx_word' id='word_1_240' title='bbox 629 2444 706 2491; x_wconf 91' lang='lat' dir='ltr'>cui</span> <span class='ocrx_word' id='word_1_241' title='bbox 733 2459 885 2507; x_wconf 88' lang='lat' dir='ltr'>usque</span> <span class='ocrx_word' id='word_1_242' title='bbox 909 2444 970 2491; x_wconf 88' lang='lat' dir='ltr'>ad</span> <span class='ocrx_word' id='word_1_243' title='bbox 990 2443 1238 2491; x_wconf 89' lang='lat' dir='ltr'>introitum</span> <span class='ocrx_word' id='word_1_244' title='bbox 1267 2442 1473 2490; x_wconf 87' lang='lat' dir='ltr'>srascate</span> <span class='ocrx_word' id='word_1_245' title='bbox 1495 2445 1730 2489; x_wconf 85' lang='lat' dir='ltr'>venerunt</span> <span class='ocrx_word' id='word_1_246' title='bbox 1757 2442 1945 2489; x_wconf 90' lang='lat' dir='ltr'>obviam</span> 
     </span>
     <span class='ocr_line' id='line_1_27' title="bbox 162 2524 1946 2590; baseline 0 -19"><span class='ocrx_word' id='word_1_247' title='bbox 162 2524 369 2587; x_wconf 75' lang='lat' dir='ltr'>legatUS‚</span> <span class='ocrx_word' id='word_1_248' title='bbox 394 2525 489 2572; x_wconf 88' lang='lat' dir='ltr'>dux</span> <span class='ocrx_word' id='word_1_249' title='bbox 511 2530 558 2574; x_wconf 89' lang='lat' dir='ltr'>et</span> <span class='ocrx_word' id='word_1_250' title='bbox 585 2526 794 2574; x_wconf 87' lang='lat' dir='ltr'>ducissa.</span> <span class='ocrx_word' id='word_1_251' title='bbox 820 2530 937 2585; x_wconf 86' lang='lat' dir='ltr'>Rex,</span> <span class='ocrx_word' id='word_1_252' title='bbox 964 2527 1064 2575; x_wconf 91' lang='lat' dir='ltr'>viso</span> <span class='ocrx_word' id='word_1_253' title='bbox 1084 2527 1264 2590; x_wconf 89' lang='lat' dir='ltr'>legato,</span> <span class='ocrx_word' id='word_1_254' title='bbox 1297 2525 1545 2573; x_wconf 86' lang='lat' dir='ltr'>descendit</span> <span class='ocrx_word' id='word_1_255' title='bbox 1571 2541 1630 2573; x_wconf 85' lang='lat' dir='ltr'>ex</span> <span class='ocrx_word' id='word_1_256' title='bbox 1650 2539 1775 2587; x_wconf 93' lang='lat' dir='ltr'>equo</span> <span class='ocrx_word' id='word_1_257' title='bbox 1801 2531 1848 2572; x_wconf 91' lang='lat' dir='ltr'>et</span> <span class='ocrx_word' id='word_1_258' title='bbox 1874 2525 1946 2571; x_wconf 88' lang='lat' dir='ltr'>le-</span> 
     </span>
     <span class='ocr_line' id='line_1_28' title="bbox 162 2606 1946 2670; baseline 0.001 -16"><span class='ocrx_word' id='word_1_259' title='bbox 162 2612 325 2670; x_wconf 87' lang='lat' dir='ltr'>gatum</span> <span class='ocrx_word' id='word_1_260' title='bbox 348 2607 596 2670; x_wconf 86' lang='lat' dir='ltr'>amplexus</span> <span class='ocrx_word' id='word_1_261' title='bbox 626 2614 715 2657; x_wconf 90' lang='lat' dir='ltr'>est.</span> <span class='ocrx_word' id='word_1_262' title='bbox 751 2611 994 2656; x_wconf 84' lang='lat' dir='ltr'>Intrarunt</span> <span class='ocrx_word' id='word_1_263' title='bbox 1027 2608 1169 2656; x_wconf 90' lang='lat' dir='ltr'>simul</span> <span class='ocrx_word' id='word_1_264' title='bbox 1190 2623 1361 2656; x_wconf 91' lang='lat' dir='ltr'>omnes</span> <span class='ocrx_word' id='word_1_265' title='bbox 1393 2624 1402 2654; x_wconf 78' lang='grc' dir='ltr'>ε</span> <span class='ocrx_word' id='word_1_266' title='bbox 1436 2623 1537 2663; x_wconf 84' lang='lat' dir='ltr'>rex,</span> <span class='ocrx_word' id='word_1_267' title='bbox 1560 2606 1749 2670; x_wconf 84' lang='lat' dir='ltr'>legatus</span> <span class='ocrx_word' id='word_1_268' title='bbox 1776 2612 1824 2656; x_wconf 89' lang='lat' dir='ltr'>et</span> <span class='ocrx_word' id='word_1_269' title='bbox 1851 2607 1946 2655; x_wconf 86' lang='lat' dir='ltr'>dux</span> 
     </span>
     <span class='ocr_line' id='line_1_29' title="bbox 163 2690 1944 2755; baseline 0.002 -18"><span class='ocrx_word' id='word_1_270' title='bbox 163 2694 210 2738; x_wconf 91' lang='lat' dir='ltr'>et</span> <span class='ocrx_word' id='word_1_271' title='bbox 233 2690 422 2739; x_wconf 85' lang='lat' dir='ltr'>ducissa</span> <span class='ocrx_word' id='word_1_272' title='bbox 448 2692 770 2740; x_wconf 88' lang='lat' dir='ltr'>ascenderunt</span> <span class='ocrx_word' id='word_1_273' title='bbox 797 2692 1083 2740; x_wconf 82' lang='lat' dir='ltr'>thalamum.</span> <span class='ocrx_word' id='word_1_274' title='bbox 1116 2695 1324 2755; x_wconf 90' lang='lat' dir='ltr'>Legatus</span> <span class='ocrx_word' id='word_1_275' title='bbox 1354 2690 1648 2754; x_wconf 84' lang='lat' dir='ltr'>presentavit</span> <span class='ocrx_word' id='word_1_276' title='bbox 1670 2690 1771 2754; x_wconf 90' lang='lat' dir='ltr'>regi</span> <span class='ocrx_word' id='word_1_277' title='bbox 1803 2690 1944 2740; x_wconf 82' lang='lat' dir='ltr'>breve</span> 
     </span>
     <span class='ocr_line' id='line_1_30' title="bbox 162 2774 1946 2840; baseline 0.001 -19"><span class='ocrx_word' id='word_1_278' title='bbox 162 2775 481 2838; x_wconf 90' lang='lat' dir='ltr'>apostolicum</span> <span class='ocrx_word' id='word_1_279' title='bbox 503 2776 632 2839; x_wconf 90' lang='lat' dir='ltr'>quod</span> <span class='ocrx_word' id='word_1_280' title='bbox 660 2792 743 2824; x_wconf 86' lang='lat' dir='ltr'>rex</span> <span class='ocrx_word' id='word_1_281' title='bbox 769 2776 1009 2840; x_wconf 90' lang='lat' dir='ltr'>recipiens</span> <span class='ocrx_word' id='word_1_282' title='bbox 1038 2775 1230 2823; x_wconf 88' lang='lat' dir='ltr'>tradidit</span> <span class='ocrx_word' id='word_1_283' title='bbox 1260 2777 1317 2822; x_wconf 90' lang='lat' dir='ltr'>D.</span> <span class='ocrx_word' id='word_1_284' title='bbox 1346 2774 1651 2837; x_wconf 87' lang='lat' dir='ltr'>Marquardo,</span> <span class='ocrx_word' id='word_1_285' title='bbox 1683 2774 1946 2823; x_wconf 88' lang='lat' dir='ltr'>secretario</span> 
     </span>
     <span class='ocr_line' id='line_1_31' title="bbox 163 2857 1941 2924; baseline 0.001 -20"><span class='ocrx_word' id='word_1_286' title='bbox 163 2872 250 2904; x_wconf 90' lang='lat' dir='ltr'>suo</span> <span class='ocrx_word' id='word_1_287' title='bbox 287 2858 602 2921; x_wconf 92' lang='lat' dir='ltr'>aperiendum</span> <span class='ocrx_word' id='word_1_288' title='bbox 640 2866 685 2908; x_wconf 91' lang='lat' dir='ltr'>et</span> <span class='ocrx_word' id='word_1_289' title='bbox 726 2859 1003 2924; x_wconf 89' lang='lat' dir='ltr'>legendum,</span> <span class='ocrx_word' id='word_1_290' title='bbox 1044 2860 1123 2922; x_wconf 92' lang='lat' dir='ltr'>qui</span> <span class='ocrx_word' id='word_1_291' title='bbox 1161 2858 1275 2922; x_wconf 90' lang='lat' dir='ltr'>ipsis</span> <span class='ocrx_word' id='word_1_292' title='bbox 1310 2858 1504 2922; x_wconf 90' lang='lat' dir='ltr'>publice</span> <span class='ocrx_word' id='word_1_293' title='bbox 1540 2858 1675 2922; x_wconf 87' lang='lat' dir='ltr'>legit,</span> <span class='ocrx_word' id='word_1_294' title='bbox 1715 2862 1762 2906; x_wconf 92' lang='lat' dir='ltr'>et</span> <span class='ocrx_word' id='word_1_295' title='bbox 1797 2857 1941 2917; x_wconf 83' lang='lat' dir='ltr'>lecto,</span> 
     </span>
     <span class='ocr_line' id='line_1_32' title="bbox 161 2939 1945 3005; baseline 0.001 -17"><span class='ocrx_word' id='word_1_296' title='bbox 161 2939 349 3003; x_wconf 89' lang='lat' dir='ltr'>legatus</span> <span class='ocrx_word' id='word_1_297' title='bbox 383 2941 494 2990; x_wconf 88' lang='lat' dir='ltr'>fecit</span> <span class='ocrx_word' id='word_1_298' title='bbox 525 2943 872 2991; x_wconf 89' lang='lat' dir='ltr'>convenienter</span> <span class='ocrx_word' id='word_1_299' title='bbox 900 2942 1170 2990; x_wconf 86' lang='lat' dir='ltr'>orationem</span> <span class='ocrx_word' id='word_1_300' title='bbox 1200 2941 1556 2989; x_wconf 86' lang='lat' dir='ltr'>commissionis</span> <span class='ocrx_word' id='word_1_301' title='bbox 1586 2957 1673 3005; x_wconf 91' lang='lat' dir='ltr'>per</span> <span class='ocrx_word' id='word_1_302' title='bbox 1701 2941 1945 2989; x_wconf 85' lang='lat' dir='ltr'>sanctissi-</span> 
     </span>
     <span class='ocr_line' id='line_1_33' title="bbox 161 3024 1941 3088; baseline 0.001 -19"><span class='ocrx_word' id='word_1_303' title='bbox 161 3037 293 3070; x_wconf 90' lang='lat' dir='ltr'>mum</span> <span class='ocrx_word' id='word_1_304' title='bbox 316 3025 372 3072; x_wconf 92' lang='lat' dir='ltr'>D.</span> <span class='ocrx_word' id='word_1_305' title='bbox 398 3031 617 3073; x_wconf 87' lang='lat' dir='ltr'>nostrum</span> <span class='ocrx_word' id='word_1_306' title='bbox 649 3026 738 3073; x_wconf 92' lang='lat' dir='ltr'>sibi</span> <span class='ocrx_word' id='word_1_307' title='bbox 761 3026 903 3084; x_wconf 88' lang='lat' dir='ltr'>facte,</span> <span class='ocrx_word' id='word_1_308' title='bbox 935 3030 982 3074; x_wconf 86' lang='lat' dir='ltr'>et</span> <span class='ocrx_word' id='word_1_309' title='bbox 1002 3026 1052 3072; x_wconf 93' lang='lat' dir='ltr'>in</span> <span class='ocrx_word' id='word_1_310' title='bbox 1073 3040 1130 3073; x_wconf 93' lang='lat' dir='ltr'>eo</span> <span class='ocrx_word' id='word_1_311' title='bbox 1159 3025 1260 3088; x_wconf 89' lang='lat' dir='ltr'>regi</span> <span class='ocrx_word' id='word_1_312' title='bbox 1292 3024 1689 3088; x_wconf 81' lang='lat' dir='ltr'>benedixitjuxta</span> <span class='ocrx_word' id='word_1_313' title='bbox 1719 3024 1941 3072; x_wconf 90' lang='lat' dir='ltr'>eamdem</span> 
     </span>
     <span class='ocr_line' id='line_1_34' title="bbox 164 3107 1938 3173; baseline 0.001 -21"><span class='ocrx_word' id='word_1_314' title='bbox 164 3107 576 3166; x_wconf 90' lang='lat' dir='ltr'>commissionem,</span> <span class='ocrx_word' id='word_1_315' title='bbox 611 3125 741 3172; x_wconf 84' lang='lat' dir='ltr'>rege,</span> <span class='ocrx_word' id='word_1_316' title='bbox 771 3109 947 3173; x_wconf 87' lang='lat' dir='ltr'>legato,</span> <span class='ocrx_word' id='word_1_317' title='bbox 978 3109 1100 3157; x_wconf 92' lang='lat' dir='ltr'>duce</span> <span class='ocrx_word' id='word_1_318' title='bbox 1130 3112 1176 3157; x_wconf 91' lang='lat' dir='ltr'>et</span> <span class='ocrx_word' id='word_1_319' title='bbox 1200 3108 1393 3156; x_wconf 86' lang='lat' dir='ltr'>ducissa</span> <span class='ocrx_word' id='word_1_320' title='bbox 1421 3108 1469 3155; x_wconf 87' lang='lat' dir='ltr'>in</span> <span class='ocrx_word' id='word_1_321' title='bbox 1499 3108 1620 3156; x_wconf 89' lang='lat' dir='ltr'>solio</span> <span class='ocrx_word' id='word_1_322' title='bbox 1644 3107 1938 3160; x_wconf 87' lang='lat' dir='ltr'>sedentibus,</span> 
     </span>
     <span class='ocr_line' id='line_1_35' title="bbox 163 3189 1209 3242; baseline 0.007 -7"><span class='ocrx_word' id='word_1_323' title='bbox 163 3189 433 3237; x_wconf 88' lang='lat' dir='ltr'>oratoribus</span> <span class='ocrx_word' id='word_1_324' title='bbox 456 3195 503 3239; x_wconf 92' lang='lat' dir='ltr'>et</span> <span class='ocrx_word' id='word_1_325' title='bbox 524 3193 747 3240; x_wconf 86' lang='lat' dir='ltr'>omnibus</span> <span class='ocrx_word' id='word_1_326' title='bbox 769 3194 1209 3242; x_wconf 86' lang='lat' dir='ltr'>circumstantibus.</span> 
     </span>
    </p>

    <p class='ocr_par' dir='ltr' id='par_1_5' title="bbox 162 3273 1941 3507">
     <span class='ocr_line' id='line_1_36' title="bbox 230 3273 1936 3341; baseline 0.001 -21"><span class='ocrx_word' id='word_1_327' title='bbox 230 3273 385 3322; x_wconf 89' lang='lat' dir='ltr'>Finita</span> <span class='ocrx_word' id='word_1_328' title='bbox 423 3275 639 3324; x_wconf 83' lang='lat' dir='ltr'>oratione</span> <span class='ocrx_word' id='word_1_329' title='bbox 678 3277 843 3341; x_wconf 89' lang='lat' dir='ltr'>legati,</span> <span class='ocrx_word' id='word_1_330' title='bbox 885 3293 987 3337; x_wconf 88' lang='lat' dir='ltr'>rex,</span> <span class='ocrx_word' id='word_1_331' title='bbox 1030 3278 1269 3326; x_wconf 89' lang='lat' dir='ltr'>advocatis</span> <span class='ocrx_word' id='word_1_332' title='bbox 1309 3277 1367 3324; x_wconf 89' lang='lat' dir='ltr'>ad</span> <span class='ocrx_word' id='word_1_333' title='bbox 1405 3292 1457 3323; x_wconf 88' lang='lat' dir='ltr'>se</span> <span class='ocrx_word' id='word_1_334' title='bbox 1494 3276 1781 3324; x_wconf 89' lang='lat' dir='ltr'>consiliariis</span> <span class='ocrx_word' id='word_1_335' title='bbox 1823 3275 1936 3331; x_wconf 91' lang='lat' dir='ltr'>suis,</span> 
     </span>
     <span class='ocr_line' id='line_1_37' title="bbox 162 3347 1941 3425; baseline -0.001 -20"><span class='ocrx_word' id='word_1_336' title='bbox 162 3358 319 3421; x_wconf 92' lang='lat' dir='ltr'>ipsum</span> <span class='ocrx_word' id='word_1_337' title='bbox 355 3357 799 3422; x_wconf 82' lang='lat' dir='ltr'>circumstantibus,</span> <span class='ocrx_word' id='word_1_338' title='bbox 839 3361 1049 3409; x_wconf 91' lang='lat' dir='ltr'>decrevit</span> <span class='ocrx_word' id='word_1_339' title='bbox 1081 3375 1364 3425; x_wconf 90' lang='lat' dir='ltr'>responsum</span> <span class='ocrx_word' id='word_1_340' title='bbox 1401 3347 1528 3422; x_wconf 79' lang='lat' dir='ltr'>quod</span> <span class='ocrx_word' id='word_1_341' title='bbox 1566 3359 1694 3407; x_wconf 85' lang='lat' dir='ltr'>dedit</span> <span class='ocrx_word' id='word_1_342' title='bbox 1725 3361 1782 3407; x_wconf 91' lang='lat' dir='ltr'>D.</span> <span class='ocrx_word' id='word_1_343' title='bbox 1816 3361 1941 3405; x_wconf 87' lang='lat' dir='ltr'>Mar-</span> 
     </span>
     <span class='ocr_line' id='line_1_38' title="bbox 162 3440 1938 3507; baseline -0.002 -20"><span class='ocrx_word' id='word_1_344' title='bbox 162 3440 373 3504; x_wconf 82' lang='lat' dir='ltr'>quardus</span> <span class='ocrx_word' id='word_1_345' title='bbox 403 3440 568 3499; x_wconf 89' lang='lat' dir='ltr'>latine,</span> <span class='ocrx_word' id='word_1_346' title='bbox 601 3441 724 3490; x_wconf 91' lang='lat' dir='ltr'>bene</span> <span class='ocrx_word' id='word_1_347' title='bbox 755 3443 1078 3507; x_wconf 91' lang='lat' dir='ltr'>compositum</span> <span class='ocrx_word' id='word_1_348' title='bbox 1109 3449 1157 3491; x_wconf 87' lang='lat' dir='ltr'>et</span> <span class='ocrx_word' id='word_1_349' title='bbox 1186 3447 1380 3499; x_wconf 76' lang='lat' dir='ltr'>ornate3</span> <span class='ocrx_word' id='word_1_350' title='bbox 1412 3457 1507 3505; x_wconf 92' lang='lat' dir='ltr'>quo</span> <span class='ocrx_word' id='word_1_351' title='bbox 1538 3442 1668 3500; x_wconf 89' lang='lat' dir='ltr'>dat0,</span> <span class='ocrx_word' id='word_1_352' title='bbox 1701 3441 1938 3487; x_wconf 66' lang='lat' dir='ltr'>intrarunt,</span> 
     </span>
    </p>
   </div>
  </div>
 </body>
</html>
