2202 3926
290 345 358 382 103
897 347 1128 384 JOHANNIS
1163 348 1456 393 BURCHARDI,
1847 349 1955 388 [Avril
1980 349 2070 388 ¹494]

297 451 502 498 accessit
539 450 599 499 ad
636 450 801 499 sedem
838 451 1028 499 bassam
1069 452 1118 498 in
1154 452 1375 515 opposito
1415 452 1578 498 altaris
1619 450 1825 512 positam
1868 465 1877 496 :
1917 450 2073 512 posita

292 534 437 582 etiam
462 534 549 582 suit
577 538 686 582 ante
714 535 872 598 ipsum
901 535 1088 582 concha
1114 550 1289 597 magna
1317 539 1363 582 et
1391 549 1514 596 aqua
1542 533 1743 596 repleta,
1779 548 1921 596 quam
1947 535 2074 595 Papa

290 618 535 666 benedixit
570 634 677 666 cum
713 619 809 666 sale
843 621 985 680 prout
1011 618 1059 664 in
1082 617 1283 674 missali,
1308 617 1480 664 deinde
1513 615 1735 663 eamdem
1756 631 1931 679 aquam
1964 631 2072 664 cum

291 701 507 748 balsamo
530 706 577 748 et
598 701 858 749 chrismate
885 701 1183 747 consecravit
1203 703 1343 762 prout
1368 699 1414 745 in
1439 699 1767 756 ceremoniali,
1792 699 2072 747 tum‘bene—

292 784 408 832 dixit
440 799 590 846 agnos
621 784 670 831 in
700 788 884 847 septem
918 784 1074 846 capsis
1103 798 1267 830 coram
1296 797 1354 830 eo
1382 781 1569 846 positis,
1594 797 1795 845 quarum
1817 798 1913 829 una
1931 782 2074 845 plena

292 882 388 915 non
409 871 528 925 erat,
555 867 603 913 in
631 882 725 929 qua
745 871 882 914 erant
903 867 1013 930 agni
1035 882 1122 929 pro
1142 865 1341 913 diversis
1363 866 1582 929 personis
1610 865 1670 912 ad
1691 865 2071 913 consecrandum

293 950 530 1014 apportati
578 965 696 1012 quos
737 954 901 997 tamen
938 952 1067 1013 Papa
1101 955 1356 1013 postquam
1397 950 1503 998 illos
1542 949 1841 998 consecravit
1877 949 2073 997 retineri

290 1032 534 1081 mandavit
565 1037 612 1080 et
633 1032 814 1080 nemini
839 1032 931 1080 nisi
954 1048 1182 1095 expressa
1211 1033 1314 1097 ejus
1343 1033 1539 1082 licentia
1566 1033 1753 1081 restitui
1784 1032 1856 1080 vel
1887 1032 2071 1081 donari.

290 1116 526 1180 Imposito
568 1116 741 1164 deinde
781 1116 999 1171 incenso,
1049 1116 1352 1164 ministrante
1397 1115 1625 1164 cardinali
1664 1115 1842 1163 Montis
1885 1114 2076 1178 Regalis

292 1200 579 1257 naviculam,
611 1199 876 1247 incensavit
904 1199 1060 1262 primo
1086 1215 1278 1262 aquam,
1304 1199 1477 1247 deinde
1501 1213 1651 1262 agnos
1676 1199 1722 1246 in
1746 1198 1899 1246 tribus
1920 1198 2077 1261 capsis

292 1298 410 1344 quos
433 1283 704 1332 successive
726 1298 814 1345 per
842 1282 1163 1330 cubicularios
1192 1283 1236 1329 in
1261 1282 1493 1330 bacilibus
1523 1286 1799 1345 apportatos
1821 1282 1868 1328 in
1891 1281 2079 1329 concha

291 1366 528 1413 immersit
551 1370 599 1414 et
621 1381 730 1413 cum
752 1365 995 1413 cochleari
1017 1365 1223 1428 propriis
1246 1365 1468 1413 manibus
1494 1365 1698 1413 extraxit
1719 1381 1871 1428 usque
1898 1364 1959 1414 ad
1980 1369 2076 1414 ter-

291 1450 406 1496 tiam
448 1464 643 1512 capsam
687 1449 762 1497 vel
802 1450 947 1507 circa,
997 1448 1170 1497 deinde
1212 1449 1454 1497 commisit
1497 1448 1801 1496 residuorum
1844 1464 2077 1512 agnorum

291 1532 653 1580 immersionem
689 1533 1012 1580 cardinalibus
1044 1533 1220 1580 Montis
1258 1533 1448 1596 Regalis
1486 1536 1530 1579 et
1563 1533 1991 1595 Alexandrini—qui
2028 1533 2073 1580 in

292 1617 419 1678 Pape
461 1615 705 1678 presentia
753 1621 1061 1679 peragerunt.
1113 1619 1310 1664 Paratus
1355 1621 1516 1664 autem
1558 1621 1658 1664 erat
1695 1632 1819 1663 unus
1866 1616 2076 1680 scyphus

294 1714 498 1762 magnus
534 1699 814 1747 linteamine
855 1704 1111 1763 coopertus
1149 1700 1198 1746 in
1238 1716 1331 1762 quo
1372 1705 1419 1748 et
1459 1699 1552 1746 duo
1592 1715 1768 1763 magna
1804 1700 2078 1769 cochlearia

291 1781 454 1844 lignea
479 1781 724 1844 perforata
756 1782 927 1845 quibus
958 1782 1068 1846 agni
1097 1798 1154 1830 ex
1183 1783 1370 1830 concha
1398 1783 1672 1846 supradicta
1700 1783 2072 1846 reponebantur.

294 1865 455 1912 Parari
479 1865 623 1912 etiam
646 1865 739 1913 feci
767 1882 912 1913 unam
934 1865 1161 1913 tobaliam
1183 1882 1409 1929 magnam
1432 1867 1569 1929 juxta
1598 1882 1789 1913 murum
1813 1867 1938 1914 inter
1959 1866 2076 1915 duas

297 1947 534 1995 fenestras
557 1952 667 1995 ante
686 1948 928 2011 predictos
951 1955 998 1996 et
1015 1948 1374 1996 linteaminibus
1397 1950 1634 2013 cooperiri
1655 1965 1742 2013 pro
1764 1949 1900 2012 agnis
1922 1949 2078 1996 omni-

297 2031 386 2079 bus
416 2032 624 2094 desuper
651 2032 888 2095 ponendis
913 2031 973 2079 ad
996 2031 1350 2079 resiccandum.
1385 2032 1541 2080 Parati
1570 2033 1763 2080 fuerunt
1787 2031 1967 2080 ibidem
1993 2048 2080 2096 per

294 2115 545 2163 sacristam
576 2115 671 2162 duo
702 2115 910 2162 canestri
939 2115 1071 2177 longi
1103 2115 1290 2178 magnis
1322 2115 1684 2162 linteaminibus
1717 2116 1932 2179 cooperti
1967 2131 2076 2163 cum

293 2198 466 2261 quibus
507 2198 618 2260 agni
661 2198 720 2245 de
755 2198 936 2261 scypho
974 2198 1034 2244 ad
1069 2213 1288 2245 mensam
1334 2198 1658 2260 supradictam
1695 2199 2071 2260 reponebantur.

293 2280 442 2343 Agnis
477 2279 701 2327 omnibus
733 2280 975 2328 immersis
1010 2285 1057 2328 et
1092 2295 1236 2343 supra
1268 2295 1486 2327 mensam
1519 2280 1799 2344 hujusmodi
1829 2282 2072 2345 repositis,

295 2365 378 2411 SS.
405 2366 461 2410 D.
488 2367 655 2410 noster
679 2367 809 2411 stans
833 2363 1022 2411 detecto
1053 2364 1206 2427 capite
1227 2379 1394 2412 versus
1416 2364 1478 2411 ad
1498 2364 1624 2422 illos,
1655 2365 1772 2413 dixit
1793 2365 2036 2412 orationes
2063 2381 2072 2412 :

299 2445 338 2492 O
369 2446 489 2493 alme
518 2446 710 2508 spiritus
742 2449 789 2493 et
818 2446 1023 2493 Domine
1054 2446 1170 2494 Jesu
1205 2447 1407 2506 Christe,
1441 2452 1541 2494 tum
1573 2447 1695 2494 sedit
1727 2452 1774 2495 et
1805 2450 1862 2494 D.
1895 2447 2077 2494 Pisauri

293 2544 467 2591 aquam
501 2529 800 2577 ministrante
835 2533 882 2576 et
914 2529 1143 2577 cardinali
1178 2531 1353 2578 Montis
1387 2531 1579 2594 Regalis
1610 2531 1767 2595 ipsum
1799 2531 2073 2595 adjuvante,

293 2616 423 2675 Papa
440 2628 611 2659 manus
628 2612 757 2669 lavit,
778 2612 951 2674 quibus
969 2613 1098 2671 lotis,
1121 2613 1342 2676 deposito
1362 2614 1599 2677 gremiali,
1621 2614 1703 2662 ivit
1722 2614 1782 2662 ad
1802 2613 2073 2678 prandium.

355 2695 495 2743 Feria
527 2699 676 2753 sexta,
702 2699 729 2742 4
752 2696 865 2743 dicti
889 2697 1071 2759 mensis
1103 2697 1285 2760 aprilis,
1307 2697 1356 2744 in
1379 2697 1599 2745 sacristia
1620 2697 1902 2745 monasterii
1925 2696 2079 2744 sancti

296 2779 431 2826 Pauli
460 2785 596 2826 extra
628 2795 792 2827 muros
815 2780 974 2838 Urbis,
1006 2783 1060 2827 R.
1087 2780 1135 2827 in
1154 2781 1341 2828 Christo
1365 2783 1416 2828 Ρ.
1450 2784 1506 2828 D.
1533 2780 1924 2843 Christophorus,
1954 2780 2078 2844 epis-

300 2877 448 2924 copus
471 2861 823 2922 Glandatensis,
855 2863 913 2910 de
937 2863 1165 2911 mandato
1194 2865 1277 2911 SS.
1310 2866 1367 2911 D.
1398 2865 1454 2910 N.
1489 2880 1631 2927 pape,
1662 2868 1714 2912 ut
1740 2863 1963 2921 asseruit,
1987 2863 2076 2911 sihi

299 2945 442 3003 sacto,
466 2948 670 2998 ‚Rmum.
709 2948 765 2994 D.
803 2946 1130 2994 Alexandrum
1163 2950 1440 2994 sanctorum
1474 2947 1634 2995 Cosmi
1665 2951 1712 2994 et
1746 2946 1979 3004 Damiani,
2017 2945 2075 2994 de

301 3028 527 3075 Farnesio
568 3036 916 3092 nuncupatum,
960 3029 1216 3077 diaconum
1256 3029 1550 3077 cardinalem
1583 3030 1789 3093 primam
1827 3034 2074 3076 tonsuram

301 3114 483 3156 tantum
519 3111 797 3170 habentem,
835 3112 896 3158 ad
926 3115 1130 3174 quatuor
1163 3112 1370 3174 majores
1403 3116 1510 3175 post
1541 3112 1699 3175 Kyrie
1731 3112 1900 3159 eleison
1935 3116 1982 3160 et
2017 3112 2077 3160 ad

301 3191 703 3240 subdiaconatum
725 3198 831 3257 post
853 3194 1140 3254 orationem,
1167 3200 1211 3242 et
1233 3194 1540 3243 diaconatum
1562 3200 1673 3244 ante
1693 3195 1924 3254 Alleluia,
1949 3195 2076 3243 ordi—

300 3275 428 3323 navit
460 3275 509 3322 in
549 3275 706 3323 forma
744 3277 960 3325 Ecclesie
994 3280 1242 3335 consueta,
1278 3278 1583 3327 consessione
1617 3280 1747 3343 prius
1781 3295 1868 3343 per
1899 3280 2073 3343 ipsum,

296 3358 423 3406 inter
462 3358 733 3406 cardinales
772 3360 988 3408 medium
1028 3365 1253 3419 stantem,
1296 3361 1451 3420 facta3
1486 3363 1782 3426 pretermisit
1810 3363 2071 3418 orationes,

295 3441 641 3491 instructiones
664 3446 712 3492 et
732 3443 1079 3504 ordinationes,
1107 3430 1154 3493 et
1178 3444 1270 3492 alia
1297 3444 1409 3494 fecit
1431 3462 1565 3495 more
1595 3446 1753 3495 solito.
1777 3446 1857 3494 Ad.
1877 3445 2074 3494 offerto·-
