2248 3906
168 299 274 340 [Aout
295 300 386 338 1497]
610 298 777 335 RERUM
812 298 1115 336 URBANARUM
1147 298 1496 337 COMMENTARH.
1876 304 1947 340 397

170 401 496 459 cubiculariiS,
517 400 802 450 caudatariis
824 416 1025 450 numero
1044 417 1144 460 ccc,
1170 401 1323 449 facule
1351 401 1511 450 medie
1531 401 1651 451 libre
1671 418 1757 466 pro
1780 419 1944 453 came-

170 484 347 533 ralibus
369 488 415 533 et
432 484 790 548 parafrenariis,
812 501 1017 534 numero
1039 501 1122 534 000
1142 501 1151 543 ;
1174 485 1329 534 facule
1355 490 1561 549 quatuor
1585 485 1838 535 unciarum
1858 504 1945 551 pro

170 574 328 617 castro
347 569 527 617 doloris
548 573 596 616 et
617 567 720 615 aliis
743 583 945 616 numero
966 584 1025 628 Μ;
1051 568 1251 617 candele
1272 570 1331 618 de
1351 586 1410 616 xx
1431 585 1518 633 pro
1538 569 1660 618 libra
1676 586 1764 634 pro
1786 571 1947 619 missis

170 651 322 701 bassis
343 651 464 699 libre
483 667 592 698 xxx.

235 735 515 784 Ordinatum
543 733 629 782 fuit
656 733 785 796 quod
811 734 1089 783 dicerentur
1115 739 1309 783 centum
1331 735 1478 784 misse
1500 735 1641 786 basse
1667 741 1714 785 et
1735 736 1947 801 deputati

170 820 251 883 qui
283 818 584 867 celebrantes
618 822 905 865 annotarent
938 822 985 865 et
1021 819 1219 882 singulis
1253 835 1401 866 unum
1437 819 1717 868 carolenum
1749 820 1946 878 darent;

170 902 334 950 nescio
356 907 517 950 tamen
550 900 665 964 quid
691 900 818 949 circa
844 900 938 948 boc
966 902 1142 949 factum
1166 906 1256 950 est.
1283 903 1350 948 Ex
1380 902 1565 965 capella
1591 907 1757 951 nostra
1776 902 1951 966 portati

170 986 360 1034 suerunt
388 984 495 1033 libri
529 989 575 1032 et
609 982 911 1041 candelabra,
940 982 1235 1031 thuribulum
1257 988 1305 1032 et
1327 984 1576 1043 navicella,
1599 1000 1680 1032 vas
1710 1000 1798 1048 pro
1827 1001 1952 1048 aqua

171 1074 337 1118 sancta
364 1073 411 1117 et
442 1068 639 1132 pallium
668 1066 828 1114 altaris
866 1071 914 1115 et
946 1072 1230 1130 paramenta
1259 1068 1550 1116 necessaria.
1577 1067 1949 1117 Pretermissum

170 1158 331 1201 autem
364 1151 452 1199 suit
484 1149 820 1210 faldistorium,
855 1150 1148 1213 negligentia
1185 1151 1370 1199 abbatis
1401 1152 1474 1200 vel
1507 1168 1731 1209 suorum,
1762 1152 1821 1200 de
1856 1169 1951 1216 quo

168 1251 397 1299 magnum
419 1233 699 1283 scandalum
726 1232 917 1292 accidit,
943 1233 1056 1296 quia
1076 1236 1317 1298 opportuit
1345 1234 1674 1283 celebrantem
1703 1235 1873 1285 sedere
1903 1236 1952 1283 in

170 1319 284 1368 sede
310 1318 536 1367 camerali
559 1317 635 1365 cui
658 1320 823 1364 Rmus.
853 1320 910 1365 D.
936 1319 1231 1367 camerarius
1254 1320 1495 1369 concessit
1522 1327 1806 1384 paramenta
1827 1321 1952 1369 reci-

168 1419 282 1467 pere
309 1417 560 1466 quousque
590 1400 684 1448 alia
713 1416 771 1449 ex
800 1400 927 1448 Urbe
957 1401 1177 1449 venirent
1206 1417 1299 1465 que
1333 1403 1529 1452 tandem
1559 1409 1791 1452 venerunt
1825 1404 1954 1452 circa

170 1486 471 1551 evangelium
491 1502 500 1533 :
527 1499 660 1533 arma
679 1483 725 1531 in
749 1483 853 1532 telis
872 1484 1001 1548 picta
1020 1485 1230 1543 fuerunt,
1256 1502 1352 1534 una
1369 1486 1509 1535 alteri
1525 1487 1722 1551 omnino
1745 1492 1792 1537 et
1813 1488 1953 1535 nimis

170 1570 397 1634 contigua
430 1584 577 1633 super
609 1567 858 1618 columnas
893 1568 1035 1616 castri
1070 1568 1248 1617 doloris
1283 1574 1331 1618 et
1363 1570 1683 1619 circumcirca
1715 1571 1953 1635 pulpitum

172 1653 375 1702 oratoris
401 1669 460 1702 ex
485 1652 581 1702 tela
611 1651 842 1715 sangalla.
868 1654 1024 1716 Super
1047 1652 1193 1701 altare
1222 1654 1318 1702 sive
1351 1654 1455 1718 ejus
1480 1654 1664 1702 ciborio
1691 1655 1822 1703 nulla
1849 1655 1955 1703 fue-

172 1742 299 1795 runt,
322 1736 433 1800 quia
463 1741 536 1785 est
557 1752 585 1784 a
604 1735 858 1799 posteriori
881 1740 1014 1798 parte
1037 1735 1199 1783 altaris
1221 1740 1427 1795 tantum,
1452 1752 1550 1785 non
1577 1736 1802 1802 desuper,
1828 1738 1953 1786 sicut

171 1820 221 1868 in
248 1820 455 1868 ecclesia
487 1819 639 1868 sancti
665 1819 812 1866 Marci
846 1823 893 1867 et
924 1818 1141 1881 pluribus
1169 1819 1292 1879 aliis,
1321 1810 1582 1884 propterea
1615 1837 1713 1870 non
1745 1820 1956 1885 oportuit

173 1903 237 1951 ibi
271 1919 405 1952 arma
433 1918 694 1968 apponere.
729 1902 958 1966 Magister
996 1902 1110 1950 fecit
1141 1907 1335 1966 pactum
1369 1903 1429 1952 de
1463 1909 1622 1953 castro
1657 1904 1835 1953 doloris
1867 1920 1954 1969 pro

174 1987 374 2050 singulis
412 2002 497 2034 vin
538 1986 683 2034 armis
727 1985 954 2034 ducatum
992 2001 1160 2046 unum,
1199 1986 1419 2036 similiter
1457 1988 1516 2036 de
1554 1988 1698 2037 cartis
1735 1989 1956 2037 fecerunt

173 2086 308 2118 arma
327 2069 519 2118 circiter
539 2085 664 2117 cxxv
684 2085 778 2133 que
799 2085 888 2133 per
907 2070 1164 2118 ecclesiam
1186 2070 1422 2118 columnis
1442 2075 1488 2120 et
1508 2072 1771 2136 parietibus
1793 2073 1956 2121 affixe-

174 2156 302 2211 runt,
326 2157 373 2200 et
392 2151 584 2201 fuerunt
607 2153 865 2216 superflua.
893 2154 1013 2201 Cera
1030 2153 1175 2201 etiam
1203 2147 1379 2202 nullius
1407 2155 1686 2218 quantitatis
1714 2156 1810 2205 sive
1832 2172 1955 2221 pon-

173 2234 300 2284 deris
322 2236 409 2284 fuit
437 2236 486 2284 in
518 2240 669 2285 totum
700 2235 995 2299 dispensata,
1017 2234 1103 2282 sed
1133 2235 1191 2283 de
1214 2235 1426 2298 quolibet
1453 2253 1657 2286 numero
1686 2238 1967 2304 superfluit,-

174 2319 378 2384 demptis
400 2319 653 2368 intorticiis
672 2323 879 2382 quatuor
897 2318 1148 2378 librarum,
1173 2334 1266 2382 que
1294 2319 1456 2368 omnia
1480 2321 1692 2380 fuerunt,
1718 2326 1769 2371 ut
1791 2339 1952 2386 supra,

173 2387 465 2468 dispensata.
491 2403 808 2452 Parafrenarii
839 2402 1095 2450 cardinalis
1117 2402 1331 2451 defuncti
1359 2403 1634 2453 habuerunt
1661 2405 1882 2454 cussinos
1909 2410 1958 2454 et

175 2487 365 2535 flabella
395 2487 454 2535 de
495 2486 760 2545 taffettano,
793 2486 878 2533 sub
909 2490 1067 2534 castro
1102 2502 1358 2535 sacconem
1392 2503 1491 2536 non
1522 2488 1813 2549 habuerunt,
1845 2489 1959 2553 quia

176 2574 441 2618 conventus
456 2569 590 2617 illum
605 2561 920 2634 prestaverat.
1428 2558 1433 2563 ’

243 2652 357 2703 Feci
401 2658 564 2702 autem
604 2653 712 2702 heri
751 2652 962 2700 intimari
997 2668 1084 2717 per
1123 2667 1344 2701 cuusores
1382 2654 1466 2701 SS.
1517 2654 1573 2701 D.
1615 2655 1672 2701 N.
1712 2670 1861 2718 pape,
1898 2653 1957 2704 de

176 2738 403 2787 mandato
441 2737 567 2785 Rmi.
599 2740 656 2785 D.
689 2736 945 2785 cardinalis
979 2736 1378 2795 vicecancellarii,
1409 2737 1702 2797 executoris,
1733 2737 1958 2786 omnibus

177 2821 369 2870 RRmis.
396 2823 497 2869 DD.
522 2820 845 2870 cardinalibus
872 2836 959 2886 per
985 2820 1267 2870 schedulam
1292 2837 1437 2885 quam
1468 2821 1652 2871 eisdem
1680 2822 1958 2871 cursoribus

179 2906 275 2955 sive
297 2920 467 2955 eorum
488 2905 720 2969 magistro
744 2903 872 2965 dedi,
896 2904 1178 2970 hujusmodi
1197 2904 1378 2953 tenoris
1398 2921 1408 2952 ε

248 3009 271 3032 «
309 2991 378 3036 Ex
403 2993 538 3054 parte
567 2988 690 3037 Rmi.
723 2991 784 3038 D.
808 2988 1065 3037 cardinalis
1088 2987 1281 3037 Ascanii
1307 2988 1704 3050 vicecancellarii,
1730 2995 1959 3039 executo-

182 3068 263 3129 ris,
288 3070 536 3119 intimetur
557 3071 750 3121 RRmis.
777 3075 876 3121 DD.
902 3071 1223 3121 cardinalibus
1243 3077 1290 3121 et
1311 3072 1505 3125 familiis
1528 3075 1612 3123 SS.
1639 3078 1696 3123 D.
1721 3078 1777 3124 N.
1802 3091 1924 3139 pape
1945 3094 1954 3133 3

182 3152 280 3200 sive
307 3167 476 3201 eorum
503 3155 734 3219 magistro
761 3155 952 3216 (100105,
984 3155 1250 3204 oratoribus
1277 3156 1551 3221 principum
1585 3163 1632 3206 et
1663 3158 1958 3207 auditoribus

182 3240 288 3283 rote
306 3235 435 3298 quod
456 3238 663 3286 crastina
685 3238 782 3298 die,
806 3255 900 3303 que
922 3239 1012 3287 erit
1036 3242 1097 3286 24
1118 3238 1358 3302 presentis
1388 3238 1569 3286 mensis
1600 3239 1807 3302 augusti,
1832 3240 1961 3287 circa

184 3317 423 3367 decimam
443 3319 629 3382 horam,
650 3321 766 3370 fient
779 3322 1124 3390 exequie-bone
1145 3321 1380 3370 memorie
1402 3320 1658 3369 cardinalis
1677 3321 1738 3372 de
1756 3325 1956 3380 Lunate‚

186 3402 235 3450 in
265 3402 472 3452 ecclesia
498 3403 637 3453 beate
663 3405 812 3454 Marie
839 3404 900 3454 de
924 3403 1107 3469 Populo
1132 3419 1144 3454 :
1173 3408 1339 3453 RmuS.
1365 3406 1422 3452 D.
1447 3401 1702 3453 cardinalis
1731 3422 1769 3454 5,
1795 3406 1960 3454 Crucis
