2222 3926
374 380 445 415 310
994 378 1012 413 J
1018 377 1180 415 OHANN
1184 377 1227 415 IS
1261 376 1557 421 BURCHARDI,
1924 379 2031 420 [Aout
2052 382 2146 422 1496]

373 480 463 531 fuit
483 481 786 531 incensatum
814 484 923 529 ante
944 479 1190 527 introitum
1215 494 1224 523 :
1249 480 1518 538 incensum,
1544 493 1630 527 suo
1652 482 1889 542 tempore,
1914 478 2143 543 imposuit

371 565 576 629 legatus,
599 565 825 628 episcopo
847 561 1172 624 Fulginatensi
1190 561 1456 609 naviculam
1471 561 1792 621 ministrante,
1811 562 1890 626 qui
1909 566 1955 611 et
1967 563 2142 612 librum

374 648 730 712 evangeliorum
762 649 870 710 post
903 643 1200 707 evangelium
1228 643 1316 692 sibi
1337 644 1550 708 porrexit
1582 648 1630 693 et
1654 661 1825 709 pacem
1854 646 1942 694 sibi
1976 647 2143 695 minis-

372 731 528 780 travit.
556 731 753 778 Missam
781 726 1040 776 celebravit
1068 727 1146 774 ille
1180 727 1438 775 canonicus
1466 727 1545 791 qui
1571 728 1678 777 heri
1707 729 2030 793 indulgentias
2055 747 2143 796 po-

371 814 484 877 pulo
500 813 754 878 publicavit
770 830 780 871 3
799 827 894 875 qua
906 810 1058 869 finita,
1072 810 1262 874 legatus
1283 811 1414 859 dedit
1434 811 1821 861 benedictionem
1841 817 1889 861 et
1906 815 2144 863 concessit

372 895 694 960 indulgentias
723 895 864 944 trium
886 909 1124 943 annorum
1146 898 1193 942 et
1212 895 1412 944 totidem
1434 895 1850 959 quadragenarum
1875 912 1994 959 quas
2015 896 2142 945 idem

372 979 621 1028 celebrans
639 977 911 1042 publicavit.
935 978 1041 1026 Alia
1062 978 1312 1027 observata
1332 983 1440 1026 sunt
1464 993 1599 1027 more
1618 978 1775 1027 solito.

435 1061 699 1112 Videbatur
725 1061 879 1124 magis
910 1061 1147 1125 placuisse
1178 1059 1338 1125 legato
1366 1062 1497 1126 quod
1527 1062 1781 1126 episcopus
1815 1062 2139 1123 PlacentinuS‚

370 1146 466 1196 loci
488 1146 775 1206 ordinarius,
801 1144 1010 1193 stetisset
1035 1146 1173 1209 juxta
1203 1161 1312 1194 eum
1341 1161 1449 1193 cum
1476 1146 1581 1195 aliis
1605 1146 1801 1209 prelatis
1823 1146 1872 1193 in
1903 1146 2017 1194 sede
2038 1162 2146 1211 pre-

372 1231 498 1280 dicta
522 1247 532 1279 :
559 1246 649 1294 ego
671 1234 834 1279 autem
858 1229 954 1277 dixi
983 1228 1149 1278 sedem
1172 1229 1439 1293 predictam
1469 1230 1573 1293 ipso
1605 1229 1833 1294 episcopo
1862 1230 2006 1294 longe
2028 1245 2144 1278 con-

372 1313 642 1363 venientius
669 1312 880 1361 debitam
905 1311 984 1375 qui
1007 1311 1205 1360 deberet
1230 1312 1277 1359 in
1301 1328 1386 1360 sua
1403 1312 1609 1361 ecclesia
1628 1313 1857 1362 honorari
1875 1313 1980 1377 plus
2002 1330 2144 1378 quam

370 1398 584 1462 prelatus
605 1396 828 1456 forensis,
854 1394 983 1459 quod
1001 1395 1186 1459 legatus
1209 1395 1370 1444 facere
1387 1396 1624 1460 promisit.

435 1481 576 1529 Feria
597 1480 824 1538 secunda,
852 1482 910 1526 22
933 1478 1139 1542 augusti,
1162 1481 1328 1527 Rmus,
1352 1481 1407 1527 D.
1425 1479 1613 1543 legatus
1635 1480 1836 1528 recessit
1853 1481 1981 1529 bono
2002 1497 2143 1531 mane

370 1566 429 1613 de
451 1564 712 1623 Placentia,
739 1568 785 1611 et
806 1562 1007 1626 prandio
1031 1562 1080 1609 in
1103 1562 1255 1610 Casali
1277 1562 1421 1621 fact0‚
1443 1563 1571 1612 venit
1590 1564 1805 1612 Laudum
1835 1563 1916 1612 ubi
1943 1564 2031 1613 fuit
2056 1566 2144 1613 sub

369 1652 510 1712 porta
542 1646 762 1705 civitatis,
799 1660 891 1708 que
922 1649 995 1692 est
1032 1644 1257 1702 secunda,
1291 1646 1715 1709 processionaliter
1746 1651 1967 1711 receptus
1992 1664 2002 1696 ε
2033 1663 2144 1696 nam

370 1731 502 1795 prior
520 1734 660 1793 porta
681 1733 754 1776 est
778 1726 924 1790 Burgi
946 1727 1005 1773 ad
1029 1742 1173 1790 quam
1201 1727 1356 1775 aditus
1383 1733 1483 1776 erat
1508 1729 1729 1777 lutuosus
1747 1729 1912 1789 nimis;
1937 1745 2145 1779 consue-

369 1818 536 1862 verant
562 1811 706 1875 legati
735 1811 784 1857 in
811 1810 890 1857 illa
920 1810 1133 1857 secunda
1155 1814 1296 1873 porta
1323 1811 1488 1874 recipi.
1522 1812 1867 1860 Baldachinum
1893 1815 2145 1876 portarunt

370 1898 612 1955 doctores,
645 1899 689 1943 et
718 1895 952 1959 capellani
983 1898 1266 1943 recusantes
1295 1894 1636 1943 baldachinum
1662 1898 1872 1959 portare,
1897 1910 1957 1942 ne
1987 1895 2143 1958 ipsum

369 1979 628 2043 perderent
653 1995 662 2026 :
689 1978 776 2026 sed
793 1978 1153 2027 commissarius
1178 1978 1311 2026 ducis
1326 1978 1583 2026 Mediolani
1607 1978 1671 2026 ibi
1694 1978 1904 2027 existens
1925 1978 2144 2042 promisit

371 2062 578 2126 capitulo
604 2062 945 2110 baldachinum
969 2062 1221 2111 restituere
1249 2062 1456 2121 illesum,
1477 2065 1522 2109 et
1542 2061 1701 2124 ipsum
1723 2077 1781 2110 ex
1806 2061 2143 2125 parafrenariis

369 2145 514 2209 legati
531 2145 686 2209 pretio
703 2145 960 2194 redimere.
974 2148 1010 2193 R
1021 2183 1030 2192 .
1043 2146 1093 2192 in
1106 2146 1294 2193 Christo
1308 2148 1360 2193 P.
1378 2148 1434 2193 D.
1449 2145 1619 2204 Julius,
1636 2145 1891 2209 episcopus
1908 2145 2146 2194 Stilonen-

372 2229 435 2276 sis
458 2229 659 2277 vicarius
689 2228 734 2275 in
762 2228 1131 2292 pontificialibus
1154 2228 1367 2292 episcopi
1394 2228 1698 2276 Novariensis
1728 2228 1788 2275 ad
1811 2228 2141 2291 recipiendum

370 2312 600 2375 legatum,
632 2312 693 2359 ob
715 2310 942 2374 episcopo
968 2311 1207 2359 Laudensi
1224 2311 1442 2370 absente,
1463 2310 1542 2358 hic
1563 2314 1777 2373 rogatus,
1797 2310 1908 2358 fecit
1926 2310 2141 2358 officium

372 2399 468 2443 tam
491 2396 578 2442 sub
596 2398 734 2459 porta
755 2409 898 2458 quam
919 2394 968 2441 in
990 2393 1213 2443 ecclesia.
1240 2396 1446 2456 Legatus
1468 2393 1584 2441 dixit
1605 2393 1872 2441 orationem
1893 2394 1951 2442 de
1971 2409 2009 2441 s.
2032 2395 2144 2441 Bas-

373 2478 504 2526 tiano
520 2478 815 2538 confessore,
833 2478 1078 2542 episcopo,
1093 2481 1296 2541 patrono
1313 2476 1519 2525 ecclesie
1537 2493 1546 2524 :
1565 2476 1805 2525 concessit
1820 2475 2141 2540 indulgentias

372 2561 575 2610 duorum
600 2576 819 2609 amorum
841 2566 888 2609 et
908 2561 1109 2610 totidem
1134 2561 1550 2624 quadragenarum
1572 2576 1690 2623 quas
1711 2559 1966 2623 publicavit
1986 2560 2144 2623 prefa-

372 2651 448 2694 tus
473 2645 746 2709 episcopus.
770 2644 875 2692 Alia
896 2644 1059 2692 omnia
1078 2659 1213 2692 more
1237 2644 1376 2692 solito
1400 2647 1596 2708 peracta
1626 2648 1753 2691 sunt.
1777 2643 2142 2692 commissarius

373 2732 420 2777 et
439 2728 517 2775 alii
537 2728 770 2777 officiales
788 2728 922 2777 ducis
943 2727 1218 2787 Mediolani,
1238 2727 1388 2775 Laudi
1410 2728 1687 2785 existentes,
1704 2730 1938 2775 venerunt
1955 2726 2142 2775 obviam

371 2812 549 2875 legato,
575 2817 710 2861 extra
727 2812 965 2860 civitatem
986 2827 1074 2875 per
1096 2812 1190 2858 duo
1211 2810 1432 2858 milliaria
1451 2811 1525 2858 vel
1540 2810 1684 2858 circa.
1712 2813 1916 2873 Legatus
1931 2810 2143 2873 hospita-

374 2899 451 2942 tus
473 2895 614 2943 estin
640 2895 816 2958 palatio
848 2894 1125 2958 episcopali,
1152 2909 1241 2957 ego
1264 2897 1311 2941 et
1339 2894 1500 2956 plures
1527 2894 1603 2940 alii
1629 2893 1677 2940 in
1704 2893 1914 2956 hospitio
1938 2893 2137 2956 Angeli3

374 2976 522 3025 ceteri
544 2976 656 3024 alibi
678 2980 725 3024 et
745 2992 913 3024 omnes
936 2977 1159 3039 expensis
1180 2976 1342 3040 legati.

440 3060 580 3109 Feria
596 3060 754 3119 tertia,
775 3063 833 3108 23
857 3060 1063 3123 augusti,
1089 3075 1147 3108 ex
1168 3059 1510 3108 commissione
1533 3059 1656 3107 Rmi.
1680 3063 1738 3108 D.
1762 3060 1928 3123 legati,
1947 3046 2146 3124 perveni·

373 3143 716 3203 Mediolanum,
742 3144 877 3207 cujus
902 3143 1151 3192 introitum
1180 3148 1227 3191 et
1252 3142 1581 3206 receptionem
1608 3141 1787 3190 ibidem
1816 3142 2136 3191 ordinaturus.

375 3224 728 3273 lllustrissimus
766 3225 862 3273 dux
897 3226 1170 3285 Mediolani,
1208 3225 1414 3274 adventu
1453 3241 1562 3273 meo
1599 3225 1862 3286 intellecto,
1899 3226 2140 3290 deputavit

375 3312 580 3371 quatuor
619 3324 732 3357 suos
778 3308 1095 3358 cubicularios
1141 3309 1221 3372 qui
1266 3309 1463 3357 modum
1500 3313 1545 3357 et
1588 3308 1808 3357 ordinem
1853 3310 2141 3374 receptionis

373 3391 518 3455 legati
551 3407 579 3438 a
610 3407 687 3440 me
723 3392 1063 3456 intelligerent,
1096 3396 1382 3441 annotarent
1419 3397 1466 3440 et
1499 3392 1588 3439 sibi
1629 3392 1864 3441 referrent
1904 3408 1992 3457 per
2026 3408 2138 3441 eum

374 3474 503 3537 quod
531 3474 619 3522 sibi
651 3475 924 3526 conducere
953 3476 1194 3526 videretur
1223 3476 1624 3525 concludendum.
1651 3475 1806 3524 Retuli
1835 3474 1926 3522 illis
1953 3473 2141 3538 singula
