2222 3926
125 348 283 405 [ive-vae„
303 363 397 403 1496]
579 361 750 399 RERUM
780 360 1087 400 nRssANARUM
1119 360 1468 400 COMMENTARH.
1844 362 1915 400 267

127 446 342 510 ordinate
371 462 636 522 collocatiS,
665 463 841 512 horum
869 462 1072 511 detectis
1106 462 1330 511 omnibus
1362 462 1616 526 capitibus,
1647 461 1824 527 gratias
1855 478 1913 511 ex

126 548 261 594 more
307 551 527 610 egerunt,
569 547 704 595 novis
742 562 830 611 per
858 546 1077 596 ordinem
1114 550 1224 595 ante
1265 545 1442 594 ostium
1488 561 1540 595 se
1571 545 1909 604 formantibuS,

125 622 281 677 adhuc
297 629 534 693 capitibus
547 630 1080 697 detectiS,recesserunt
1092 628 1152 696 ad
1165 628 1343 692 palatia
1354 645 1440 677 sua
1450 629 1752 694 recedentes3
1771 643 1912 676 man-

125 718 292 762 serunt
319 718 481 762 autem
518 730 629 763 cum
657 715 789 764 novis
817 715 982 763 RRmi.
1015 717 1115 763 DD.
1140 713 1316 762 Montis
1347 712 1537 777 Regalis
1560 716 1607 761 et
1626 711 1910 763 Valentinus

126 798 394 847 cardinales
407 799 587 863 antiqui
597 804 661 858 ,et
677 815 846 849 omnes
859 799 1069 862 quinque
1085 797 1264 846 ibidem
1281 796 1443 860 pransi
1453 800 1635 855 sunt,et
1648 798 1912 861 postpran-

124 882 256 930 dium
277 882 338 930 ad
357 882 638 946 pontificem
660 883 925 931 redierunt.
994 944 997 948 Ι

146 991 148 994 v
187 968 401 1015 Vocatus
422 965 610 1028 pridem
631 966 698 1014 fui
723 966 784 1014 ad
812 966 1092 1031 pontificem
1115 966 1191 1030 qui
1225 965 1343 1013 mihi
1373 964 1490 1030 dixit
1514 979 1541 1012 a
1562 963 1715 1012 felicis
1745 978 1910 1012 recor-

123 1048 328 1097 dationis
344 1048 518 1097 Calisto
531 1049 936 1108 tertio,avunculo
953 1053 1117 1108 suo,et
1132 1049 1278 1097 Paulo
1292 1049 1522 1108 secundo,
1534 1063 1783 1114 nunquam
1802 1063 1911 1096 ora-

123 1133 304 1181 tionem
329 1148 436 1181 esse
468 1132 679 1181 debitam
700 1133 749 1180 in
771 1132 1084 1181 cardinalium
1105 1133 1457 1199 publicatione,
1471 1132 1725 1196 aliquando
1747 1135 1910 1181 autem

122 1232 150 1263 a
162 1200 294 1264 Sixto
308 1221 498 1282 quarto,
516 1232 739 1264 asserens
755 1216 1023 1282 orationem
1041 1216 1186 1280 hujus
1201 1215 1332 1284 modi
1352 1216 1439 1263 sibi
1455 1216 1603 1264 videri
1622 1232 1724 1265 rem
1740 1231 1910 1286 super-

122 1300 292 1360 ssuam;
317 1316 345 1348 a
365 1316 443 1348 me
455 1305 627 1364 petens
643 1300 758 1363 quid
778 1299 898 1347 mihi
915 1299 1177 1348 videretur.
1198 1300 1441 1364 Respondi
1459 1301 1728 1349 orationem
1748 1300 1910 1365 hujus-

121 1384 251 1432 modi
274 1383 620 1432 convenienter
645 1399 788 1448 posse
809 1383 983 1451 omitti,
1005 1387 1055 1452 ⁴et
1077 1383 1145 1432 sic
1173 1383 1335 1432 facere
1362 1384 1600 1433 Sanctitas
1631 1400 1716 1433 sua
1743 1381 1914 1432 statuit>

121 1475 168 1515 et
188 1467 319 1516 fecit.
345 1467 578 1532 Subjunxi
612 1467 759 1516 talem
778 1467 1048 1516 orationem
1070 1484 1098 1516 a
1118 1467 1272 1516 felicis
1296 1467 1647 1517 recordationis
1679 1467 1763 1518 Pio
1784 1482 1908 1531 papa

120 1533 336 1597 secundo·
356 1533 531 1598 factam
550 1549 718 1609 fuisse,
733 1550 814 1613 qui
839 1549 887 1597 in
910 1549 1116 1599 dicendo
1136 1550 1379 1615 singulare
1395 1551 1641 1615 quoddam
1657 1551 1904 1620 soler-tium

121 1633 347 1681 habebat.
811 1701 813 1704 v
1713 1701 1717 1707 Ι

187 1718 326 1786 Feria
367 1722 519 1776 sexta,
555 1721 615 1766 26
658 1718 904 1779 februarii,
953 1720 1041 1767 fuit
1090 1721 1431 1769 consistorium
1477 1725 1585 1785 post
1626 1720 1902 1785 prandium.

120 1803 236 1849 Tres
255 1801 365 1849 novi
401 1801 669 1850 cardinales
712 1803 936 1867 predicti,
966 1807 1118 1852 Rome
1147 1804 1428 1864 existenteS,
1458 1805 1508 1854 in
1542 1820 1712 1854 eorum
1741 1805 1905 1870 cappis

120 1883 347 1932 violaceis
371 1884 430 1932 de
452 1884 760 1934 ciambelotto
790 1887 1099 1936 visitaverunt
1123 1888 1343 1954 antiquos
1371 1888 1637 1938 cardinales
1658 1890 1708 1937 in
1736 1904 1905 1938 eorum

120 1968 343 2016 domibus
364 1974 409 2016 et
429 1983 516 2032 pro
538 1984 674 2038 more
697 1969 766 2018 eis
789 1971 968 2034 gratias
987 1975 1208 2035 egerunt.
1228 1971 1495 2021 Visitarunt
1516 1976 1679 2021 autem
1703 1972 1785 2020 illa
1807 1973 1900 2032 die,

119 2053 212 2100 hoc
251 2052 439 2111 ordine,
474 2052 630 2116 primo
661 2055 1046 2118 Neapolitanum,
1079 2055 1253 2104 deinde
1279 2057 1565 2110 Senensem,
1600 2056 1900 2124 Cesarinum,

117 2135 413 2194 Grimanum,
448 2137 858 2197 Beneventanum,
881 2142 1194 2199 Januensem,
1221 2156 1260 2187 s.
1284 2139 1488 2203 Angeli3
1524 2140 1902 2194 Ulixbonensem

118 2204 166 2266 et
187 2219 246 2266 de
267 2221 448 2268 Lunate
469 2235 568 2267 non
590 2221 896 2270 invenerunt.
1298 2289 1300 2291 q

183 2301 413 2364 Sequenti
450 2301 526 2349 die
549 2302 754 2362 sabbati,
785 2304 1006 2354 videlicet
1039 2311 1150 2354 ante
1178 2307 1451 2370 prandium,
1484 2308 1674 2357 visitata
1710 2324 1749 2357 S.
1776 2308 1903 2357 Petri

115 2385 332 2444 basilica,
370 2385 554 2434 iverunt
583 2386 643 2434 ad
672 2387 868 2436 domum
901 2392 956 2437 R.
986 2392 1042 2438 D.
1069 2390 1326 2439 cardinalis
1357 2408 1396 2440 s.
1433 2392 1582 2441 Marie
1611 2393 1660 2440 in
1689 2393 1900 2454 Porticu,

114 2468 163 2515 in
181 2484 275 2531 qua
303 2468 547 2517 residebat
577 2471 786 2519 Domina
815 2474 1036 2522 Lucretia
1061 2475 1254 2538 Borgia,
1278 2475 1377 2524 filia
1395 2478 1480 2525 SS.
1507 2480 1564 2525 D.
1588 2477 1758 2536 nostri,
1784 2494 1905 2543 uxor

114 2551 420 2599 illustrissimi
458 2556 515 2601 D.
554 2554 789 2602 Johannis
836 2555 1011 2604 St'ortie
1046 2558 1230 2606 Pisauri
1274 2559 1474 2619 domini,
1513 2560 1574 2608 ad
1617 2562 1901 2610 visitandum

115 2634 380 2698 predictam
422 2637 677 2685 Dominam
708 2640 981 2688 Lucretiam
1016 2657 1026 2688 :
1065 2657 1158 2704 que
1204 2641 1402 2691 domina
1434 2644 1504 2691 eis
1556 2644 1743 2692 obviam
1774 2645 1902 2693 venit

117 2718 177 2766 ad
196 2719 370 2783 pedem
394 2721 630 2769 scalarum
652 2722 732 2769 ubi
770 2738 974 2787 cappam
999 2724 1323 2773 cardinalibus
1361 2726 1536 2792 deponi
1555 2728 1668 2777 fecit
1690 2733 1756 2787 et,
1791 2744 1901 2792 pre-

114 2802 394 2851 cedentibus
415 2803 753 2867 Segobricensi
773 2809 820 2853 et
843 2806 1177 2870 Agrigentino,
1202 2807 1305 2871 ipsa
1326 2814 1530 2872 sequuta
1552 2814 1644 2870 est,
1668 2826 1696 2859 a
1714 2811 1896 2860 dextris

113 2886 297 2936 habens
334 2888 619 2936 Perusinum
646 2887 965 2947 cardinalem3
997 2893 1044 2938 et
1080 2890 1128 2938 in
1162 2906 1358 2940 camera
1379 2892 1428 2940 in
1461 2898 1670 2956 quatuor
1703 2895 1898 2944 sedibus

114 2971 447 3031 cardinalium,
477 2988 611 3020 more
653 2972 813 3031 solite,
850 2972 1080 3022 sederunt
1116 2990 1285 3023 omnes
1307 2980 1530 3044 quatuor,
1556 2982 1604 3027 et
1640 2978 1896 3027 collatione

112 3054 254 3111 facta,
293 3062 593 3104 recesserunt
635 3072 785 3120 usque
818 3057 879 3105 ad
908 3062 1096 3122 portam
1129 3059 1188 3106 ab
1212 3059 1315 3123 ipsa
1335 3060 1548 3129 domina,
1589 3062 1758 3126 ordine
1780 3078 1896 3128 press

113 3137 259 3208 dicto,
284 3139 524 3199 associati,
545 3140 624 3187 ubi
654 3127 1076 3205 reassumpserunt
1098 3158 1267 3191 eorum
1289 3159 1483 3212 cappas.

179 3225 290 3269 Post
310 3222 578 3284 prandium,
604 3224 775 3272 eadem
788 3225 882 3285 die,
903 3226 1154 3274 visitarunt
1177 3227 1332 3290 primo
1350 3244 1389 3275 s.
1412 3228 1691 3294 Clementis,
1717 3229 1890 3278 deinde

115 3305 419 3375 Farnesium,
452 3321 490 3352 s.
528 3307 711 3366 Crucis,
747 3311 1149 3369 Recanatensem,
1182 3311 1519 3370 camerarium,
1557 3314 1889 3370 Parmensem,

115 3387 341 3436 Ursinum
362 3391 407 3435 et
436 3403 474 3434 s.
500 3389 729 3448 Severini,
761 3376 905 3454 quem
938 3407 1036 3439 non
1070 3375 1381 3451 inre-nerunt,
1413 3392 1588 3443 deinde
1610 3395 1659 3442 in
1686 3387 1902 3460 palatio,-

116 3470 514 3530 Alexandrinum,
547 3488 584 3518 s.
621 3474 864 3532 Praxedis,
907 3479 954 3522 et
983 3458 1178 3523 tandem
1215 3475 1392 3523 Montis
1429 3477 1640 3540 Regalis,
1669 3478 1892 3524 vicecan-
