2202 3926
162 382 357 424 [Mai1494]
606 383 773 419 RERUM
809 382 1107 419 URBANARUM
1141 382 1485 420 COMMENTARH.
1869 388 1932 423 161

159 485 238 547 ‚qu
261 485 295 531 te·
309 486 464 550 file-cicc
487 486 609 532 buon
630 485 871 533 cac-aliero.
892 484 1078 532 Deinde
1098 484 1325 548 imposuit
1343 485 1433 549 sibi
1452 485 1623 533 stolam
1643 484 1800 533 albam
1824 502 1933 533 cum

158 567 370 631 cingulo,
406 585 550 632 supra
580 586 672 632 qua
704 569 827 618 stola
859 573 969 617 ante
991 567 1540 632 impositionemjuravit
1575 568 1694 616 velle
1726 568 1935 631 capitula

163 651 288 699 illius
320 652 561 700 societatis
596 652 869 701 observare.
901 655 1038 711 Tum,
1070 656 1265 716 recepto
1295 652 1354 700 ab
1383 667 1458 712 eo,
1495 656 1542 701 et
1571 668 1659 716 per
1682 651 1840 715 ipsum
1875 654 1930 699 D.

159 734 421 782 Joffredum
459 751 604 799 super
640 735 877 784 collanam
909 751 1106 784 auream
1141 734 1386 783 societatis
1422 735 1704 783 Hermellini
1738 734 1936 798 prestito

155 817 450 880 juramento,
482 819 607 882 quod
636 819 746 867 velit
776 820 982 883 capitula
1017 819 1261 868 societatis
1287 819 1418 867 illius
1454 819 1736 868 Hermellini
1769 819 1936 867 obser—

162 917 287 960 vare,
325 918 407 950 rex
444 902 666 950 eamdem
706 902 944 951 collanam
983 902 1200 950 humeris
1232 901 1345 950 dicti
1374 901 1571 950 Joffredi
1612 902 1857 965 imposuit,
1889 907 1937 950 et

162 986 319 1049 ipsum
342 986 559 1034 societati
581 985 860 1049 hujusmodi
890 985 1173 1033 Hermellini
1196 985 1491 1047 aggregavit.
1518 986 1832 1033 Postmodum
1852 1001 1937 1049 per

158 1068 300 1116 aliam
329 1068 609 1117 schedulam
638 1067 779 1115 simili
803 1067 947 1115 modo
966 1066 1338 1131 pronunciatum
1367 1071 1415 1115 et
1438 1068 1791 1130 proclamatum
1817 1085 1826 1115 z
1852 1085 1935 1116 rex

160 1151 221 1200 ob
242 1152 534 1217 singularem
562 1150 870 1199 affectionem
900 1151 1013 1199 fecit
1041 1156 1086 1199 et
1113 1151 1363 1199 constituit
1390 1152 1700 1216 magnificum
1727 1155 1783 1201 D.
1809 1154 1936 1201 Gen-

162 1235 292 1284 tilem
311 1234 583 1298 Virginium
604 1234 663 1282 de
686 1234 869 1281 Ursinis
888 1233 948 1282 de
969 1236 1124 1282 Domo
1145 1234 1386 1297 Aragonie
1416 1240 1461 1282 et
1484 1236 1718 1299 grandem
1744 1241 1936 1284 contes-

116 1312 118 1314 ’
158 1318 354 1367 tabilem
370 1318 525 1382 regni.
546 1318 756 1382 Insignia
770 1321 932 1365 autem
951 1323 1048 1365 tam
1064 1320 1121 1365 D.
1138 1320 1161 1365 J
1167 1317 1352 1366 offredo
1368 1334 1512 1382 quam
1531 1319 1936 1382 GentiliVirginio

157 1402 350 1467 grandis
382 1401 776 1451 contestabilatus
806 1400 1085 1465 hujusmodi
1116 1416 1214 1449 non
1242 1401 1391 1460 dedit,
1424 1401 1553 1466 quia,
1583 1403 1676 1450 illis
1710 1403 1933 1465 receptis,

158 1486 365 1535 debeant
385 1502 474 1550 per
499 1486 737 1535 civitatem
759 1501 787 1533 a
813 1484 1074 1533 baronibus
1096 1485 1327 1533 associari
1350 1485 1609 1549 equitatui;
1636 1485 1766 1550 quod
1793 1485 1937 1533 hodie

131 1630 137 1634 ι
156 1575 352 1634 propter
370 1569 720 1633 equitationem
743 1569 868 1632 regis
887 1568 992 1616 fieri
1015 1584 1111 1617 non
1131 1568 1303 1631 potuit,
1331 1569 1417 1617 sed
1438 1570 1498 1618 ad
1520 1570 1664 1617 alium
1693 1570 1822 1618 diem
1843 1570 1937 1617 hoc

158 1653 430 1702 reservavit.

222 1738 408 1799 Creavit
437 1742 545 1802 post
572 1736 667 1786 hoc
700 1736 828 1801 idem
859 1754 943 1787 rex
973 1754 1094 1787 xvm
1128 1739 1246 1788 alios
1280 1739 1475 1798 milites,
1507 1754 1714 1802 quorum
1745 1738 1940 1786 cuilibet

158 1822 346 1884 galeam
370 1821 612 1885 imposuit,
638 1826 686 1870 et
715 1837 825 1870 cum
853 1827 1032 1886 puncta
1058 1824 1191 1872 ensis
1210 1822 1422 1886 singulos
1454 1822 1579 1871 inter
1606 1838 1773 1871 aurem
1796 1822 1939 1869 sinis-

160 1911 281 1953 tram
313 1910 362 1954 et
397 1905 725 1953 summitatem
757 1904 893 1969 galee
929 1906 1102 1969 tetigit,
1134 1907 1300 1954 dicens
1336 1906 1535 1969 singulis
1562 1925 1570 1953 :
1606 1905 1745 1953 Iddio
1776 1913 1820 1953 et
1851 1922 1938 1952 san

163 1987 356 2053 Giorqio
390 1987 426 2035 ti
456 1988 612 2053 faccia
646 1987 770 2035 buon
800 1988 1044 2047 cavaliero,
1089 1994 1137 2036 et
1169 1989 1260 2036 illis
1298 1989 1378 2052 qui
1425 1989 1637 2037 collanas
1670 1988 1939 2036 offerebant

163 2072 266 2121 illas
307 2072 525 2121 humeris
569 2087 738 2130 eorum
782 2071 1028 2136 imposuit,
1066 2072 1151 2120 sed
1185 2072 1371 2120 nullum
1402 2088 1570 2120 eorum
1608 2072 1666 2119 de
1708 2071 1939 2120 societate

163 2156 308 2205 Stelle
354 2155 429 2204 vel
478 2154 759 2203 Hermellini
809 2155 941 2203 fecit.
992 2156 1180 2203 Primus
1225 2155 1466 2204 dictorum
1516 2155 1687 2204 decem
1735 2158 1780 2202 et
1832 2159 1939 2203 octo

160 2239 406 2289 Johannes
447 2239 507 2287 de
547 2240 732 2302 Sangro
768 2238 944 2286 nobilis
981 2238 1334 2302 neapolitanuS‚
1367 2236 1749 2286 commissiarius
1790 2236 1934 2299 regis,

161 2323 391 2387 magister
414 2322 655 2370 ostiarius

228 2405 409 2455 Creatis
437 2405 668 2453 militibus
699 2404 995 2469 hujusmodi,
1021 2405 1228 2454 surrexit
1256 2421 1358 2464 rex,
1383 2410 1430 2454 et
1459 2404 1647 2469 legatus
1675 2404 1752 2468 qui
1782 2403 1939 2466 ipsum

163 2504 328 2553 regem
366 2503 520 2552 usque
559 2489 620 2537 ad
651 2493 839 2553 portam
880 2489 1084 2537 ecclesie
1125 2493 1261 2538 extra
1299 2493 1507 2553 portam,
1540 2504 1567 2536 a
1602 2488 1782 2536 dextris
1813 2486 1939 2550 regis

163 2573 410 2632 incedens,
434 2571 705 2631 associavit,
730 2573 1042 2636 sequentibus
1071 2571 1268 2636 prelatis
1291 2573 1339 2620 in
1361 2587 1530 2621 eorum
1560 2571 1817 2620 mantellis.
1841 2574 1940 2618 Rex

164 2656 361 2715 ibidem,
385 2655 544 2719 legato
563 2661 807 2719 presente,
833 2656 1048 2705 ascendit
1071 2671 1264 2719 equum,
1301 2657 1436 2719 cujus
1461 2656 1669 2713 frenum,
1697 2653 1941 2717 pectorale

166 2743 212 2788 et
239 2739 496 2803 g'roppiera
524 2739 669 2802 perlis
693 2739 741 2786 in
761 2740 958 2803 copioso
981 2754 1183 2787 numero
1209 2742 1377 2786 ornata
1398 2743 1552 2797 erant,
1579 2742 1623 2785 et
1654 2737 1829 2801 pallam
1856 2750 1943 2799 per

168 2823 400 2886 stringam
423 2837 510 2870 suo
533 2821 682 2885 digito
704 2823 889 2870 anulari
911 2836 1084 2870 manus
1107 2822 1299 2870 sinistre
1321 2820 1434 2870 fecit
1455 2821 1668 2891 allegari,
1697 2822 1940 2883 sceptrum

166 2906 214 2953 in
252 2906 451 2954 dextera
486 2905 665 2965 ferens,
709 2910 756 2954 et
794 2904 880 2953 sub
924 2903 1213 2952 baldachino
1254 2903 1383 2967 quod
1422 2903 1630 2951 barones
1663 2901 1938 2966 portabant,

167 2989 394 3053 equitavit
429 3005 516 3054 per
551 2993 720 3037 stratas
757 2987 1032 3052 designatas
1075 2988 1136 3036 ad
1170 2987 1401 3051 palatium
1439 3003 1597 3035 suum.
1636 2989 1843 3048 Legatus
1884 2999 1942 3031 ex

170 3071 375 3121 ecclesia
411 3072 551 3137 rediit
590 3073 651 3121 ad
687 3071 918 3136 palatium
961 3070 1375 3134 archiepiscopale
1410 3069 1720 3118 habitationis
1756 3083 1860 3125 sue,
1896 3070 1942 3114 et

171 3152 341 3219 prelati
362 3155 422 3204 ad
442 3155 613 3205 domus
637 3172 747 3204 suas
769 3156 973 3204 iverunt.

235 3238 561 3287 Interfuerunt
581 3240 882 3288 coronationi
902 3238 1119 3303 predicte
1143 3253 1169 3287 a
1189 3236 1425 3302 principio
1450 3238 1510 3285 ad
1532 3237 1679 3285 finem
1700 3240 1746 3284 et
1768 3248 1944 3284 conve-

173 3327 347 3385 nerunt
380 3325 437 3370 D.
475 3321 765 3384 Philibertus
809 3308 1058 3382 Naturelli,
1094 3326 1255 3372 orator
1299 3318 1594 3368 serenissimi
1635 3316 1942 3366 Maximiliani

174 3410 501 3456 Romanorum
541 3404 696 3468 regis;
740 3404 1023 3470 magnificus
1067 3409 1123 3453 D.
1165 3404 1341 3452 Paulus
1373 3402 1671 3459 TrevisanuS,
1698 3400 1944 3460 utriusque

170 3490 290 3555 juris
326 3490 510 3547 doctor,
550 3486 847 3537 serenissimi
895 3491 951 3535 D.
985 3487 1120 3536 ducis
1153 3490 1452 3537 Venetorum
1485 3489 1676 3541 orator;
1711 3480 1945 3530 Antonius

364 3597 397 3623 τ.
426 3597 463 3621 11.
1714 3575 1754 3611 11
