2216 3886
283 313 361 348 156.
884 308 1113 344 Jol'mNNtS
1152 307 1441 351 ntsssscuffint,
1831 312 1938 352 [xm-n
1960 314 2057 352 1498]

285 416 497 471 nioneni,
522 413 569 460 in
592 413 703 460 sede
728 412 975 470 eminenti,
998 416 1251 474 postquam
1271 410 1330 457 ad
1348 410 1495 456 altare
1514 424 1732 457 reversus
1751 416 1840 470 est,
1862 412 2053 462 inventa

287 503 359 547 est
388 514 484 546 una
503 497 660 544 hostia
682 495 768 542 sub
790 494 1000 542 vestibus
1027 498 1135 540 ante
1157 493 1324 550 altare,
1350 492 1398 538 in
1420 507 1645 554 supremo
1673 492 1833 555 plano,
1857 493 1906 541 in
1927 499 2056 544 terra

288 582 351 629 ad
367 581 515 645 pedes
538 582 663 642 Pape
685 593 829 639 quam
851 576 1047 623 dextere
1068 574 1217 622 levavi
1238 579 1347 622 ante
1369 573 1579 636 plurium
1598 575 2053 639 considerationem,

289 669 335 713 et
358 662 490 726 posui
522 676 667 724 super
693 658 962 721 corporalia
988 657 1036 703 in
1063 657 1238 715 altare3
1269 660 1316 704 et
1336 657 1484 704 missa
1503 657 1654 718 finita,
1678 663 1786 723 post
1813 676 2059 711 recessum

290 750 433 808 Pape,
460 743 657 791 sacrista
679 757 776 789 non
802 740 961 805 posuit
983 756 1089 788 eam
1118 756 1227 787 cum
1255 740 1429 789 ceteris
1458 741 1628 789 hostiis
1651 745 1944 792 conservatis
1965 762 2058 808 que

289 830 347 876 de
381 825 817 875 communicatione
859 824 1196 888 superfuerunt
1228 823 1277 870 in
1310 824 1457 872 calice
1490 840 1500 871 :
1537 825 1682 874 credo
1720 825 1920 876 firmiter
1953 843 2060 877 eam

291 910 522 960 cecidisse
553 909 773 972 superius
800 908 848 955 in
878 907 996 955 solio
1025 908 1083 955 de
1110 908 1333 955 manibus
1358 910 1502 971 Pape,
1526 908 1640 957 dum
1667 911 1899 974 populum
1928 927 2063 959 com-

291 993 576 1042 municaret.
607 994 726 1040 Cum
758 994 922 1039 Rmus.
949 994 1005 1039 D.
1032 991 1288 1039 cardinalis
1324 1008 1361 1038 S.
1397 992 1587 1056 Georgii
1620 993 1831 1041 dedisset
1863 994 2063 1051 calicem

292 1074 740 1125 communicationis
779 1074 941 1138 populi
985 1091 1095 1122 cum
1136 1079 1439 1124 sacramento
1474 1079 1520 1123 et
1554 1080 1731 1139 patena
1769 1077 2062 1127 subdiacono

292 1164 418 1223 Pape
441 1158 773 1216 deferendum,
799 1158 1083 1221 superposui
1108 1158 1249 1206 aliam
1277 1163 1501 1221 patenam
1523 1175 1609 1223 pro
1637 1161 1818 1223 majore
1841 1176 2063 1210 reveren-

292 1245 357 1291 tia
383 1242 690 1301 sacramenti,
715 1257 917 1305 quarum
938 1245 1221 1305 patenarum
1244 1258 1406 1302 unam,
1432 1259 1575 1307 super
1591 1259 1736 1306 quam
1758 1247 1885 1308 Papa
1905 1245 2066 1308 plures

291 1326 722 1390 hostias'ponebat‚
751 1324 945 1373 tenebat
972 1328 1137 1372 Rmus.
1163 1328 1220 1372 D.
1247 1326 1503 1374 cardinalis
1532 1327 1764 1376 Columna
1788 1328 2017 1376 assistens
2039 1344 2066 1376 a

295 1410 497 1458 sinistris
528 1408 757 1456 continuo
788 1424 984 1455 manum
1019 1407 1265 1457 dexteram
1299 1412 1426 1473 Pape
1455 1411 1857 1458 communicantis
1891 1427 2067 1475 suppo-

296 1509 415 1541 nens
442 1509 527 1540 seu
556 1491 859 1550 submittens,
882 1492 995 1539 dum
1018 1495 1065 1539 et
1091 1492 1139 1538 in
1166 1497 1344 1540 terram
1372 1493 1680 1557 dejiceretur.
1707 1497 1833 1542 Intra
1850 1494 2064 1554 missam,

296 1579 378 1624 SS.
404 1579 460 1623 D.
486 1580 652 1623 noster
672 1575 912 1622 mandavit
933 1574 1050 1622 mihi
1079 1579 1130 1623 ut
1156 1578 1211 1623 R.
1239 1578 1290 1623 P.
1316 1577 1679 1640 Christophom,
1704 1577 1931 1641 episcopo
1951 1580 2067 1626 Cor-

297 1659 505 1718 tonensi,
527 1658 689 1707 locum
707 1659 872 1706 darem
891 1658 1016 1705 inter
1038 1659 1315 1707 assistentes
1337 1675 1467 1718 suos,
1489 1675 1635 1722 quem
1654 1675 1712 1708 ex
1729 1665 1844 1707 tunc
1861 1660 1910 1707 in
1931 1677 2070 1708 suum

299 1744 605 1791 assistentem
627 1741 914 1805 recipiebat;
940 1742 1068 1804 quod
1087 1742 1135 1788 id
1157 1742 1319 1790 statim
1339 1742 1446 1790 feci.
1472 1727 1617 1790 Missa
1636 1742 1788 1802 finita,
1813 1746 1942 1807 Papa
1957 1759 2070 1807 pro-

298 1827 629 1877 cessionaliter
642 1842 729 1890 per
744 1842 913 1875 navem
930 1826 1187 1885 Veronice,
1206 1825 1317 1873 visis
1335 1825 1462 1874 ferro
1476 1826 1643 1874 lancee
1661 1830 1708 1874 et
1721 1826 1867 1895 Vultu
1883 1831 2066 1886 sancto,

298 1913 515 1961 ascendit
536 1913 595 1961 ad
620 1912 783 1960 locum
812 1911 1002 1974 publice
1035 1910 1387 1958 benedictionis
1421 1909 1502 1956 ubi
1534 1910 1764 1973 populum
1792 1910 2073 1960 solemniter

298 1997 544 2044 benedixit
568 2000 613 2044 et
635 1995 764 2043 dedit
784 1994 1024 2058 plenarias
1051 1994 1372 2057 indulgentias
1400 2010 1517 2057 quas
1545 1997 1710 2043 Rmus.
1737 1996 1792 2042 D.
1818 1993 2071 2063 cardinalis

300 2081 531 2128 Columna
561 2079 706 2127 latine
742 2083 789 2126 et
819 2079 877 2127 de
912 2079 1150 2127 Cesarinis
1184 2079 1444 2142 vulgariter
1475 2080 1652 2143 populo
1688 2079 2068 2143 publicaverunt.

299 2164 403 2210 Alia
424 2163 585 2211 omnia
603 2162 851 2210 observata
870 2168 980 2210 sunt
1001 2159 1136 2210 mere
1158 2162 1316 2210 solito.
1339 2165 1490 2210 Nocte
1514 2163 1759 2226 preterita,
1781 2163 1908 2211 circa
1929 2178 2072 2225 quar-

301 2250 399 2294 tam
416 2246 607 2304 horam,
629 2250 675 2293 et
698 2245 843 2292 etiam
859 2245 953 2292 hoc
974 2260 1135 2302 mane,
1160 2248 1392 2292 venerunt
1416 2260 1536 2293 nove
1557 2247 1692 2309 *Pape
1714 2244 1843 2307 quod
1859 2244 1909 2292 in
1930 2250 2072 2293 nocte

301 2329 539 2391 sequenti,
574 2328 648 2376 die
681 2328 882 2387 sabbati,
921 2333 945 2375 7
980 2328 1143 2390 hujus,
1177 2327 1303 2374 bone
1336 2328 1570 2375 memorie
1606 2328 1802 2376 Carolus
1831 2330 1954 2388 VIII,
1990 2344 2074 2375 rex

303 2414 614 2467 Francorum,
640 2411 891 2475 apoplexia
915 2411 1010 2458 vita
1030 2410 1221 2459 functus
1243 2415 1316 2458 est
1340 2426 1349 2458 ;
1374 2411 1529 2459 fuerat
1550 2411 1597 2457 in
1624 2411 1877 2459 venatione
1905 2410 2075 2459 eadem

304 2495 380 2542 die
400 2495 601 2555 sabbati,
628 2494 686 2542 de
707 2510 800 2557 qua
817 2495 930 2542 satis
952 2495 1085 2543 tarde
1106 2494 1322 2552 veniens,
1347 2498 1490 2557 caput
1511 2494 1601 2541 sibi
1623 2494 1737 2543 fecit
1755 2494 1926 2552 lavari3
1950 2494 2078 2561 facta

304 2578 477 2626 deinde
507 2594 642 2635 cena,
668 2578 920 2642 apoplexia
949 2582 1116 2638 tactus,
1142 2578 1265 2625 infra
1289 2582 1398 2626 octo
1425 2578 1569 2625 horas
1591 2577 1750 2625 emisit
1777 2577 1999 2641 spiritum
2026 2577 2076 2624 in

304 2662 477 2725 oppido
510 2661 745 2710 Amboisii
772 2661 855 2724 (1).
887 2661 1042 2709 Finita
1070 2662 1509 2724 communicatione
1539 2661 1721 2724 populi,
1753 2661 2076 2724 subdiaconus

353 2824 386 2859 1.
418 2838 435 2855 «
516 2822 546 2857 le
568 2823 739 2870 scptieme
761 2823 845 2869 jour
871 2822 1018 2867 d'AvriI‚
1041 2822 1112 2858 I’an
1138 2823 1199 2857 mil
1222 2826 1348 2869 quatre
1370 2835 1455 2859 cens
1483 2823 1731 2871 quatre-vingt
1756 2821 1952 2867 dix-huict,
1972 2820 2078 2859 veille

306 2882 350 2917 de
370 2882 537 2928 Pasques
559 2880 709 2926 FIories,
731 2881 755 2915 il
776 2881 886 2928 partit
907 2882 952 2928 (lc
973 2882 1042 2926 roi)
1066 2881 1109 2916 de
1129 2880 1163 2916 la
1182 2880 1352 2916 chambre
1374 2881 1418 2917 de
1441 2881 1475 2916 la
1493 2881 1609 2917 Reine
1628 2881 1733 2917 Anne
1754 2881 1799 2916 de
1818 2880 2013 2927 Bretagne,
2037 2891 2079 2916 sa

305 2941 432 2977 femme
453 2944 488 2976 ct
508 2940 541 2976 la
560 2952 666 2976 mena
686 2951 772 2976 avec
792 2940 866 2988 luy,
890 2951 980 2987 pour
999 2939 1099 2976 veoir
1112 2940 1218 2987 jouer
1243 2942 1264 2975 a
1289 2939 1322 2975 la
1342 2951 1472 2986 paume
1493 2951 1583 2975 ceux
1605 2939 1665 2987 qui
1681 2939 1847 2988 jouoient
1868 2950 1939 2975 aux
1959 2938 2078 2975 fosscz

307 3000 355 3035 du
375 3000 562 3044 chasteau,
586 3002 632 3035 ou
651 3011 697 3035 ne
723 2999 844 3035 l'avoit
865 2998 997 3047 jamais
1018 3001 1144 3034 menec
1169 3010 1239 3046 que
1267 3003 1359 3034 cette
1385 2998 1453 3034 sois
1474 3003 1509 3035 et
1528 3003 1710 3036 entrercnt
1729 2997 1914 3035 ensemble
1935 3010 1979 3034 en
2007 3010 2078 3034 une

307 3058 440 3106 galerio
461 3058 570 3106 qu’on
590 3058 761 3107 appelloit
780 3058 814 3094 Ia
835 3058 968 3106 galerie
990 3057 1233 3106 Haquelebac,
1256 3069 1360 3105 parce
1382 3070 1451 3106 que
1471 3062 1594 3105 cettuy
1615 3057 1845 3105 Haquelebac
1866 3057 1987 3094 l’avoit.
2012 3068 2078 3093 eue

307 3118 479 3155 autrefois
501 3130 545 3154 en
566 3118 692 3166 garde,
715 3121 750 3154 et
769 3117 877 3154 estoit
896 3116 927 3153 Ie
953 3117 1035 3165 plus
1060 3117 1306 3154 deshonneste
1333 3116 1404 3152 lieu
1430 3117 1474 3153 dc
1496 3117 1597 3153 leans
1620 3128 1628 3153 ε
1651 3128 1711 3153 car
1738 3121 1816 3153 tout
1838 3116 1869 3153 le
1895 3117 2028 3153 monde
2056 3129 2078 3165 y

306 3177 439 3225 pissoit
457 3181 492 3213 et
511 3177 619 3214 estoit
637 3188 786 3225 rompue
805 3189 826 3213 a
844 3176 1005 3222 l'entree,
1029 3176 1083 3224 s'y
1109 3177 1238 3212 heurta
1258 3176 1289 3212 lc
1309 3176 1391 3225 Roy
1410 3177 1457 3212 du
1484 3176 1593 3222 sront,
1615 3180 1739 3213 contre
1757 3177 1890 3225 l'huYS,
1911 3175 2077 3212 combien

307 3236 394 3284 qu'il
413 3237 467 3273 fut
487 3237 571 3273 bien
590 3237 681 3285 petit
700 3242 735 3274 ct
754 3236 836 3285 puis
858 3236 1011 3284 regarda
1037 3236 1245 3284 longtcmps
1266 3236 1318 3273 les
1333 3236 1483 3285 joucurs
1505 3240 1539 3272 ct
1564 3235 1721 3273 ‹levisoit
1740 3239 1761 3273 a
1779 3240 1859 3273 tout
1877 3235 1910 3272 le
1930 3235 2074 3272 monde.

306 3297 428 3344 Jcn'y
455 3297 566 3334 estois
591 3297 693 3345 point
719 3299 865 3345 present
891 3308 899 3333 :
928 3296 1019 3333 mais
1047 3295 1168 3335 sondit
1188 3295 1409 3341 confesseur,
1439 3295 1620 3344 I'evcsque
1647 3296 1828 3344 d’Angers
1855 3299 1892 3332 et
1911 3306 1971 3331 ses
1990 3306 2075 3343 pro-

307 3355 434 3391 chains
455 3356 690 3392 chambelans
712 3355 743 3392 le
766 3356 879 3392 m’ont
903 3357 1007 3392 cont-e
1036 3367 1044 3391 :
1073 3367 1132 3392 car
1154 3355 1228 3403 j’en
1250 3354 1362 3392 cstois
1386 3358 1492 3403 party
1512 3354 1611 3391 Iiuict
1626 3355 1729 3404 jours
1756 3358 1879 3399 avant,
1906 3358 1942 3391 et
1963 3353 2075 3390 estois

301 3413 375 3450 Valle
401 3416 506 3453 ama
532 3414 686 3452 maison.
715 3415 766 3457 La
792 3414 953 3452 derniero
986 3414 1105 3462 parole
1133 3414 1220 3461 (lu‘il
1247 3426 1429 3462 prononqa
1449 3414 1581 3462 jamais
1614 3426 1658 3451 en
1685 3414 1854 3451 devisant
1882 3425 1927 3450 en
1956 3414 2074 3457 sante,
