2216 3886
163 322 260 364 [suin
279 321 373 359 1498]
607 317 774 355 RERUM
806 317 1109 355 URBANARUM
1144 318 1495 372 COMMENTARH.
1881 323 1944 358 ἰἵῖι

166 441 271 484 nus,
299 424 489 472 Domini
519 422 670 472 nostri
697 421 1038 482 cubicularius,
1067 422 1390 471 thesaurarius
1421 421 1698 482 Perusinus,
1723 427 1943 471 oratores

162 514 209 557 et
227 508 390 557 nuncii
414 506 668 572 apostolici
699 506 760 555 ad
787 506 1243 555 christianissimum
1274 521 1440 570 regem
1468 508 1764 554 Francorum
1793 507 1944 555 desti-

164 591 278 647 nati,
311 591 372 639 ad
400 589 759 639 condolendum
790 589 849 638 de
887 589 1018 637 obitu
1047 589 1277 648 defuncti,
1302 604 1358 637 ac
1385 589 1818 651 congratulandum
1850 591 1941 655 ipsi

169 675 270 739 regi
291 675 350 723 de
370 674 558 723 honore
580 689 692 732 suo;
715 689 772 722 ac
793 672 886 722 alia
906 672 1127 722 facienda
1148 673 1232 738 (1).

234 758 463 817 SabbatO,
490 761 548 805 19
571 756 686 806 dicti
705 757 888 805 mensis
905 756 1047 822 junii,
1072 756 1231 820 vigilia
1254 756 1510 816 Trinitatis,
1531 757 1725 806 suerunt
1744 774 1945 823 vespere

165 843 361 908 papales
395 843 442 891 in
471 842 656 907 capella
690 842 875 906 majore
908 846 1159 901 consueta,
1189 844 1320 906 Papa
1349 841 1495 890 etiam
1527 846 1774 905 presente,
1804 847 1947 906 prout

165 926 224 975 de
261 943 403 975 mane
439 927 502 975 ad
530 926 729 974 missam
761 941 907 989 quam
937 924 1194 974 celebravit
1224 925 1370 973 etiam
1404 927 1573 973 RmuS.
1609 927 1666 972 D.
1692 925 1946 973 cardinalis

166 1028 204 1059 s,
231 1011 412 1070 Crucis,
438 1010 541 1059 sine
577 1008 1040 1058 commemoratione
1058 1008 1328 1057 dominice.
1353 1011 1405 1056 ln
1428 1008 1641 1072 vesperis
1670 1024 1947 1057 sermonem

168 1093 279 1142 t'ecit
318 1097 376 1142 D.
413 1093 690 1142 Leonardus
724 1092 783 1141 de
814 1094 1036 1153 Sarzana,
1074 1091 1188 1140 olim
1231 1091 1508 1155 capellanus
1546 1092 1672 1140 bone
1713 1093 1947 1141 memorie

165 1177 421 1226 cardinalis
458 1176 732 1226 Parmensis
770 1175 820 1223 in
851 1175 1018 1235 latin0,
1054 1174 1310 1234 hebraicO,
1340 1175 1582 1235 caldaicO,
1617 1176 1719 1223 sine
1752 1191 1869 1225 voce
1900 1182 1947 1225 et

166 1261 308 1309 modo
331 1266 378 1310 et
399 1261 554 1325 gratia
579 1244 875 1324 proferendi,
898 1275 996 1306 non
1024 1258 1126 1307 sine
1150 1274 1238 1307 suo
1260 1258 1519 1307 dedecore.

233 1344 373 1407 Feria
390 1349 578 1407 quarta,
608 1345 664 1390 13
686 1341 800 1391 dicti
822 1342 1002 1390 mensis
1017 1341 1159 1406 junii,
1184 1341 1342 1405 vigilia
1374 1341 1484 1388 festi
1508 1341 1818 1389 sacratissimi
1840 1357 1948 1389 cor-

166 1428 296 1493 poris
324 1426 516 1486 Christi,
552 1426 602 1474 in
634 1441 730 1489 qua
759 1424 955 1473 fuerunt
991 1440 1189 1489 vespere
1223 1424 1421 1489 papales
1456 1424 1506 1472 in
1540 1425 1726 1489 capella
1762 1426 1947 1489 majore

168 1511 459 1577 supradicta,
484 1512 612 1574 Papa
632 1512 886 1573 presente;
912 1508 1029 1557 etin
1057 1508 1126 1557 eis
1151 1508 1315 1556 omnia
1342 1508 1594 1557 observata
1622 1523 1758 1556 more
1787 1508 1945 1557 solito,

232 1593 363 1655 Heri,
381 1608 469 1658 per
481 1592 767 1656 magistrum
789 1591 962 1640 domus
982 1592 1145 1656 palatii
1161 1592 1413 1656 apostolici
1433 1597 1480 1641 et
1495 1595 1552 1640 D.
1574 1593 1946 1647 Bernardinum,

164 1678 347 1727 socium
374 1692 558 1735 meum,
581 1674 774 1723 fuerunt
803 1674 1059 1723 distributa
1083 1675 1192 1723 loca
1221 1691 1310 1739 per
1335 1691 1590 1723 mensuras
1616 1679 1664 1723 et
1691 1691 1870 1723 cannas
1897 1676 1945 1724 in

164 1763 239 1810 via
270 1759 595 1826 processionis
627 1759 835 1807 crastine
862 1775 950 1822 per
982 1762 1188 1807 RRmos.
1219 1761 1318 1807 DD.
1355 1759 1625 1807 cardinales
1654 1775 1741 1807 seu
1773 1774 1941 1807 eorum

167 1844 424 1892 servitores
464 1842 679 1891 ornande
719 1848 767 1891 et
800 1842 1096 1902 decorande3
1134 1847 1182 1891 et
1218 1842 1448 1891 schedule
1486 1858 1629 1906 super
1664 1843 1942 1907 hujusmodi

163 1928 283 1977 locis
313 1932 362 1976 et
391 1925 632 1975 mensuris
664 1926 863 1990 singulis
896 1926 1089 1974 RRmis.
1121 1929 1222 1974 DD.
1251 1926 1574 1974 cardinalibus
1606 1941 1695 1990 per
1720 1941 1944 1975 cursores

164 2014 247 2060 SS.
283 2014 339 2060 D.
369 2014 425 2060 N.
456 2026 580 2075 pape
604 2010 769 2059 misse.
795 2013 895 2075 Ego
925 2015 1087 2059 autem
1111 2010 1170 2058 de
1197 2010 1425 2059 mandato
1455 2010 1579 2058 Rmi.
1610 2014 1668 2059 D.
1690 2011 1944 2059 cardinalis

163 2113 202 2143 s.
225 2094 436 2158 Georgii,
458 2093 630 2143 eadem
651 2094 728 2143 die
747 2099 965 2153 externa,
986 2094 1097 2144 dedi
1117 2094 1373 2143 schedulas
1391 2093 1670 2143 cursoribus
1691 2094 1938 2158 predictiS,

95 2241 97 2243 Ι
161 2178 447 2226 officialibus
467 2178 834 2241 presentandas,
860 2178 1015 2241 sigillo
1035 2178 1255 2242 ejusdem
1278 2178 1402 2227 Rmi.
1424 2180 1480 2226 D.
1507 2178 1761 2226 camerarii
1784 2177 1943 2241 signa-

162 2267 252 2323 taS,
275 2261 555 2326 hujusmodi
576 2262 759 2310 tenoris
782 2279 790 2309 :

166 2368 169 2370 ·
231 2366 252 2388 «
285 2348 354 2394 De
386 2345 614 2393 mandato
648 2347 732 2394 SS.
768 2349 825 2393 D.
864 2348 920 2394 N.
951 2361 1092 2410 pape,
1117 2345 1372 2393 mandatur
1397 2345 1600 2409 singulis
1622 2344 1940 2408 infrascriptis

159 2433 413 2493 quatenus,
448 2430 537 2477 sub
581 2446 708 2494 pena
740 2430 911 2478 decem
950 2429 1236 2478 ducatorum
1275 2430 1380 2478 auri
1416 2430 1475 2478 de
1515 2445 1710 2478 camera
1745 2443 1939 2476 camere

158 2512 420 2576 apostolice
440 2513 840 2562 irremissibiliter
863 2513 1278 2578 applicandorum,
1300 2514 1510 2562 debeant
1526 2530 1613 2578 per
1634 2516 1785 2561 totam
1807 2511 1936 2559 diem

163 2598 219 2643 12
237 2595 475 2659 presentis
496 2597 696 2655 mensiS,
722 2596 938 2644 omnium
959 2601 1005 2645 et
1027 2597 1327 2660 singulorum
1352 2597 1623 2645 officiorum
1652 2596 1824 2659 quibus
1845 2595 1935 2659 ipsi

158 2682 359 2741 presunt
391 2693 477 2726 seu
513 2694 721 2742 quorum
758 2679 850 2743 ipsi
883 2678 1114 2727 officiales
1152 2679 1228 2728 vel
1269 2678 1505 2744 capellani
1537 2679 1766 2739 existunt,
1800 2694 1855 2727 ac
1887 2678 1933 2726 in

157 2760 375 2824 margine
395 2765 654 2811 annotasse
672 2761 711 2810 si
731 2762 811 2826 qui
832 2767 942 2811 sunt
963 2778 1132 2811 eorum
1154 2763 1214 2810 ab
1236 2763 1365 2812 Urbe
1382 2763 1610 2812 absentes
1627 2763 1700 2818 „vel
1721 2762 1900 2810 infirmi
1921 2781 1930 2810 :

157 2842 556 2892 Rescribendario
573 2844 824 2909 capellano
839 2844 1127 2909 scriptorum
1145 2861 1281 2894 sacre
1295 2845 1634 2910 penitentiarie
1649 2845 1931 2911 apostolice,

223 2926 480 2991 Capellano
506 2927 824 2977 collectorum
846 2928 1047 2993 plumbi,

202 3087 236 3122 1.
263 3085 375 3123 Louis
393 3087 476 3133 XII,
497 3099 542 3124 en
562 3093 729 3127 montant
755 3101 818 3126 sur
837 3090 869 3127 le
895 3093 1012 3135 tione,
1038 3089 1111 3139 prit
1135 3090 1296 3127 aussitot
1320 3090 1352 3126 le
1376 3090 1462 3128 titre
1481 3091 1527 3127 de
1546 3090 1616 3126 duc
1636 3091 1681 3126 de
1702 3089 1814 3126 Milan
1834 3092 1869 3124 et
1888 3089 1933 3124 de

152 3144 203 3180 roi
223 3144 268 3180 de
288 3143 397 3180 Sicile
417 3146 454 3181 et
477 3145 522 3182 de
547 3147 765 3194 Jerusalem,
786 3153 971 3185 monti-ant
995 3148 1089 3184 ainsi
1116 3148 1203 3196 qu'il
1229 3148 1416 3186 entendait
1434 3148 1650 3196 poursuivre
1677 3147 1729 3183 les
1760 3146 1947 3182 desseins'

152 3204 198 3240 de
217 3203 368 3240 charles
387 3203 471 3241 VIII
492 3216 562 3253 que
582 3205 616 3242 la
633 3211 727 3244 mort
746 3208 844 3244 avait
863 3210 1057 3256 prevenus.
1076 3207 1281 3244 Alexandr-e
1301 3208 1364 3255 VI,
1385 3208 1478 3243 dans
1503 3207 1557 3243 les
1586 3206 1821 3242 instructions
1844 3205 1929 3253 qu'il

150 3264 271 3300 donne
291 3265 313 3299 a
333 3274 394 3299 ses
414 3263 712 3311 ambassadeurs‚
733 3270 840 3314 apres
860 3266 962 3303 avoir
985 3266 1116 3303 felicite
1142 3267 1175 3304 le
1194 3267 1250 3303 roi
1269 3267 1314 3303 de
1335 3278 1402 3303 son
1422 3266 1610 3302 accession
1636 3268 1658 3301 a
1677 3264 1710 3300 la
1729 3275 1928 3308 couronne,

151 3324 319 3372 l’engage
339 3326 361 3360 a
379 3323 467 3360 faire
486 3323 522 3360 la
539 3336 669 3372 guerre
689 3337 762 3363 aux
775 3326 903 3372 Turcs,
916 3329 937 3363 a
955 3326 1191 3363 abandonner
1204 3338 1264 3363 ses
1285 3325 1508 3373 pretentions
1530 3336 1593 3360 sur
1612 3323 1737 3368 Milan,
1761 3326 1782 3360 a
1801 3322 1932 3360 laisser

149 3383 321 3420 Florence
341 3395 387 3420 en
406 3382 532 3421 liberte
553 3387 590 3421 et
607 3387 629 3420 ὲ.
651 3384 701 3421 lui
719 3386 850 3422 rendre
875 3386 977 3431 Pise,
997 3388 1020 3421 a
1037 3397 1083 3422 ne
1109 3386 1211 3434 point
1236 3385 1391 3433 prendre
1417 3386 1439 3420 a
1465 3395 1506 3419 sa
1532 3382 1648 3429 solde,
1670 3394 1757 3419 sans
1783 3383 1818 3419 la
1842 3393 1926 3430 per-

146 3443 300 3480 mission
328 3443 373 3479 de
400 3437 559 3490 l‘Eglise,
580 3442 635 3480 les
662 3443 797 3481 barons
822 3445 1008 3485 romains:
1035 3448 1056 3480 a
1082 3457 1127 3481 ne
1155 3456 1220 3492 pas
1246 3443 1420 3479 favoriser
1446 3442 1478 3478 le
1505 3442 1620 3490 pretet
1637 3442 1682 3478 de
1708 3442 1823 3478 Rome
1849 3445 1885 3477 et
1903 3444 1920 3476 a
