2202 3926
169 358 328 400 [Fevrier
350 356 439 399 1493]
616 352 784 390 RERUM
818 350 1123 390 URBANARUM
1156 349 1508 387 COMMENTARII.
1909 349 1956 384 39

168 461 432 529 precedere
470 460 644 519 solere,
681 457 993 505 nihilominus
1029 454 1242 518 cogitare
1279 452 1453 501 vellem
1490 467 1552 499 an
1580 451 1697 515 ipsis
1732 467 1841 498 eum
1871 452 1957 499 ho-

168 563 288 596 nore
309 561 420 595 meo
450 543 728 593 satisfacere
756 556 971 605 possem.
1004 537 1267 588 Cardinalis
1297 537 1554 584 defunctus
1585 534 1670 583 fuit
1697 535 1745 582 in
1774 535 1958 598 capella

169 637 447 680 sanctorum
468 628 628 677 Andre
652 631 699 676 et
725 625 919 688 Georgii
946 623 1037 672 sita
1057 622 1106 671 in
1129 621 1364 672 Vaticano
1387 623 1497 668 ante
1520 618 1807 668 memoriam
1830 618 1956 666 bone

168 714 402 766 memorie
421 712 636 762 Ardicini
649 710 776 759 della
790 713 936 758 Porta
953 706 1210 756 cardinalis
1227 705 1303 753 avi
1325 704 1397 753 sui
1414 707 1690 768 asportatus
1706 721 1716 762 3
1733 702 1793 751 de
1813 702 1957 750 domo

169 800 389 864 predicta
422 817 431 847 :
466 799 775 846 recesserunt
811 793 1080 842 cardinales
1126 805 1325 848 omneS‚
1363 787 1571 852 demptis
1618 785 1954 849 Neapolitano,

170 882 391 943 Senensi,
430 879 636 930 Ascanio
674 871 1013 927 executoribus
1054 876 1135 939 qui
1166 874 1348 922 ibidem
1388 875 1671 920 manserunt
1711 885 1864 933 usque
1898 869 1958 916 ad

93 1011 95 1015 .
169 969 340 1018 horam
356 981 474 1015 xxm
495 964 568 1012 vel
589 963 736 1022 circa,
761 964 1083 1025 exsequentes
1105 973 1199 1022 que
1227 956 1485 1004 defunctus
1508 953 1766 1002 cardinalis
1786 953 1836 1000 in
1864 957 1960 1002 tes-

171 1053 384 1100 tamento
407 1062 495 1095 suo
513 1044 766 1095 ordinavit.

235 1133 459 1191 Sabbat0‚
486 1116 518 1179 '2
549 1129 731 1179 mensis
756 1126 1002 1185 februarii,
1039 1125 1170 1189 quod
1204 1124 1423 1189 superius
1451 1123 1682 1173 adnotare
1710 1124 1851 1173 omisi
1872 1140 1958 1188 per

168 1216 590 1274 inadvertentiam‚
624 1215 748 1263 festo
778 1210 1127 1276 purificationis
1168 1210 1307 1259 beate
1342 1211 1492 1259 Marie
1525 1208 1739 1272 virginis,
1778 1211 1862 1258 SS.
1895 1213 1952 1258 D.

169 1305 226 1351 N.
251 1304 446 1366 paratus
476 1315 611 1348 more
645 1297 785 1346 solito
813 1295 944 1345 venit
973 1294 1034 1343 ad
1066 1293 1300 1358 capellam
1335 1295 1574 1358 maJorem
1603 1294 1684 1342 ubi
1711 1295 1958 1344 benedixit

168 1385 395 1435 candelas
425 1399 595 1433 omnes
627 1398 720 1447 que
752 1382 878 1429 intra
913 1384 961 1428 et
1000 1384 1136 1428 extra
1171 1379 1444 1427 cancellum
1484 1379 1791 1429 tenebantur.
1835 1383 1955 1428 Tum

169 1470 292 1518 datis
315 1469 405 1518 sibi
427 1467 696 1516 successive
718 1481 806 1530 per
826 1462 1123 1512 cardinalem
1145 1463 1515 1527 Neapolitanum
1537 1464 1751 1527 priorem
1766 1464 1956 1527 episco-

168 1568 340 1617 porum
365 1551 513 1600 tribus
541 1548 773 1608 candelis,
805 1547 1034 1596 candelas
1066 1545 1307 1594 distribuit
1335 1561 1471 1595 more
1503 1546 1664 1594 solito.
1691 1547 1956 1595 Cardinalis

167 1637 424 1685 Januensis
451 1635 621 1684 habuit
646 1638 763 1694 tres,
786 1631 1011 1680 videlicet
1029 1645 1177 1678 unam
1198 1645 1285 1694 pro
1309 1646 1360 1678 se
1389 1634 1437 1679 et
1458 1630 1576 1678 duas
1598 1646 1685 1695 pro
1711 1631 1954 1679 cardinale

170 1738 208 1771 s.
227 1722 352 1770 Petri
376 1721 437 1769 ad
457 1719 662 1771 Vincula
680 1719 900 1767 absente.
923 1713 1189 1763 Cardinalis
1208 1714 1385 1762 Montis
1408 1715 1602 1778 Regalis
1625 1715 1955 1764 celebraturus

170 1806 318 1855 etiam
344 1804 514 1853 habuit
548 1804 685 1862 duaS,
709 1801 932 1850 videlicet
966 1815 1117 1856 unam⁵
1142 1815 1230 1864 pro
1263 1815 1314 1847 se
1346 1804 1394 1848 et
1420 1815 1567 1848 unam
1595 1816 1683 1864 pro
1713 1801 1956 1849 cardinale

170 1891 405 1939 Toletano
432 1889 632 1936 absente
658 1904 667 1935 :
690 1886 862 1949 quibus
882 1884 1078 1944 habitis,
1103 1883 1183 1932 ivit
1205 1883 1267 1931 ad
1281 1883 1601 1932 faldistorium
1620 1884 1720 1945 ubi,
1746 1885 1956 1933 dimissis

170 1972 483 2038 paramentis,
507 1970 692 2034 accepit
723 1983 926 2032 cappam
960 1971 1025 2026 et,
1056 1967 1257 2018 indutus
1296 1967 1523 2026 sandalis,
1560 1974 1844 2031 paramenta
1869 1985 1956 2033 pro

169 2056 335 2114 missa,
368 2069 503 2102 more
535 2053 694 2101 solito.
726 2055 857 2100 Duas
883 2049 1109 2098 candelas
1131 2064 1332 2112 magnas
1355 2053 1483 2115 Pape
1507 2055 1768 2100 tenuerunt
1789 2068 1954 2100 comes

169 2138 376 2188 Pitiliani
399 2137 680 2201 capitaneus
703 2135 908 2183 ecclesie
930 2150 957 2182 a
988 2133 1169 2181 dextris
1195 2139 1243 2183 et
1268 2135 1365 2183 dux
1392 2137 1508 2184 Sere
1541 2153 1570 2184 a
1598 2137 1820 2186 sinistris.
1846 2141 1957 2188 Post

168 2221 559 2271 distributionem
597 2219 926 2280 candelarum,
954 2222 1011 2267 D.
1035 2219 1283 2268 Johannes
1316 2221 1443 2269 della
1471 2223 1615 2270 Serra
1641 2227 1806 2271 orator
1830 2223 1957 2287 regis

167 2309 464 2355 Francorum
494 2304 627 2353 dedit
656 2319 831 2368 aquam
853 2304 1245 2369 manibusssape,
1269 2305 1511 2354 cardinale
1540 2306 1857 2369 Neapolitano
1879 2323 1958 2355 or-

167 2391 363 2440 dinante
385 2409 395 2449 3
419 2390 481 2438 ad
501 2388 806 2453 evangelium
835 2391 967 2452 Papa
989 2393 1037 2437 et
1066 2404 1236 2438 omnes
1268 2389 1538 2438 cardinales
1567 2394 1827 2439 tenuerunt
1850 2408 1960 2440 suas

167 2475 393 2524 candelas
421 2474 470 2522 in
490 2472 714 2521 manibus
743 2477 791 2520 et
818 2472 992 2520 deinde
1020 2473 1222 2521 candela
1245 2476 1372 2537 Pape
1394 2489 1492 2521 non
1515 2474 1605 2523 fuit
1634 2475 1846 2523 extincta
1866 2476 1957 2524 nisi

168 2564 277 2624 post
309 2558 725 2616 communionem,
751 2557 838 2604 sed
864 2557 1182 2605 cardinalium
1205 2562 1254 2605 et
1283 2557 1489 2606 aliorum
1520 2558 1715 2607 fuerunt
1749 2559 1957 2608 extincte

168 2650 216 2693 et
239 2645 300 2693 ad
320 2645 640 2693 elevationem
672 2641 964 2691 sacramenti
991 2641 1169 2690 iterum
1191 2657 1396 2690 accense
1426 2658 1580 2705 usque
1603 2647 1712 2706 post
1735 2643 1959 2692 elevatio-

167 2744 298 2777 nem.
334 2732 462 2792 Papa
494 2727 556 2776 ad
589 2726 909 2775 elevationem
941 2740 1040 2773 non
1073 2725 1228 2774 tenuit
1264 2725 1518 2774 candelam
1559 2742 1694 2773 suam
1729 2727 1778 2774 in
1810 2742 1957 2775 manu

168 2829 326 2877 neque
354 2813 451 2872 alii,
478 2816 524 2860 et
552 2810 898 2860 convenienter
918 2810 1011 2858 alia
1032 2810 1196 2858 omnia
1215 2824 1351 2857 more
1376 2808 1516 2856 solito
1547 2813 1658 2858 sunt
1681 2810 1950 2859 observata.

232 2897 372 2946 Feria
414 2900 599 2960 quarta,
644 2899 671 2944 6
713 2895 827 2944 dicti
868 2895 1048 2944 mensis
1081 2893 1326 2954 februarii,
1369 2897 1479 2957 post
1512 2880 1687 2941 horam
1723 2910 1826 2953 xxl,
1870 2910 1958 2958 per

167 2986 356 3045 portam
382 2981 671 3031 Viridariam
702 2979 939 3030 intrarunt
971 2981 1150 3030 Urbem
1182 2984 1280 3028 tres
1312 2985 1532 3029 oratores
1562 2980 1691 3028 Illus.
1723 2982 1778 3027 D.
1816 2979 1957 3027 Boni-

169 3065 279 3113 facii
308 3065 604 3113 marchionis
631 3065 1003 3125 Montisferrati3
1033 3065 1256 3114 videlicet
1282 3068 1337 3113 R.
1367 3065 1624 3130 presbyter
1656 3067 1711 3113 D.
1738 3063 1955 3111 Andreas

169 3147 401 3195 Stovellus
443 3147 699 3211 episcopus
735 3147 1023 3196 Albanensis
1058 3153 1106 3196 et
1139 3148 1384 3212 magnifici
1423 3151 1524 3196 DD.
1561 3151 1867 3195 Beneventus
1895 3146 1954 3193 de

170 3245 209 3276 s.
241 3230 446 3292 Georgio
470 3247 530 3279 ex
568 3231 823 3279 comitibus
859 3228 1144 3280 Blandracte
1186 3237 1234 3280 et
1270 3232 1540 3280 Ludovicus
1577 3232 1645 3284 de,
1675 3230 1951 3279 Ticionibus

168 3315 360 3362 Vesane
397 3313 571 3362 milites
609 3331 696 3378 pro
737 3315 1014 3364 obedientia
1053 3318 1136 3364 SS.
1177 3319 1233 3364 D.
1274 3319 1330 3365 N.
1371 3315 1649 3379 prestanda,
1693 3331 1721 3362 a
1760 3313 1953 3361 familiis

169 3399 253 3445 SS.
286 3399 340 3443 D.
378 3398 435 3443 N.
466 3412 587 3460 pape
624 3403 670 3446 et
706 3402 998 3448 RRmorum.
1026 3402 1124 3448 DD.
1158 3399 1474 3448 cardinalium
1505 3414 1560 3446 ac
1592 3398 1863 3446 oratoribus
1898 3396 1946 3441 in

170 3480 297 3529 Urbe
327 3479 642 3527 existentibus
667 3486 800 3530 extra
822 3487 1013 3546 portam
1047 3484 1227 3546 recepti
1262 3489 1373 3531 sunt
1406 3487 1452 3530 et
1482 3498 1635 3544 usque
1664 3482 1723 3528 ad
1751 3481 1950 3528 domum
