2222 3926
314 353 383 388 300
926 349 1160 386 JOHANNIS
1196 348 1492 395 BURCHARDI,
1873 351 1977 391 [Am-‚t
1994 353 2085 395 1496]

315 454 535 503 milliaria
557 454 631 503 vel
661 454 812 513 circa;
842 454 988 501 fratre
1013 452 1205 516 juniore
1229 451 1376 515 ipsius
1405 454 1462 498 D.
1495 452 1714 500 Hectoris
1742 453 1900 516 ipsum
1925 471 2091 519 prece-

314 537 474 587 dente.
502 538 599 587 Sub
620 541 756 602 porta
776 538 962 600 legatus
986 552 1045 584 ex
1067 535 1198 583 mula
1224 533 1546 593 descendenS,
1570 535 1871 597 genuflexus,
1896 553 2089 587 crucem

315 621 556 671 osculatus
593 625 683 669 est.
722 620 955 668 Ascendit
991 618 1170 665 mulam
1208 616 1421 680 prefatus
1461 619 1656 677 Hector,
1700 634 1778 668 me
1817 620 2085 670 ordinante.

316 704 493 753 Obtulit
532 703 691 766 legato
735 703 893 751 claves
940 701 1162 760 civitatis,
1210 705 1259 748 et
1297 700 1486 748 frenum
1530 701 1657 750 mule
1697 703 1836 767 juxta
1876 720 2091 754 morsum

315 786 703 851 apprehendens,
744 785 890 834 voluit
930 785 1109 832 mulam
1149 783 1452 844 addextrare,
1493 786 1578 834 sed
1611 786 1798 850 legatus
1834 789 2085 837 recusavit.

314 870 594 919 Ascendens
627 869 775 934 igitur
806 883 1004 932 equum,
1040 883 1151 917 cum
1185 871 1377 916 oratore
1413 868 1597 931 prefato
1633 869 1873 931 equitavit.
1914 873 2090 920 Imme—

315 954 439 1002 diate
467 957 578 1002 ante
612 968 807 1001 crucem
833 952 978 1015 legati
1011 951 1353 1000 baldachinum
1388 956 1639 1015 portarunt
1669 953 1852 1017 priores
1883 954 2087 1003 civitatis

318 1042 365 1087 et
385 1038 512 1086 cives
540 1054 549 1086 :
575 1039 742 1085 Frater
762 1037 821 1084 de
844 1035 1063 1084 Hectoris
1092 1034 1319 1099 equitavit
1347 1034 1539 1084 ultimus
1567 1040 1679 1085 ante
1707 1037 2087 1100 processionem.

321 1122 584 1186 Episcopus
619 1120 897 1179 Faentinus,
932 1119 1093 1183 legato
1126 1119 1435 1182 precedente,
1465 1119 1677 1167 dimissis
1707 1121 1795 1167 sub
1822 1126 1960 1184 porta
1988 1137 2094 1171 ves-

319 1206 445 1255 tibus
477 1204 625 1253 sacris
662 1208 861 1268 propter
888 1203 1203 1261 debilitatem,
1243 1203 1457 1251 ascendit
1490 1203 1670 1251 mulam
1705 1208 1751 1253 et
1781 1204 1950 1253 habuit
1984 1210 2093 1269 post

318 1289 530 1353 legatum
553 1288 764 1352 primum
784 1287 945 1336 locum
967 1287 1092 1335 inter
1111 1286 1320 1350 prelatos
1342 1291 1552 1336 nostros,
1572 1291 1625 1335 In
1647 1288 1853 1337 ecclesia
1873 1290 2089 1349 Faentie,

317 1373 505 1437 legatus
525 1372 640 1420 dixit
662 1371 930 1419 orationem
953 1370 1012 1418 de
1034 1370 1213 1418 sanctis
1235 1371 1464 1434 apostolis
1487 1374 1628 1420 Petro
1650 1376 1697 1419 et
1720 1372 1865 1420 Paulo
1888 1372 2091 1422 ecclesie

318 1456 548 1522 patronis,
583 1455 715 1504 dedit
744 1454 1136 1503 benedictionem
1167 1458 1316 1513 stans,
1348 1454 1468 1502 utin
1500 1454 1706 1502 ecclesia
1728 1455 2089 1515 Assisinatensi,

319 1545 366 1589 et
386 1539 708 1603 indulgentias
730 1538 935 1587 duorum
963 1553 1196 1586 annorum
1229 1542 1276 1586 et
1305 1537 1502 1585 totidem
1529 1538 1945 1601 quadragenarum
1974 1554 2092 1602 quas

320 1622 653 1687 pronunciavit
673 1621 879 1670 vicarius
905 1621 1178 1685 episcopuS,
1203 1621 1282 1684 qui
1306 1621 1392 1668 sub
1417 1627 1555 1684 porta
1575 1621 1776 1670 civitatis
1798 1621 1987 1685 pluviali
2008 1637 2094 1685 pa-

324 1711 455 1756 ratus
477 1711 572 1765 est3
604 1708 773 1770 postea
793 1705 1047 1769 episcopus
1074 1704 1207 1752 illum
1230 1704 1408 1752 dimisit
1430 1709 1477 1752 et
1497 1720 1583 1767 pro
1606 1720 1664 1753 eo
1686 1704 1859 1752 deinde
1881 1704 2094 1752 officium

321 1790 452 1851 fecit,
484 1790 627 1838 etiam
656 1788 982 1853 aspersorium
1011 1788 1168 1851 legato
1201 1788 1251 1835 in
1285 1787 1482 1835 introitu
1511 1787 1716 1836 ecclesie
1736 1787 2028 1851 porrigendo
2050 1792 2097 1835 et

322 1889 433 1922 eum
467 1873 789 1931 incensando3
829 1872 1022 1920 suerunt
1056 1876 1166 1920 ante
1203 1871 1350 1920 altare
1384 1871 1560 1935 majus,
1599 1871 1742 1935 longe
1773 1875 1935 1920 tamen
1968 1875 2096 1919 retro

327 1957 648 2006 faldistorium
669 1956 833 2020 legati,
865 1956 979 2004 hinc
1010 1960 1058 2003 et
1086 1955 1196 2003 inde
1219 1955 1314 2003 duo
1343 1959 1508 2018 parata
1528 1953 1808 2014 faldistoria,
1833 1969 1982 2002 unum
2009 1969 2096 2018 pro

325 2046 518 2090 oratore
540 2040 741 2089 dominii
767 2043 1066 2090 Venetorum
1088 2038 1326 2102 predictO,
1350 2038 1479 2086 aliud
1509 2053 1594 2101 pro
1616 2037 1744 2086 dicto
1769 2039 1827 2085 D.
1851 2038 2057 2085 Hectore
2083 2053 2092 2084 z

326 2125 410 2174 sed
429 2125 591 2189 legato
620 2124 892 2189 genuflexo,
923 2124 1065 2172 ambo
1093 2123 1183 2187 ipsi
1215 2126 1376 2171 orator
1397 2127 1444 2170 et
1467 2124 1644 2171 Hector
1670 2136 1817 2184 super
1844 2136 1940 2168 uno
1966 2120 2098 2168 vide-

323 2208 437 2257 licet
460 2224 488 2256 a
509 2208 713 2256 sinistris
734 2208 880 2271 legati
906 2213 1035 2255 retro
1056 2206 1199 2270 positi
1221 2206 1364 2253 simul
1384 2205 1752 2268 genuflexerunt
1781 2220 1791 2252 ε
1823 2204 1917 2252 alia
1937 2203 2099 2251 omnia

325 2291 577 2341 observata
598 2295 708 2339 sunt
728 2295 779 2339 ut
802 2291 949 2353 prius.

389 2374 643 2423 Premissis
674 2374 901 2438 peractiS,
931 2373 1120 2437 legatus
1148 2373 1374 2438 pedester
1399 2372 1526 2421 venit
1551 2372 1612 2422 ad
1639 2371 1868 2436 palatium
1890 2374 1946 2420 D.
1972 2374 2099 2420 Hec-

326 2458 442 2507 toris
473 2458 522 2505 in
549 2457 720 2506 eadem
747 2457 906 2521 platea
932 2457 1160 2520 positum,
1192 2457 1350 2520 ipsum
1381 2456 1732 2505 associantibus
1763 2454 1961 2520 prefatis
1994 2457 2095 2503 DD.

325 2545 514 2589 oratore
546 2544 593 2590 et
625 2543 852 2599 Hectore,
886 2545 932 2588 et
965 2541 1069 2588 aliis
1101 2540 1261 2588 multis
1292 2540 1597 2598 officialibus,
1630 2540 1677 2587 in
1709 2554 1803 2603 quo
1829 2537 2099 2601 hospitatus

325 2629 414 2684 est,
453 2639 543 2688 ego
589 2624 638 2671 in
671 2624 965 2672 monasterio
1003 2640 1041 2671 s.
1089 2623 1330 2688 Hippolyti
1365 2623 1744 2672 Camaldulensis
1783 2622 1984 2681 ordinis,
2019 2621 2099 2670 alii

323 2708 437 2756 hinc
460 2713 508 2756 et
528 2707 639 2756 inde
662 2723 671 2755 :
695 2723 930 2771 expensas
949 2707 1060 2756 fecit
1078 2707 1299 2755 omnibus
1321 2707 1532 2770 prefatus
1555 2709 1610 2754 D.
1636 2708 1830 2755 Hector.

394 2791 532 2839 Feria
555 2794 706 2849 sexta,
747 2794 803 2838 12
839 2791 1024 2854 auguti,
1053 2791 1240 2855 legatus
1262 2789 1389 2839 bono
1419 2805 1561 2838 mane
1594 2789 1795 2838 recessit
1825 2804 1883 2837 ex
1903 2787 2101 2836 Faentia

326 2889 432 2922 cum
467 2873 624 2937 pluvia
662 2874 777 2921 satis
814 2890 990 2937 magna
1026 2879 1073 2922 et
1105 2889 1194 2922 nos
1226 2874 1532 2936 pervenimus
1568 2872 1628 2920 ad
1658 2873 1838 2921 flumen
1869 2873 2101 2919 Sanctera

326 2960 673 3020 nuncupatum,
711 2957 838 3019 quod
871 2962 945 3004 est
979 2957 1101 3004 citra
1139 2960 1186 3005 et
1218 2972 1366 3020 prope
1403 2955 1621 3004 Imolam.
1663 2954 1947 3017 Reperimus
1983 2953 2099 3002 illud

335 3041 458 3089 adeo
491 3039 762 3089 excrevisse
798 3040 927 3102 quod
958 3040 1075 3089 illud
1110 3035 1415 3102 nequaquam
1437 3040 1729 3102 pertransire
1754 3038 2016 3103 potuimuS,
2055 3042 2100 3087 et

331 3124 559 3173 continuo
587 3124 914 3173 excrescebat.
941 3122 1232 3170 Retrocessit
1255 3122 1400 3185 igitur
1419 3123 1575 3185 primo
1597 3123 1752 3186 major
1771 3138 1880 3186 pars
1903 3121 2096 3181 familie,

334 3213 381 3256 et
396 3223 483 3272 per
497 3208 671 3256 multas
690 3208 835 3256 horas
855 3206 1041 3269 legatus
1057 3222 1208 3269 usque
1228 3205 1285 3254 ad
1304 3205 1512 3269 hospitia
1532 3206 1650 3254 citra
1668 3210 1714 3254 et
1729 3206 1868 3268 juxta
1881 3207 2100 3254 Castrum

334 3291 590 3354 Bolognesi
631 3290 711 3339 ubi
752 3290 855 3354 ipse
896 3288 945 3337 in
983 3289 1194 3353 hospitio
1232 3291 1363 3337 Lune
1393 3293 1441 3337 et
1474 3304 1562 3337 nos
1588 3289 1636 3336 in
1665 3291 1908 3353 Campana
1942 3292 1990 3337 et
2021 3286 2099 3336 alii

334 3372 450 3421 alias
471 3373 700 3436 hospitati
723 3389 907 3432 sumuS,
930 3372 1052 3421 bene
1072 3387 1258 3420 omnes,

400 3455 628 3514 Sabbato,
654 3459 710 3504 13
734 3455 940 3519 augusti,
965 3455 1124 3504 audita
1144 3455 1307 3514 missa,
1330 3456 1515 3520 legatus
1530 3457 1729 3505 recessit
1750 3472 1808 3504 ex
1828 3470 1914 3503 suo
1934 3453 2100 3517 hospi-
