2202 3900
328 330 398 367 348
934 325 1183 382 JOHANNIS-
1202 323 1497 369 BURCHARDL
1640 314 1643 318 ¹
1831 323 1986 364 [Janvier
2007 325 2098 365 1497]

395 431 631 496 Raphael‚
653 430 776 479 tituli
798 428 949 478 sancti
971 428 1163 491 Georgii
1184 427 1244 475 ad
1263 426 1436 476 Velum
1455 426 1669 472 Aureum
1692 424 1920 473 diaconus
1941 427 2098 474 cardi-

328 516 468 575 nalis,
499 514 789 563 sanctissimi
811 513 994 561 domini
1016 511 1167 559 nostri
1188 525 1309 573 pape
1329 507 1640 556 camerarius.

392 599 639 647 Johannes
687 597 916 659 Baptista,
966 594 1090 643 tituli
1135 592 1285 640 sancti
1330 591 1510 640 Nicolai
1550 590 1599 637 in
1641 592 1844 638 Carcere
1883 590 2099 638 Tulliano

328 684 560 731 diaconus
584 679 862 737 cardinalis,
888 678 946 725 de
971 676 1170 725 Sabellis
1191 667 1446 738 vulgariter
1466 677 1786 736 nuncupatus.

392 768 414 811 J
422 763 657 820 ohanneS‚
684 760 809 808 tituli
833 763 997 808 sancte
1023 759 1171 807 Marie
1199 758 1247 805 in
1273 758 1453 821 Aquiro
1479 757 1708 805 diaconus
1743 756 2015 816 cardinalis,
2041 756 2098 806 de

329 846 563 894 Columna
581 844 842 908 vulgariter
858 847 1179 906 nuncupatus.

391 929 626 976 Ascanius
644 927 811 986 Maria,
836 926 959 974 tituli
982 930 1259 973 sanctorum
1279 923 1374 973 Viti
1396 925 1443 970 et
1463 921 1667 970 Modesti
1687 922 1735 970 in
1757 923 1958 972 macello
1979 939 2099 971 mar-

328 1016 484 1077 tyrum
533 1012 765 1059 diaconus
811 1009 1067 1058 cardinalis
1123 1007 1313 1068 Sfortia,
1357 1006 1643 1064 vicecomeS,
1690 1010 1853 1055 sancte
1898 1023 2097 1057 romane

327 1095 538 1144 Ecclesie
562 1093 998 1143 vicecancellarius.

391 1182 579 1237 Petrus,
602 1178 726 1227 tituli
749 1178 901 1226 sancti
918 1177 1081 1225 Ariani
1105 1176 1335 1225 diaconus
1357 1173 1629 1236 cardinalis,
1651 1179 1851 1241 Magnus
1871 1177 2100 1241 Magister

325 1265 481 1313 Rhodi
502 1262 761 1326 vulgariter
781 1265 1107 1324 nuncupatus;
1132 1260 1325 1308 absens.

386 1346 650 1405 Johannes,
675 1344 799 1392 tituli
829 1348 993 1393 sancte
1021 1345 1169 1392 Marie
1198 1344 1246 1391 in
1277 1343 1528 1392 Dominica
1558 1343 1789 1392 diaconus
1818 1345 2091 1403 cardinalis,

325 1431 384 1479 de
405 1430 603 1478 Medicis
621 1429 878 1492 vulgariter
896 1431 1212 1492 nuncupatus.

390 1512 669 1571 Federicus,
714 1512 834 1559 tituli
878 1512 1028 1560 saneti
1070 1512 1310 1561 Theodori
1356 1513 1587 1562 diaconus
1631 1513 1902 1574 cardinalis,
1946 1514 2094 1561 sancti

326 1596 535 1644 Severini
557 1595 816 1659 vulgariter
835 1599 1154 1659 nuncupatus.

390 1679 692 1743 Hippolytus,
735 1679 858 1726 tituli
910 1685 1074 1727 sancte
1114 1680 1257 1728 Lucie
1297 1680 1344 1727 in
1380 1679 1521 1728 Silice
1556 1680 1784 1728 diaconus
1819 1680 2093 1739 cardinalis,

324 1763 537 1811 Estensis
557 1762 818 1825 vulgariter
836 1766 1156 1825 nuncupatUS,
1182 1763 1373 1811 absens.

385 1848 544 1904 Cesar,
581 1845 703 1893 tituli
738 1849 901 1893 sancte
935 1845 1082 1893 Marie
1112 1861 1234 1894 nove
1270 1846 1499 1894 diaconus
1533 1845 1806 1906 cardinalis,
1841 1846 2097 1910 vulgariter

324 1934 627 1993 nuncupatus
652 1945 661 1977 :
685 1930 990 1992 permutavit.

386 2013 619 2072 Julianus,
644 2012 768 2061 tituli
799 2018 1077 2061 sanctorum
1101 2013 1253 2078 Sergii
1276 2017 1323 2062 et
1352 2013 1528 2061 Bacchi
1556 2013 1785 2062 diaconus
1816 2013 2090 2076 cardinaliS‚

322 2096 380 2142 de
404 2095 642 2143 Cesarinis
659 2095 915 2159 vulgariter
935 2101 1253 2160 nuncupatus.

392 2177 689 2237 Dominicus,
715 2178 840 2225 tituli
870 2178 1020 2225 sancti
1048 2178 1228 2226 Nicolai
1255 2178 1382 2227 inter
1408 2180 1647 2243 Imagines
1676 2180 1907 2227 diaconus
1937 2181 2095 2228 cardi-

322 2260 443 2308 nalis
466 2261 737 2318 Grimanus,
761 2261 1017 2324 vulgariter
1036 2266 1339 2330 nuncupatus
1361 2262 1630 2325 patriarcha
1649 2262 1987 2325 Aquileiensis.

387 2344 674 2403 Alexander,
705 2343 827 2391 tituli
864 2348 1138 2393 sanctorum
1164 2345 1323 2393 Cosmi
1354 2350 1400 2393 et
1431 2344 1650 2393 Damiani
1684 2345 1913 2393 diaconus
1937 2347 2093 2394 cardi-

322 2427 461 2487 nalis,
484 2428 542 2475 de
565 2427 793 2476 Farnesio
817 2428 1075 2492 vulgariter
1096 2432 1417 2491 nuncupatuS.

387 2511 729 2570 Bernardinus,
753 2511 874 2559 tituli
897 2511 1045 2559 sancti
1067 2511 1250 2576 Cyriaci
1265 2511 1313 2558 in
1332 2510 1550 2559 Thermis
1566 2510 1796 2559 diaconus
1817 2511 2089 2571 cardinalis,

323 2594 381 2642 de
404 2597 586 2643 Lunate
607 2595 866 2658 vulgariter
885 2600 1207 2659 nuncupatus.

384 2678 648 2739 Johannes,
683 2679 806 2727 tituli
843 2684 1008 2728 sancte
1045 2680 1192 2729 Marie
1225 2679 1275 2727 in
1310 2681 1385 2728 via
1418 2679 1516 2728 lata
1550 2679 1780 2728 diaconus
1814 2678 2089 2738 cardinalis,

325 2761 498 2823 Borgia
516 2761 815 2824 vulgariter-n
825 2750 1107 2826 uncupatus.

387 2843 628 2907 AloysiuS,
653 2845 776 2892 tituli
799 2850 962 2894 sancte
983 2848 1132 2896 Marie
1152 2848 1202 2895 in
1220 2847 1475 2896 Cosmedin
1493 2847 1721 2894 diaconus
1739 2844 2010 2904 cardinalis,
2037 2846 2095 2893 de

325 2925 566 2988 Aragonia
584 2926 839 2990 vulgariter
852 2934 1171 2992 nuncupatus,

394 3009 685 3058 Subdiaconi
730 3011 980 3074 apostolici
1022 3027 1227 3075 quorum
1266 3027 1468 3060 numero
1507 3012 1718 3074 quinque
1753 3014 1863 3058 sunt
1902 3013 1948 3058 et
1984 3026 2091 3058 esse

329 3098 639 3153 consuerunt,
661 3093 736 3142 die
759 3094 1048 3158 supradicta,
1065 3099 1199 3143 erant
1224 3111 1233 3142 :

390 3176 776 3224 Aldobrandinus
798 3176 856 3225 de
878 3176 1079 3236 Ursinis,

386 3259 592 3306 Jacobus
614 3259 673 3307 de
695 3261 955 3318 Casanova,

387 3341 596 3391 Vasinus
622 3343 875 3404 Gambara,

391 3423 715 3472 Bernardinus
738 3426 989 3485 Gambara,
