2202 3926
319 335 368 370 62
927 326 1162 365 JOHANNIS
1196 323 1492 369 BURCHARDI,
1874 322 1984 362 [Avril
2007 321 2101 361 1493]

318 433 437 498 legit
468 431 615 481 latine
653 435 699 480 et
730 434 894 478 Rmus.
931 432 988 477 D.
1025 429 1280 478 cardinalis
1314 429 1372 478 de
1407 428 1642 477 Columna
1674 426 1722 473 in
1755 425 1936 488 vulgari
1966 441 1979 472 ι
2007 440 2103 488 qua

321 515 456 564 finita
481 518 528 564 et
549 513 761 562 candelis
783 512 1030 576 projectis,
1056 515 1200 575 Papa,
1226 511 1445 575 deposita
1471 509 1614 557 mitra
1635 512 1683 556 et
1709 513 1908 572 accepto
1931 523 2100 572 regno,

322 598 454 648 dedit
487 596 875 646 benedictionem
919 599 966 644 et
1006 595 1246 659 plenarias
1287 592 1611 656 indulgentias
1651 592 1965 655 quas-RRmi.
2000 593 2100 640 DD.

323 682 590 731 cardinales
618 698 655 728 s.
677 679 867 741 Georgii
888 677 1035 726 latine
1059 682 1104 726 et
1125 678 1184 726 de
1206 677 1442 725 Columna
1458 675 1507 723 in
1528 674 1710 739 vulgari
1730 675 2106 739 pronunciarunt

323 782 458 814 more
482 763 639 812 solito.

391 846 664 897 Cardinales
687 848 734 894 et
759 843 929 909 prelati
961 842 1136 891 deinde
1164 842 1490 907 deposuerunt
1519 846 1802 907 paramenta
1828 845 1876 891 et
1905 857 2107 906 accepe-

324 935 436 981 runt
469 946 664 994 cappas,
690 926 896 991 demptis
923 926 1187 991 majoribus
1219 927 1542 975 cardinalibus
1572 926 1653 990 qui
1684 926 1937 975 voluerunt
1968 941 2109 990 para-

327 1019 492 1064 menta
520 1012 731 1062 retinere
765 1027 853 1075 pro
875 1009 1043 1074 majori
1067 1026 1235 1059 eorum
1265 1011 1638 1069 commoditate;
1671 1015 1718 1059 et
1745 1012 1829 1059 SS.
1856 1013 1912 1058 D.
1944 1013 2112 1058 noster

328 1098 456 1147 venit
475 1096 535 1145 ad
556 1095 837 1144 mandatum
860 1093 989 1157 quod
1006 1093 1184 1142 factum
1206 1098 1278 1144 est
1294 1094 1342 1142 in
1365 1094 1579 1144 secunda
1599 1095 1709 1143 aula
1729 1109 1959 1142 novarum
1978 1091 2114 1141 habi-

328 1181 582 1239 tationum,
605 1194 663 1228 eo
685 1177 853 1226 ordine
875 1181 1019 1241 prout
1039 1177 1170 1240 prius
1188 1178 1236 1226 in
1259 1163 1402 1228 tertia
1427 1178 1536 1227 aula
1565 1178 1759 1242 antiqua
1778 1178 1885 1226 fieri
1907 1176 2108 1226 solebat.

328 1265 443 1313 Inde
471 1264 626 1311 banco
654 1278 742 1326 pro
773 1261 1081 1326 pauperibuS,
1107 1262 1372 1322 credentia,
1397 1262 1583 1327 pulpito
1610 1278 1698 1325 pro
1726 1261 1930 1310 diacono
1953 1266 2000 1310 et
2021 1259 2114 1309 alio

326 1364 413 1413 pro
435 1346 713 1397 cantoribus
743 1345 917 1394 eodem
946 1345 1091 1393 modo
1119 1345 1383 1404 collocatiS,
1405 1348 1570 1394 Rmus.
1596 1348 1653 1394 D.
1680 1344 1937 1394 cardinalis
1962 1360 2001 1391 S.
2028 1345 2115 1392 Se-

326 1431 476 1480 verini
503 1430 620 1478 dixit
648 1429 948 1494 evangelium
986 1435 1033 1478 et
1063 1435 1174 1494 post
1200 1446 1309 1479 eum
1342 1430 1599 1479 incantavit
1630 1432 1759 1494 Papa
1789 1444 1924 1478 more
1954 1428 2111 1477 solito.

327 1515 653 1563 Interfuerunt
674 1529 759 1562 sex
780 1513 858 1561 alii
878 1513 1165 1574 cardinales,
1189 1514 1413 1563 videlicet
1434 1531 1473 1562 s.
1500 1515 1780 1572 ClementiS,
1803 1530 1842 1562 s.
1860 1512 2113 1562 Anastasie

330 1603 377 1647 et
398 1598 578 1646 Montis
608 1597 800 1661 Regalis
830 1596 879 1644 in
909 1612 1076 1645 eorum
1096 1597 1287 1662 {cappis,
1314 1603 1361 1647 et
1390 1598 1619 1647 Senensis
1641 1615 1680 1646 s.
1705 1597 1897 1662 Georgii
1919 1601 1966 1646 et
1989 1590 2127 1645 vice-¹

329 1681 648 1730 cancellarius
682 1681 731 1728 in
770 1680 1043 1730 dalmatica.
1077 1684 1190 1730 Post
1219 1682 1496 1740 lectionem,
1535 1685 1594 1730 D.
1632 1682 1850 1730 Andreas
1876 1681 2114 1746 Capellus,

330 1769 494 1813 orator
528 1767 848 1823 Venetorum,
889 1764 1021 1812 dedit
1052 1780 1228 1828 aquam
1248 1765 1469 1813 manibus
1498 1768 1643 1830 Pape,
1673 1765 1915 1815 cardinale
1945 1782 1983 1813 s.
2010 1764 2118 1813 Cle-

330 1848 510 1897 mentis
533 1848 802 1913 adjuvante.
830 1847 1014 1897 Deinde
1036 1850 1166 1912 Papa
1183 1848 1299 1897 dixit
1318 1849 1469 1896 Pater
1487 1857 1643 1897 noster
1663 1853 1848 1898 secrete
1871 1853 1918 1897 et
1938 1847 2015 1895 Ne
2034 1864 2118 1895 nos

331 1931 527 1980 inducas
558 1931 607 1978 in
639 1931 942 1979 tentationem
970 1936 1017 1979 et
1044 1947 1155 1979 cum
1182 1932 1287 1980 aliis
1310 1932 1558 1982 versiculis
1586 1933 1680 1981 alta
1705 1947 1823 1982 voce
1854 1930 2116 1990 communi,

331 2030 469 2063 more
503 2013 662 2062 solito.
700 2016 822 2062 Tum
861 2015 1153 2079 pauperibus
1196 2021 1242 2065 et
1284 2016 1388 2065 aliis
1423 2017 1668 2066 benedixit
1707 2021 1753 2066 et
1789 2015 1839 2063 in
1874 2030 2118 2063 cameram

330 2097 487 2147 rediit.
519 2101 575 2145 D.
603 2097 892 2146 Philibertus
908 2100 1197 2158 Naturellus,
1221 2103 1384 2148 orator
1403 2100 1714 2149 illustrissimi
1738 2099 1943 2164 Philippi
1964 2098 2121 2149 archi-

333 2181 468 2230 ducis
496 2180 687 2229 Austrie
719 2185 767 2228 et
794 2182 1070 2245 Burgundie
1093 2183 1246 2240 ducis,
1275 2182 1436 2246 posuit
1465 2200 1516 2232 se
1548 2183 1892 2248 supradictum
1924 2188 2121 2233 Petrum

338 2264 541 2324 Queich,
575 2269 817 2312 oratorem
846 2264 1035 2312 comitis
1060 2265 1280 2326 Palatini,
1309 2267 1440 2331 quod
1459 2267 1538 2316 ille
1561 2269 1618 2315 D.
1644 2270 1813 2316 Petrus
1838 2272 2121 2332 supportare

339 2346 492 2396 noluit
515 2362 606 2395 nec
628 2362 773 2409 super
799 2362 908 2394 eum
935 2347 1135 2396 verbum
1157 2349 1339 2398 habere
1359 2350 1507 2399 voluit
1531 2367 1540 2398 ε
1565 2351 1767 2400 recessit
1788 2352 1846 2401 de
1869 2351 2068 2416 capella.

402 2429 586 2478 Eodem
620 2429 716 2488 die,
748 2430 830 2477 SS.
862 2431 918 2477 D.
953 2435 1119 2481 noster
1152 2433 1282 2481 circa
1315 2433 1488 2482 horam
1526 2451 1604 2482 xxl
1635 2434 1765 2483 venit
1798 2435 1859 2484 ad
1887 2435 2120 2500 capellam

339 2515 665 2580 supradictam
696 2514 777 2562 uhi
815 2515 1063 2563 matutinis
1093 2515 1308 2564 interfuit
1339 2516 1388 2563 in
1422 2532 1575 2581 cappa
1605 2533 1615 2565 :
1646 2516 1861 2566 fimbrias
1895 2516 2054 2566 eundo
2076 2521 2123 2566 et

340 2599 587 2648 redeundo
622 2597 825 2662 portavit
859 2597 1251 2664 archiepiscopus
1290 2601 1584 2652 Arelatensis
1613 2603 1862 2652 assistens.
1889 2584 2124 2653 Inter-fue-

336 2687 444 2730 runt
462 2686 651 2746 septem
673 2682 943 2747 presbyteri
966 2686 1011 2732 et
1034 2688 1239 2747 quatuor
1260 2685 1449 2734 diaconi
1467 2687 1752 2735 cardinales
1773 2686 1944 2735 Omnia
1961 2687 2124 2736 obser-

335 2771 442 2814 vata
461 2771 572 2813 sunt
594 2780 730 2814 more
753 2765 911 2814 solito.

400 2848 541 2898 Feria
567 2852 701 2896 sexta
722 2865 1000 2913 parasceve,
1027 2854 1052 2900 5
1073 2851 1252 2916 aprilis,
1277 2855 1359 2902 SS.
1386 2856 1444 2901 D.
1469 2860 1636 2904 noster
1663 2854 1790 2904 venit
1807 2854 1866 2903 ad
1887 2852 2120 2918 capellam

336 2933 572 2997 majorem
603 2936 800 2994 paratus
831 2934 1024 2993 amictu,
1048 2935 1172 2995 alba,
1199 2936 1407 3000 cingulo,
1434 2938 1557 2986 stola
1582 2938 1795 2987 violacea
1821 2943 1869 2986 et
1890 2953 2043 3002 cappa
2062 2936 2122 2985 de

337 3015 541 3065 scarlato
572 3018 620 3063 et
647 3019 803 3078 mytra
827 3015 1108 3080 simpliciori
1138 3035 1147 3066 ε
1174 3018 1323 3068 oravit
1342 3019 1391 3067 in
1411 3019 1680 3069 faldistorio
1702 3027 1750 3069 et
1777 3021 1838 3069 ad
1858 3019 1962 3086 ejus
1982 3019 2121 3069 sinis-

337 3104 461 3148 tram
486 3113 632 3160 supra
661 3097 921 3146 scabellum
950 3103 1114 3149 Rmus.
1145 3105 1201 3149 D.
1227 3102 1481 3151 cardinalis
1511 3103 1871 3167 Neapolitanus,
1904 3103 2118 3153 officium

336 3184 636 3247 peracturus,
663 3197 798 3230 more
822 3182 980 3232 solito.
1007 3186 1290 3234 Passionem
1318 3186 1542 3235 dixerunt
1562 3186 1776 3250 Raphael
1797 3187 2118 3237 subdiaconus

338 3264 520 3329 capelle
541 3264 628 3312 sub
650 3280 766 3313 voce
791 3266 1101 3330 evangeliste,
1124 3271 1180 3315 D.
1203 3269 1411 3317 Thomas
1433 3268 1665 3319 diaconus
1687 3271 1868 3335 capelle
1891 3270 1980 3319 sub
1999 3285 2115 3318 voce

339 3348 515 3397 Christi
549 3352 596 3396 et
628 3365 749 3396 unus
781 3355 1035 3401 cantorum
1068 3353 1156 3400 sub
1192 3367 1309 3401 voc-e
1342 3352 1495 3417 judei,
1534 3369 1702 3402 omnes
1736 3353 1786 3401 in
1823 3350 2116 3418 paramentis

341 3432 508 3496 nigris⁸
542 3433 597 3479 D.
632 3431 857 3493 ThomaS,
889 3433 1026 3483 dictis
1059 3435 1214 3485 verbis
1246 3451 1256 3484 ε
1293 3435 1518 3483 Reddidit
1544 3437 1776 3500 spiritum,
1807 3436 1934 3487 facta
1965 3450 2117 3500 genu-
