2216 3886
181 319 393 360 [Decembre
415 320 509 360 1499]
623 319 791 355 RERUM
825 318 1127 355 URBANARUM
1161 318 1510 355 COMMENTARH.
1888 319 1958 355 595

180 420 576 484 persuasionibus
603 425 783 485 posset,
811 421 999 470 volebat
1023 437 1049 469 a
1070 425 1246 485 nepote
1269 436 1355 469 5110
1380 420 1460 484 qui
1482 424 1695 468 armatus
1717 424 1836 478 erat,
1861 425 1909 468 et
1930 437 1958 467 a

182 502 492 551 servitoribus
531 504 628 552 suis
665 521 777 553 eum
816 505 1064 564 associari,
1104 504 1233 568 quod
1268 505 1347 552 ille
1384 504 1581 553 omnino
1617 503 1868 562 recusavit,
1909 508 1957 551 et

179 587 426 636 neminem
453 587 635 637 habere
662 588 809 636 voluit
837 606 847 637 ε
875 605 1161 653 persuasum
1182 588 1268 637 fuit
1290 589 1332 637 ei
1356 592 1406 637 ut
1425 587 1726 653 permitteret
1745 586 1955 650 aliquem

175 670 308 733 prius
337 670 535 719 domum
563 672 692 720 exire
714 673 795 735 qui
822 672 1206 737 perspiceret'ne
1234 672 1340 736 quis
1369 676 1621 736 suspectus
1647 671 1696 718 in
1723 670 1798 718 via
1824 674 1956 719 tran-

177 752 295 801 siret
315 755 391 802 vel
412 759 709 818 expectaret,
732 755 887 803 noluit
909 759 956 804 et
976 755 1024 803 id
1045 756 1167 815 fieri,
1193 755 1279 804 sed
1300 755 1429 804 solus
1457 755 1588 804 exire
1609 755 1778 802 libere.
1804 753 1957 802 Exivit

174 836 333 900 igitur,
359 842 558 901 accepto
578 838 680 886 solo
703 853 819 885 ense
843 853 947 897 suo,
972 839 1169 886 domum
1191 839 1458 903 predictam
1477 839 1607 886 circa
1622 838 1794 887 horam
1816 853 1956 902 quar-

173 923 269 966 tam
291 920 466 979 noctis,
490 924 539 968 et
564 936 663 968 non
682 920 826 985 longe
848 922 908 969 ab
936 921 1060 970 ostio
1091 922 1151 970 ad
1179 922 1375 970 domum
1400 939 1450 970 se
1479 921 1708 979 firmavit;
1733 937 1828 985 quo
1850 921 1953 985 ipso

176 1001 355 1051 ibidem
398 1007 572 1062 stante,
606 1008 917 1052 accesserunt
949 1004 1043 1052 duo
1084 1005 1301 1053 1110011105
1336 1021 1346 1052 :
1384 1004 1476 1052 Clu?
1504 1007 1527 1051 θ’
1556 1005 1632 1051 la?
1661 1003 1950 1068 Respondit:

172 1085 245 1145 Io,
273 1087 447 1144 amico‚·
471 1092 517 1135 et
540 1103 651 1136 011111
673 1088 739 1136 1111
760 1088 1076 1152 impetuosius
1098 1088 1453 1153 interrogarent
1479 1105 1489 1136 :
1520 1087 1611 1136 Clu?
1631 1089 1809 1135 amico?
1830 1089 1954 1136 Sub-

174 1170 330 1234 junxit
351 1170 430 1219 ille
456 1187 466 1218 :
491 1170 735 1219 Johamzes
766 1172 1018 1220 Cervillon.
1052 1174 1156 1228 Quo
1185 1172 1262 1221 vix
1291 1172 1436 1231 111010,
1465 1171 1708 1220 irruerunt
1738 1171 1786 1219 in
1814 1187 1949 1229 eum3

172 1269 294 1301 unus
315 1253 527 1317 pugione
547 1254 619 1302 vel
641 1254 800 1318 gladio
822 1255 869 1301 in
891 1259 1087 1319 pectore
1109 1255 1297 1303 duobus
1320 1255 1494 1303 ictibus
1516 1255 1778 1302 vulneravit
1799 1273 1808 1312 ;
1834 1255 1954 1302 alter

169 1337 312 1385 unico
337 1337 435 1385 ictu
462 1342 605 1401 caput
634 1338 677 1386 ei
708 1338 903 1396 abcidit,
938 1342 985 1386 et
1013 1338 1157 1386 ambo
1185 1339 1495 1402 aufugerunt.
1529 1341 1688 1401 Nepos
1719 1342 1768 1386 et
1794 1337 1872 1385 alii
1902 1337 1951 1385 in

168 1420 311 1468 domo
339 1420 557 1484 predicta
583 1421 863 1480 existentes,
895 1426 943 1470 et
970 1437 1143 1469 sonum
1170 1422 1426 1470 verborum
1452 1421 1687 1469 Johannis
1716 1420 1951 1469 Cervillon

165 1503 416 1552 audientes
439 1509 486 1552 et
510 1504 652 1552 simul
671 1505 820 1553 ictum
841 1505 986 1568 gladii
1014 1505 1246 1564 ferientis,
1275 1510 1475 1570 repente
1504 1505 1725 1554 exierunt
1752 1504 1951 1552 domum

166 1586 311 1635 visuri
343 1588 459 1651 quid
489 1591 640 1646 esset;
674 1588 976 1652 reperierunt
1002 1574 1274 1637 Johannem
1308 1588 1544 1637 Cervillon
1568 1588 1630 1636 011
1658 1603 1850 1635 murum
1873 1588 1951 1651 ja-

169 1676 362 1719 centem
391 1677 439 1720 et
468 1672 685 1720 nondum
717 1673 1020 1737 evaginatum
1046 1688 1214 1721 ensem
1243 1689 1389 1721 manu
1418 1675 1683 1730 tenentem,
1715 1675 1860 1735 caput
1889 1671 1948 1718 ab

169 1755 260 1802 alia
293 1758 427 1819 parte
454 1756 499 1803 in
532 1760 675 1816 terra,
713 1761 760 1804 et
792 1756 980 1804 nullum
1011 1756 1244 1804 indicium
1277 1772 1447 1805 eorum
1479 1756 1558 1819 qui
1589 1756 1683 1803 hoc
1716 1755 1948 1803 fecissent

167 1837 240 1885 vel
271 1838 596 1887 cucurrissent
618 1838 801 1887 habere
829 1843 1105 1903 potuerunt.
1137 1842 1251 1888 Post
1279 1840 1460 1888 factum
1487 1840 1600 1897 hoc,
1623 1838 1673 1886 in
1702 1853 1844 1886 mane
1868 1853 1946 1885 se-

168 1921 353 1984 quenti,
385 1921 578 1969 fuerunt
609 1923 692 1970 SS.
727 1925 784 1970 D.
819 1924 875 1971 N.
906 1939 1028 1987 pape
1060 1939 1147 1986 per
1172 1926 1229 1971 D.
1262 1923 1635 1986 gubernatorem
1665 1921 1806 1970 Urbis
1834 1937 1946 1985 pre-

167 2005 295 2053 dicta
330 2004 504 2064 relata,
546 2009 591 2053 et
631 2021 682 2054 se
719 2006 934 2070 predicto
975 2022 1087 2054 casu
1134 2006 1390 2054 occisionis
1435 2005 1668 2053 Johannis
1709 2004 1946 2053 Cervillon

171 2086 416 2136 intellecto
442 2087 614 2136 eadem
636 2091 797 2148 nocte,
822 2105 1049 2153 magnam
1071 2089 1368 2152 diligentiam
1398 2088 1677 2137 adhibuisse
1699 2091 1747 2136 et
1767 2091 1824 2135 D.
1850 2086 1948 2134 Eli-

169 2186 304 2219 seum
323 2186 379 2219 ac
402 2186 571 2219 omnes
592 2171 651 2220 de
669 2171 814 2220 domo
839 2172 898 2221 de
924 2173 1147 2220 omnibus
1169 2173 1425 2237 diligenter
1445 2171 1792 2222 examinavisse
1820 2187 1829 2219 :
1854 2170 1947 2220 hec

169 2253 418 2302 Sanctitati
446 2269 531 2303 sue
559 2254 767 2314 dicebat,
798 2271 874 2304 me
902 2260 1146 2320 presente,
1179 2255 1478 2320 subjungens
1505 2254 1636 2319 quod
1656 2270 1768 2302 011111
1794 2269 1947 2318 nepos

169 2341 216 2385 et
247 2338 325 2385 alii
359 2338 558 2385 domum
590 2337 745 2401 ipsam
769 2339 1027 2387 exivissent
1060 2344 1107 2386 et
1134 2342 1378 2387 mortuum
1406 2338 1680 2387 Johannem
1711 2336 1946 2386 Cervillon

171 2424 220 2468 et
245 2421 491 2470 neminem
518 2421 567 2469 in
593 2421 673 2469 illa
698 2422 771 2469 via
796 2422 1106 2482 invenissent,
1137 2427 1431 2471 concurrunt
1461 2423 1521 2470 ad
1543 2422 1665 2470 viam
1694 2425 1876 2470 rectam
1899 2419 1946 2466 in

174 2519 268 2565 qua
287 2520 384 2551 non
410 2504 553 2567 longe
580 2505 866 2553 invenerunt
892 2521 1096 2568 puerum
1117 2521 1264 2569 quem
1291 2505 1709 2570 interrogaverunt
1737 2504 1775 2552 si
1801 2519 1946 2567 quem

175 2586 392 2644 vidisset3
417 2587 664 2650 respondit
693 2603 743 2636 se
765 2588 1008 2636 neminem
1035 2588 1210 2635 vidisse
1237 2591 1399 2651 preter
1419 2588 1514 2636 duo
1544 2588 1626 2652 qui
1652 2588 1949 2636 intraverunt

174 2668 303 2716 illam
324 2686 520 2733 parvam
540 2669 682 2728 viam,
713 2675 760 2719 et
790 2671 900 2719 inde
927 2687 1016 2734 per
1039 2672 1246 2736 plateam
1275 2686 1499 2734 magnam
1528 2671 1701 2719 stabuli
1729 2670 1854 2718 Rmi.
1886 2671 1943 2716 D.

173 2753 447 2802 cancellarii
463 2753 769 2817 aufugerunt,
794 2770 883 2803 1100
901 2754 1059 2818 potius
1075 2754 1144 2803 eis
1165 2754 1295 2803 aliud
1306 2754 1541 2818 judicium
1560 2754 1673 2802 dare
1690 2753 1769 2817 qui
1786 2754 1949 2801 essent

173 2836 258 2884 illi.
291 2837 465 2900 Sicque
494 2853 676 2901 pauper
694 2837 773 2886 ille
795 2838 1027 2886 Cervillon
1057 2839 1232 2887 acerba
1258 2843 1411 2888 morte
1436 2840 1580 2886 vitam
1611 2837 1784 2896 finivit3
1811 2837 1947 2900 cujus

173 2919 376 2967 cadaver
407 2919 630 2967 adstatim
663 2936 749 2984 per
781 2922 1035 2970 servitores
1064 2938 1175 2971 suos
1200 2927 1441 2987 portatum
1476 2922 1563 2970 suit
1596 2921 1656 2969 ad
1690 2920 1947 2970 ecclesiam

177 3001 223 3047 b.
254 3002 402 3051 Marie
432 3003 801 3066 Transpontine,
831 3009 878 3053 et
900 3005 1079 3054 ibidem
1101 3006 1373 3070 depositum
1402 3007 1505 3054 sine
1533 2990 1727 3069 pompa,
1759 3009 1810 3051 ut
1837 3020 1947 3066 pre-

175 3084 394 3133 mittitur.

240 3169 326 3217 Die
349 3171 498 3229 Lune,
531 3173 590 3219 23
618 3171 798 3218 mensis
826 3171 1115 3233 decembris,
1146 3178 1256 3222 ante
1277 3173 1447 3220 horam
1478 3171 1663 3236 prandii
1687 3172 1770 3218 SS.
1805 3172 1860 3216 1);
1885 3171 1940 3216 N.

177 3254 226 3301 in
246 3256 303 3301 D.
337 3253 620 3301 Bernardini
642 3254 847 3302 Gutterii
873 3259 920 3303 et
948 3257 1031 3303 SS.
1059 3259 1115 3304 D.
1146 3259 1202 3305 N.
1234 3255 1482 3304 familiaris
1511 3254 1685 3303 secreti
1706 3257 1754 3302 et
1780 3253 1877 3302 mei
1898 3257 1946 3301 et

176 3337 371 3386 alterius
393 3336 565 3386 melius
587 3337 869 3400 exponentis
896 3339 1156 3401 presentia,
1179 3345 1434 3402 postquam
1456 3338 1583 3385 idem
1606 3339 1690 3386 SS.
1722 3340 1778 3385 D.
1803 3339 1859 3386 N.
1885 3337 1944 3385 de

174 3436 288 3468 casu
308 3418 586 3485 hujusmodi
607 3435 776 3483 parum
798 3421 1032 3481 doluerat,
1058 3421 1365 3486 interrogavit
1396 3437 1473 3470 me
1501 3420 1615 3484 quid
1639 3435 1726 3484 pro
1747 3420 1945 3468 inchoa-
