2202 3926
125 333 207 372 [Mai
227 333 318 373 1494]
572 331 739 368 RERUM
776 331 1077 368 URBANARUM
1106 331 1453 368 COMMENTARH.
1840 332 1907 368 129

123 434 255 496 poris
277 432 607 482 transversalis
633 432 840 481 ecclesie
867 432 1063 496 paratis,
1089 432 1168 479 ubi
1189 431 1283 480 sint
1305 431 1385 494 qui
1408 430 1598 494 singula
1615 430 1723 478 loca
1748 430 1908 478 distri-

127 514 293 564 buanL

194 599 280 648 Die
297 604 492 661 statuto,
517 602 647 651 circa
664 602 837 650 horam
859 618 940 660 xu,
961 601 1151 665 legatus
1174 603 1222 648 et
1243 599 1413 664 prelati
1436 614 1607 647 omnes
1628 598 1909 662 perveniant

129 682 191 730 ad
219 684 478 733 ecclesiam
505 690 552 735 et
580 687 627 734 in
651 686 772 734 locis
801 685 900 733 suis
921 688 1202 749 paramenta
1229 683 1298 733 eis
1326 683 1665 732 convenientia
1691 682 1910 746 superius

130 781 356 831 expressa
377 769 628 834 recipiant.

196 855 296 900 Rex
318 853 511 913 deinde,
537 854 800 902 camiseam
823 853 1010 901 habens
1032 869 1061 901 a
1082 857 1211 900 retro
1238 857 1455 916 apertam
1484 868 1636 914 usque
1665 851 1725 899 ad
1749 851 1912 914 cingu—

130 935 231 984 lum
248 938 394 986 certis
413 937 636 985 cordellis
659 937 932 1001 colligatam
955 941 1002 985 et
1023 935 1284 999 diploidem
1310 941 1356 983 et
1377 935 1683 993 vestitellum,
1706 939 1753 982 et
1775 933 1913 981 desu-

131 1035 219 1083 per
239 1024 421 1068 vestem
448 1021 507 1069 de
534 1021 762 1069 broccato
781 1021 885 1068 auri
911 1020 1058 1067 riccio
1081 1020 1352 1067 cremesino
1374 1019 1603 1082 amplam,
1625 1017 1686 1065 ad
1706 1018 1911 1065 formam

131 1103 371 1166 gallicam,
389 1108 438 1153 et
458 1104 637 1168 caligas
659 1104 717 1153 de
736 1119 896 1169 panno
918 1103 1075 1168 nigro,
1098 1119 1156 1153 ex
1175 1106 1341 1152 Castro
1359 1106 1491 1151 Novo
1509 1102 1667 1151 veniat
1682 1102 1741 1150 ad
1759 1101 1914 1150 eccle·

133 1187 254 1235 siam
284 1203 394 1235 cum
418 1189 516 1236 suis
547 1189 807 1237 curialibus
828 1192 874 1238 et
899 1188 1180 1248 baronibus,
1204 1204 1349 1252 quem
1376 1191 1486 1252 post
1515 1186 1702 1251 regales
1733 1190 1780 1234 et
1803 1200 1913 1234 ora-

133 1274 263 1320 tores
291 1276 338 1320 et
358 1273 486 1337 pagii
513 1278 560 1321 et
581 1273 769 1321 savoriti
797 1277 1078 1336 sequantur,
1104 1273 1359 1336 episcopus
1391 1271 1667 1335 Tropiensis
1693 1276 1741 1319 et
1767 1271 1916 1318 frater

131 1356 377 1406 Johannes
407 1357 466 1405 de
488 1357 781 1416 Mediolano,
807 1356 990 1405 ordinis
1016 1355 1194 1404 montis
1226 1355 1415 1414 Oliveti,
1446 1354 1682 1418 capellani
1703 1354 1913 1417 majores

134 1441 280 1504 regiS,
305 1445 352 1489 et
373 1441 452 1488 alii
474 1440 641 1505 togati.

197 1525 254 1571 D.
279 1524 525 1573 Johannes
546 1523 907 1588 protonotarius
938 1523 1064 1572 della
1091 1525 1234 1586 Sega,
1259 1526 1307 1572 et
1336 1526 1393 1571 D.
1419 1523 1666 1571 Johannes
1688 1527 1916 1587 protono-

133 1607 280 1656 tarius
311 1609 369 1657 de
405 1610 694 1657 Sermoneta
727 1607 964 1656 sedebunt
995 1607 1043 1655 in
1076 1622 1245 1655 eorum
1278 1607 1520 1655 mantellis
1551 1607 1599 1655 in
1633 1609 1729 1656 fine
1762 1608 1915 1655 ultimi

132 1692 314 1739 scamni
334 1695 443 1756 post
461 1692 580 1741 alios
598 1691 810 1756 prelatos
830 1691 880 1739 in
900 1691 981 1739 illo
1005 1690 1232 1740 sedentes
1254 1692 1314 1739 ad
1336 1691 1582 1740 sinistram
1608 1692 1915 1740 ascendentis

132 1774 505 1840 presbyterium,
531 1775 645 1824 etin
668 1790 726 1824 eo
743 1789 959 1834 scamno,
985 1774 1263 1823 immediate
1281 1778 1391 1823 ante
1414 1791 1515 1835 eos,
1538 1775 1674 1824 sedet
1692 1779 1749 1824 D.
1772 1778 1795 1822 J
1803 1775 1917 1823 ulia-

134 1873 225 1905 nus
253 1858 434 1907 electus
464 1859 781 1908 Marianensis
813 1858 959 1907 etiam
986 1858 1036 1906 in
1070 1875 1157 1907 suo
1186 1859 1435 1919 mantello,
1461 1860 1572 1922 quia
1595 1860 1812 1908 nondum
1846 1863 1918 1908 est

134 1946 464 1990 consecratus,

200 2027 257 2072 D.
279 2024 607 2073 Bernardinus
635 2024 874 2074 Gambara
900 2026 1223 2075 subdiaconus
1251 2026 1565 2091 apostolicus.
1593 2056 1656 2062 —
1687 2030 1744 2075 D.
1770 2026 1917 2091 Apol-

134 2110 291 2175 lonius
308 2110 366 2158 de
381 2110 664 2159 Valentinis.
686 2139 749 2145 —
765 2113 820 2158 D.
837 2110 1061 2159 Nicolaus
1083 2111 1141 2160 de
1165 2111 1497 2160 ConsanduliS.
1514 2141 1577 2147 —
1592 2114 1648 2159 D.
1670 2114 1692 2172 J
1698 2111 1916 2159 ohannes

136 2194 352 2258 Baptista
372 2193 431 2242 de
454 2193 653 2242 Glande.

198 2275 416 2340 Accolyti
449 2275 722 2341 apostolici,
753 2276 997 2325 rocchetis
1027 2281 1073 2325 et
1101 2277 1308 2341 desuper
1334 2277 1539 2341 pelliciis
1573 2278 1746 2337 induti,
1783 2276 1918 2326 sede-

138 2358 257 2406 bunt
287 2359 416 2407 circa
445 2359 594 2408 altare
631 2359 678 2406 in
705 2359 875 2407 ultimo
903 2360 1081 2424 gradu;
1110 2376 1280 2410 omnes
1308 2363 1389 2410 alii
1411 2362 1692 2411 cubicularii
1716 2365 1843 2426 Pape
1872 2366 1920 2410 et

137 2441 404 2506 cappellani
420 2441 564 2506 legati
583 2459 682 2491 non
702 2443 1004 2503 assistenteS,
1028 2448 1076 2493 et
1097 2444 1201 2493 sine
1224 2447 1592 2511 superpelliciis,
1613 2447 1848 2495 sedebunt
1870 2446 1919 2492 in

137 2530 266 2574 terra
284 2542 380 2575 non
402 2527 548 2592 longe
570 2528 629 2577 ab
648 2529 817 2578 altare.

204 2610 427 2660 Scutiferi
451 2611 599 2676 legati
621 2612 815 2661 stabunt
837 2612 885 2660 in
907 2628 1056 2662 cornu
1086 2615 1321 2679 evangelii
1350 2619 1479 2664 retro
1505 2616 1670 2674 altare,
1698 2616 1764 2664 ita
1790 2614 1916 2679 quod

136 2695 346 2758 prelatos
367 2695 427 2743 ab
442 2695 524 2744 illo
545 2695 696 2744 latere
719 2697 943 2745 sedentes
964 2712 1062 2745 non
1083 2698 1364 2762 impediant.

205 2778 418 2828 Curiales
439 2779 568 2843 regis
590 2780 826 2828 sedebunt
846 2781 961 2829 hinc
983 2785 1030 2830 et
1050 2781 1161 2830 inde
1190 2799 1333 2847 supra
1360 2784 1588 2848 gradibus
1610 2800 1677 2845 xv
1697 2783 1746 2831 in
1767 2783 1918 2832 choro

139 2861 266 2911 dicte
286 2862 493 2911 ecclesie
511 2862 761 2911 ordinatis,

203 2948 416 2995 Barones
438 2950 579 2994 erunt
599 2946 649 2994 in
671 2947 899 3007 scamniS,
919 2947 966 2995 in
987 2947 1130 3012 plano
1149 2966 1326 3015 magno
1349 2952 1567 3017 corporis
1589 2953 1919 3002 transversalis

139 3030 341 3079 ecclesie
359 3031 498 3095 juxta
516 3031 679 3080 locum
698 3039 951 3083 cantorum
973 3035 1222 3094 ordinatis,
1241 3040 1456 3086 oratores
1477 3037 1707 3085 autemin
1729 3037 1918 3086 bancho

139 3114 399 3176 postet-gali
437 3118 566 3163 retro
600 3132 798 3166 scamna
828 3133 915 3182 pro
948 3119 1144 3182 prelatis
1177 3119 1226 3166 in
1259 3121 1558 3186 presbyterio
1601 3121 1662 3169 ad
1701 3121 1917 3171 dextram

142 3195 455 3244 ascendentia
472 3199 647 3261 posito.

208 3282 327 3328 Cum
349 3281 658 3330 serenissimo
679 3299 794 3348 rege
815 3283 865 3331 in
887 3284 1099 3334 thalamo
1119 3302 1206 3335 suo
1228 3291 1382 3346 erunt,
1409 3288 1567 3351 ipsum
1590 3289 1767 3353 ubique
1789 3306 1919 3338 asso-

144 3363 356 3423 ciabunt,
381 3368 480 3412 tam
501 3364 550 3411 in
570 3366 869 3431 presbyterio
891 3384 1035 3431 quam
1056 3370 1167 3417 alibi
1188 3387 1198 3418 :

210 3451 266 3496 D.
305 3446 573 3496 Fridericus
607 3447 666 3496 de
695 3450 964 3513 Aragonia3
990 3455 1047 3499 D.
1073 3454 1273 3502 Gentilis
1294 3454 1538 3517 Virginius
1561 3457 1786 3513 Ursinus;
1813 3458 1916 3502 Don

334 3555 367 3579 τ.
391 3555 426 3579 ιι.
1711 3552 1734 3585 9
