2216 3886
164 354 442 396 {³³1¹W101'1599l
616 350 781 387 RERUM
818 347 1118 385 tjnssANARUM
1152 347 1500 384 (ΞΟΜΜΙΕΝΤΑΒΙΙ.
1878 348 1945 381 507

169 456 255 504 bus
290 454 405 512 suiS,
433 468 596 502 coram
631 468 682 500 se
716 466 813 498 non
846 449 1024 498 debere
1055 449 1327 513 protestari.
1361 448 1553 495 Dictum
1585 446 1673 494 fuit
1707 446 1832 494 inter
1859 447 1950 494 alia

170 537 322 585 dictos
344 540 560 583 oratores
581 534 778 598 petiisse
804 532 932 596 quod
963 534 1092 594 Papa
1113 535 1357 579 revocaret
1385 530 1537 578 filium
1567 545 1707 577 suum
1730 529 1951 577 cardina-

169 621 264 668 lem
284 619 593 668 Valentinum
613 633 672 665 ex
694 617 895 664 Francia
916 621 962 664 et
986 630 1096 664 eum
1115 614 1316 678 pristine
1336 613 1572 677 dignitati,
1595 612 1779 661 scilicet
1798 612 1954 661 cardi-

171 702 332 750 nalitie
357 702 631 749 restitueret
655 701 740 761 (1).

235 783 469 842 Sabbato,
518 786 573 830 19
619 781 800 830 mensis
842 780 1077 845 januarii,
1123 779 1367 844 predictus
1412 778 1642 842 magister
1684 778 1956 827 Alexander

173 866 375 915 extraxit
400 865 517 912 mihi
537 865 731 913 dentem
760 864 975 927 quintam
1006 863 1197 911 maxille
1229 862 1440 920 sinistre,
1465 862 1543 925 qui
1569 877 1824 919 concavus,
1853 867 1955 910 erat

175 954 221 996 et
237 954 506 1012 corruptus.

243 1031 378 1079 Fcria
396 1030 628 1090 secunda,
648 1033 706 1077 28
729 1030 842 1078 dicti
863 1030 1044 1078 mensis
1062 1029 1288 1093 januari-i,
1315 1032 1370 1076 D.
1396 1027 1622 1076 Girardus
1648 1030 1770 1076 Usus
1791 1029 1954 1087 Maris,

174 1114 429 1163 Januensis
459 1118 717 1171 mercator,
749 1113 950 1161 maritus
982 1115 1038 1160 D.
1066 1110 1391 1170 Theodorine,
1426 1111 1522 1159 filie
1553 1111 1704 1159 felicis
1734 1113 1958 1161 recorda-

180 1197 321 1245 tionis
344 1196 610 1245 Innocentii
632 1211 755 1260 pape
776 1199 901 1254 Vlll,
926 1196 1004 1259 qui
1033 1195 1136 1243 heri
1164 1210 1334 1242 cenam
1362 1194 1475 1242 fecit
1497 1209 1608 1241 cum
1637 1197 1775 1243 Rmo.
1802 1196 1958 1243 cardi-

178 1281 272 1329 nali
295 1283 654 1339 BeneventanO,
681 1295 825 1327 sanus
849 1284 896 1327 et
915 1279 1059 1338 letus,
1084 1279 1131 1326 in
1153 1294 1296 1326 mane
1320 1282 1538 1341 repertus
1561 1281 1634 1324 est
1655 1278 1701 1324 in
1724 1278 1849 1327 lecto
1872 1295 1959 1327 suo

177 1369 395 1412 mortuus
418 1367 464 1411 et
485 1362 575 1410 vita
595 1363 788 1410 functus
806 1378 865 1410 ex
887 1362 1138 1426 apoplexia
1157 1367 1221 1420 et,
1242 1361 1364 1408 hora
1386 1374 1711 1423 vesperarum,
1738 1361 1785 1408 in
1806 1362 1962 1410 eccle-

179 1447 248 1494 sia
280 1447 328 1494 b.
364 1445 513 1493 Marie
548 1445 607 1493 de
643 1445 824 1509 Populo
859 1445 1075 1509 sepultus
1109 1444 1597 1501 honorificentissime
1630 1460 1658 1491 a
1689 1445 1885 1508 prelatis
1914 1452 1960 1493 et

181 1530 370 1578 familiis
403 1529 716 1577 cardinalium
747 1534 793 1578 et
823 1528 927 1576 aliis
956 1528 1216 1576 curialibus
1244 1527 1511 1576 associatus
1539 1527 1598 1574 ad
1628 1526 1805 1575 dictam
1833 1528 1962 1577 basi-

181 1613 343 1661 licam.

247 1696 427 1744 Eadem
461 1696 556 1754 die,
590 1696 639 1743 in
674 1711 834 1755 mane,
862 1697 944 1743 SS.
981 1699 1037 1743 D.
1072 1699 1127 1744 N.
1160 1695 1386 1759 equitavit
1420 1694 1656 1751 Hostiam,
1686 1698 1732 1741 et
1764 1709 1874 1741 cum
1905 1710 1963 1741 eo

186 1782 348 1826 RmuS.
379 1781 432 1826 D.
459 1780 712 1842 Capuanus
747 1778 922 1841 Borgia
952 1779 1235 1834 cardinalis;
1260 1779 1504 1826 redierunt
1535 1777 1645 1825 inde
1674 1776 1733 1824 ad
1765 1779 1961 1837 Urbem,

184 1862 307 1925 jovis
330 1865 383 1909 31
409 1861 629 1925 ejusdem
648 1862 846 1920 mensis,
871 1862 998 1910 circa
1018 1862 1188 1910 horam
1210 1878 1322 1909 xxn.

251 1945 388 1993 Feria
416 1945 572 2004 tertia,
599 1948 659 1993 29
689 1945 803 1993 dicti
834 1945 1015 1993 mensis
1039 1945 1265 2008 januarii,
1291 1948 1457 1992 Rmus.
1484 1947 1541 1992 D.
1567 1943 1821 1992 cardinalis
1842 1946 1966 1992 Nea-

188 2029 424 2092 politanus
454 2044 513 2077 ex
546 2044 697 2092 regno
728 2028 1043 2092 Neapolitano
1070 2029 1280 2088 redienS,
1312 2033 1423 2076 ante
1457 2033 1503 2076 et
1532 2028 1660 2075 circa
1686 2027 1856 2074 horam
1884 2043 1962 2083 xx,

186 2110 371 2158 intravit
393 2109 572 2158 Urbem
592 2125 680 2173 per
696 2115 884 2173 portam
905 2126 943 2157 S.
968 2110 1118 2158 Pauli.
1142 2110 1309 2158 thmi.
1330 2112 1429 2157 DD.
1452 2109 1720 2158 cardinales
1739 2127 1778 2158 s,
1801 2111 1965 2158 Crucis

182 2199 229 2241 et
261 2193 489 2241 Senensis
519 2193 645 2241 inter
674 2210 794 2241 xvin
828 2198 875 2242 et
902 2210 1034 2242 xxnn
1058 2195 1230 2242 horam
1266 2194 1601 2257 equitaverunt
1632 2200 1678 2242 et
1707 2194 1894 2242 obviam
1922 2194 1966 2241 ei

184 2281 415 2325 venerunt
443 2268 598 2340 usque⁴
624 2277 685 2324 ad
715 2277 972 2325 ecclesiam
1001 2294 1039 2325 s.
1074 2277 1205 2325 Pauli
1234 2281 1370 2325 extra
1400 2277 1596 2336 Urbem,
1623 2277 1702 2326 ubi
1737 2293 1795 2325 ex
1825 2277 1966 2325 mulis

184 2360 541 2409 descenderunt
578 2365 626 2408 et
667 2360 922 2409 ecclesiam
962 2361 1194 2409 intrantes
1238 2365 1608 2424 expectaverunt
1649 2362 1778 2409 circa
1818 2361 1966 2409 altare

183 2444 338 2507 majus
360 2443 420 2490 ad
446 2448 666 2505 quartam
688 2448 873 2507 partem
899 2445 1035 2492 unius
1056 2445 1174 2492 hore
1198 2444 1269 2492 vel
1291 2444 1435 2503 circa,
1459 2460 1710 2507 quousque
1733 2444 1824 2491 illis
1847 2460 1968 2491 nun-

184 2528 395 2575 ciaretur
421 2526 719 2574 cardinalem
752 2527 1120 2590 Neapolitanum
1148 2527 1207 2575 ad
1236 2527 1388 2574 voltas
1419 2543 1458 2574 S.
1486 2527 1620 2574 Pauli
1649 2527 1835 2590 galeam
1867 2527 1970 2574 exi-

185 2610 306 2657 visse
329 2613 376 2656 et
397 2608 575 2655 mulam
605 2610 900 2657 ascendisse.
924 2612 1028 2666 Quo
1056 2610 1225 2657 nuntio
1246 2609 1431 2668 habito,
1457 2609 1778 2656 ascenderunt
1806 2613 1854 2657 et
1877 2609 1966 2673 ipsi

185 2694 340 2742 mulas
370 2692 657 2751 cardinales,
683 2696 730 2740 et
760 2693 919 2757 ipsum
948 2698 1083 2740 extra
1112 2697 1158 2740 et
1188 2692 1308 2740 citra
1333 2695 1520 2755 portam
1549 2691 1662 2739 dicti
1690 2691 1969 2740 monasterii

185 2793 223 2824 S.
244 2775 375 2823 Pauli
398 2779 788 2838 expectaverunt.
813 2777 917 2831 Quo
939 2773 1180 2822 cardinale
1204 2774 1517 2837 Neapolitano
1533 2773 1863 2838 perveniente,
1883 2774 1969 2821 ibi-

185 2860 295 2907 dem
324 2875 374 2906 se
403 2862 571 2905 mutuo
601 2857 662 2904 ad
682 2857 814 2921 pacis
836 2858 1054 2906 osculum
1078 2861 1364 2921 receperunt
1386 2862 1433 2906 et
1456 2857 1565 2904 inde
1595 2850 1761 2905 i‘ersus
1791 2857 1969 2904 Urbem

186 2943 460 3006 equitarunt
487 2956 637 3005 prope
666 2941 924 2989 ecclesiam
954 2958 992 2989 S.
1019 2941 1162 2990 Sabe.
1187 2944 1436 2990 Venerunt
1466 2940 1508 2989 ei
1530 2940 1726 2989 'obviam
1755 2946 1972 2989 oratores

190 3025 315 3088 regis
345 3025 645 3088 Neapolitani
675 3031 722 3074 et
750 3026 948 3074 dominii
979 3029 1295 3085 Venetorum,
1320 3041 1417 3073 non
1446 3025 1591 3088 longe
1623 3029 1758 3072 extra
1783 3030 1971 3087 portam

190 3124 228 3155 s.
255 3106 384 3154 Pauli
407 3125 416 3163 ;
441 3112 675 3155 venerunt
704 3108 849 3155 etiam
879 3108 921 3155 ei
954 3108 1142 3155 obviam
1177 3107 1446 3156 cardinales
1471 3107 1629 3155 Ursini
1661 3113 1708 3154 et
1739 3106 1970 3161 Medices,

239 3279 271 3314 1.
301 3277 350 3312 Le
370 3288 462 3324 pape
483 3276 553 3312 alla
573 3277 722 3325 jusqu‘a
749 3289 915 3313 menaeer
941 3289 986 3311 un
1014 3277 1079 3312 ‹les
1107 3276 1392 3312 ambassasleurs
1420 3291 1436 3307 u
1467 3276 1511 3310 sle
1534 3275 1564 3310 le
1591 3275 1679 3310 faire
1701 3275 1796 3322 jeter
1821 3275 1914 3310 «lans
1942 3274 1972 3309 le

191 3338 296 3373 Tibre
324 3348 370 3374 n:
399 3341 447 3380 et,
476 3339 636 3383 emporte
662 3348 729 3384 par
755 3336 787 3373 la
816 3336 945 3379 colere,
976 3335 998 3371 it
1027 3336 1158 3384 injuria
1186 3336 1282 3372 leurs
1315 3334 1543 3378 souverains,
1572 3333 1696 3369 disant
1723 3345 1793 3380 que
1816 3333 1848 3369 la
1875 3333 1972 3369 reine

193 3397 401 3444 ‹l'lispagne
429 3411 445 3426 «ι
475 3395 598 3431 n'etait
623 3407 689 3443 pas
716 3400 808 3432 cette
829 3396 954 3432 chaste
981 3395 1085 3432 dame
1111 3395 1221 3442 qu'on
1250 3407 1288 3430 se
1314 3393 1458 3441 plaisait
1488 3395 1508 3429 a
1535 3392 1624 3429 dire.
1658 3408 1676 3425 »
1700 3393 1791 3441 Yoy.
1816 3393 1970 3436 Sznuto,

196 3460 222 3494 t.
246 3457 291 3500 ΙΙ,
312 3456 381 3492 col.
398 3455 481 3493 385.
