2222 3926
192 352 352 394 [Janvier
371 354 463 395 14⁹5]
639 355 808 393 RERUM
841 355 1146 394 URBANARUM
1179 356 1531 397 COMMENTARII.
1905 364 1972 401 231

190 461 412 520 quartam
443 462 630 522 partem
658 459 778 508 hore
806 475 992 524 regem,
1018 460 1099 524 qui
1130 460 1326 509 tandem
1358 460 1487 508 venit
1509 460 1569 508 ad
1595 461 1829 525 capellam
1864 480 1974 527 pre-

193 540 372 590 dictam
401 558 510 590 cum
537 542 776 592 nobilibus
805 543 922 604 suis,
959 543 1019 592 ad
1046 559 1190 607 quam
1220 544 1323 608 ipse
1358 549 1406 593 et
1436 561 1607 594 omnes
1643 547 1734 605 sui,
1771 548 1972 611 prandio

191 629 405 688 peracto,
445 631 676 674 venerunt
722 627 950 685 inermes,
988 643 997 674 ε
1036 627 1254 675 custodia
1287 643 1375 675 sua
1409 628 1587 676 mansit
1625 633 1761 678 extra
1799 631 1860 678 ad
1893 646 1972 678 os-

192 708 312 756 tium
342 709 543 773 capelle.
579 713 711 758 Unus
739 714 927 759 tantum
954 711 1092 775 calpa
1127 727 1272 774 quem
1307 711 1699 761 subcamerarius
1729 729 1817 777 pro
1856 730 1970 778 rege

190 797 386 856 portare
428 795 676 843 consuevit
702 798 921 858 portatus
958 795 1046 842 suit
1074 810 1162 858 per
1197 796 1424 844 eumdem
1459 797 1876 845 subcamerarium
1914 799 1975 847 ad

193 876 418 926 eamdem
451 877 704 941 capellam.
738 881 838 926 Rex
859 894 918 926 ex
948 878 1292 928 commissione
1316 882 1442 944 Pape
1478 880 1602 928 sedit
1636 882 1687 928 in
1709 881 1823 930 sede
1845 882 1973 930 nuda

191 959 287 1007 sive
320 959 583 1008 faldistorio
623 960 770 1020 nudo,
802 962 995 1009 cussino
1027 961 1087 1010 de
1127 962 1325 1012 brocato
1369 968 1555 1012 tantum
1598 965 1819 1028 apposito
1861 970 1971 1014 ante

190 1043 488 1092 credentiam
518 1043 736 1092 sacristie
780 1050 826 1093 et
867 1049 979 1093 ante
1016 1061 1213 1093 manum
1241 1047 1489 1096 dexteram
1526 1051 1671 1113 Pape,
1704 1053 1756 1098 ut
1796 1049 1971 1098 melius

190 1127 374 1175 videret
394 1127 573 1176 omnia.

254 1210 438 1259 Deinde
474 1210 599 1260 facta
634 1217 708 1262 est
742 1215 869 1278 Pape
909 1214 1179 1262 reverentia
1223 1230 1311 1278 per
1350 1216 1619 1264 cardinales
1653 1221 1700 1263 et
1739 1217 1967 1280 prelatoS,

185 1308 322 1342 more
362 1294 521 1343 solito,
567 1295 701 1344 Dicta
734 1297 877 1344 tertia
919 1302 967 1345 et
1005 1297 1110 1346 aliis
1147 1313 1285 1347 more
1323 1302 1576 1356 consueto,
1629 1299 1843 1347 ordinavi
1883 1316 1970 1364 pro

187 1377 506 1426 ministranda
532 1394 658 1442 aqua
683 1381 906 1429 manibus
934 1381 1165 1446 episcopi,
1197 1382 1255 1430 de
1285 1382 1505 1446 ejusdem
1537 1383 1783 1430 Pontificis
1805 1384 1972 1431 volun-

186 1465 300 1521 tate,
341 1465 539 1526 Regem,
559 1465 660 1511 DD.
707 1463 766 1511 de
798 1465 932 1525 Foix,
976 1467 1149 1514 Bresse
1187 1469 1234 1514 et
1266 1467 1624 1530 Montpensier3
1661 1472 1823 1515 tamen
1860 1468 1973 1530 quia

184 1561 353 1594 eorum
392 1547 706 1611 precedentia
750 1548 868 1595 mihi
914 1554 1029 1597 nota
1067 1566 1165 1598 non
1206 1555 1323 1610 erat,
1373 1550 1726 1598 communicavi
1772 1551 1822 1598 id
1866 1552 1968 1615 regi

184 1645 329 1694 quem
356 1631 646 1695 interrogavi
669 1631 706 1679 si
735 1632 839 1696 ipse
868 1648 1043 1697 aquam
1073 1634 1350 1699 hujusmodi
1384 1634 1499 1683 dare
1527 1634 1688 1694 vellet,
1720 1635 1966 1699 respondit

181 1714 231 1762 id
261 1715 473 1765 libenter
496 1716 754 1775 facturum,
786 1716 824 1764 si
843 1718 1039 1782 regibus
1073 1719 1349 1767 conveniret
1380 1737 1390 1766 τ
1422 1719 1481 1767 de
1515 1718 1619 1767 aliis
1654 1719 1807 1767 tribus
1840 1719 1970 1783 quod

183 1799 347 1848 (larem
366 1800 637 1864 digniorem
663 1802 826 1851 locum
848 1805 906 1850 D.
941 1802 1000 1850 de
1023 1804 1214 1862 Bresse,
1241 1803 1524 1861 secundum,
1550 1806 1606 1851 D.
1633 1803 1692 1851 de
1714 1806 1969 1867 Montpen-

183 1883 297 1942 sier,
321 1884 545 1933 ultimum
569 1887 624 1933 D.
650 1886 709 1934 de
731 1886 866 1934 Foix.

251 1968 411 2015 Primo
455 1968 599 2031 igitur
634 1969 766 2018 dedit
805 1985 980 2033 aquam
1026 1970 1305 2037 hujusmodi
1348 1974 1404 2018 D.
1448 1970 1507 2018 de
1548 1970 1682 2030 Foix,
1731 1971 1964 2028 secundo,

184 2053 242 2099 D.
268 2043 697 2116 de'Montpensier,
722 2054 885 2111 tertio,
917 2056 973 2101 D.
1009 2053 1067 2102 de
1097 2057 1289 2112 Bresse,
1320 2059 1508 2117 quarto,
1544 2070 1643 2114 rex,
1676 2054 1753 2102 cui
1781 2055 1965 2118 portari

182 2135 273 2183 feci
298 2135 473 2183 bacilia
493 2135 552 2184 de
582 2137 828 2186 credentia
856 2139 983 2201 Pape
1005 2153 1093 2201 per
1119 2140 1176 2185 D.
1203 2138 1261 2186 de
1285 2138 1454 2203 Ligny,
1479 2138 1802 2186 camerarium
1826 2153 1966 2185 suum

183 2224 425 2268 secretum
458 2219 539 2283 qui
577 2220 777 2284 singulis
810 2221 1032 2270 noctibus
1063 2237 1175 2270 cum
1212 2237 1326 2285 rege
1355 2222 1476 2270 solet
1515 2221 1752 2279 dormire3
1790 2226 1838 2269 et
1874 2236 1966 2285 ego

179 2302 362 2366 portavi
395 2303 623 2352 tobaliam
657 2320 745 2368 pro
779 2305 920 2364 collo,
958 2321 1109 2369 usque
1144 2307 1204 2354 ad
1236 2305 1411 2370 gradus
1447 2306 1553 2354 solii
1588 2307 1716 2368 Pape
1752 2305 1831 2352 ubi
1867 2306 1965 2369 regi

179 2388 334 2451 ipsam
352 2387 589 2451 imposui;
615 2393 680 2446 et,
712 2389 924 2452 acceptis
944 2405 1033 2452 per
1052 2404 1219 2453 regem
1242 2389 1497 2448 bacilibus,
1526 2404 1617 2452 ego
1643 2387 1733 2435 sibi
1758 2386 1818 2434 de
1843 2402 1969 2449 aqua

178 2471 272 2519 feci
307 2470 620 2520 credentiam.
659 2474 759 2520 Rex
793 2487 904 2520 cum
926 2472 1162 2522 bacilibus
1190 2472 1408 2522 ascendit
1443 2473 1504 2521 ad
1538 2475 1720 2536 Papam
1755 2475 1803 2519 et
1836 2470 1966 2518 dedit

180 2560 311 2603 stans
333 2570 507 2618 aquam
530 2555 752 2604 manibus
775 2558 921 2620 Pape,
947 2558 1029 2621 qui
1046 2558 1194 2607 voluit
1227 2558 1357 2622 quod
1380 2558 1485 2622 ipse
1505 2574 1593 2606 rex
1623 2557 1682 2605 de
1709 2571 1835 2619 aqua
1859 2570 1966 2603 cre-

180 2638 393 2688 dentiam
416 2638 616 2688 faceret.
656 2640 969 2703 Evangelium
997 2641 1200 2689 latinum
1237 2642 1356 2691 dixit
1392 2641 1646 2690 cardinalis
1684 2640 1960 2698 Cesarinus,

180 2738 378 2788 grecum
409 2726 462 2770 R.
501 2725 554 2770 P.
590 2705 647 2771 D.
686 2724 923 2788 Georgius
961 2725 1252 2785 Alexander,
1292 2726 1548 2790 episcopus
1590 2723 1961 2780 Archadiensis;

180 2806 432 2876 epistolam
467 2807 666 2856 latinam
704 2810 760 2855 D.
804 2809 1130 2857 Bernardinus
1167 2810 1421 2869 Gambara,
1454 2808 1777 2867 subdiaconus
1818 2823 1963 2870 apos-

176 2891 368 2950 tolicus,
398 2906 595 2955 grecam
631 2894 688 2939 D.
717 2893 1005 2952 DemetriuS,
1046 2893 1364 2942 beneficiatus
1393 2893 1588 2942 basilice
1625 2891 1859 2956 predicte.
1899 2894 1957 2938 D.

178 2974 433 3023 cardinalis
475 2975 819 3039 Neapolitanus
863 2975 951 3024 suit
989 2976 1221 3024 assistens
1262 2979 1408 3041 Pape.
1449 2979 1569 3025 Cum
1614 2978 1743 3039 Papa
1780 2974 1963 3021 diceret

178 3058 535 3107 confessionem
553 3063 664 3108 ante
686 3060 855 3119 altare,
880 3076 982 3120 rex,
1009 3065 1061 3108 ut
1083 3060 1247 3109 omnia
1268 3060 1443 3109 melius
1463 3059 1663 3118 videret,
1689 3057 1811 3106 sedit
1834 3060 1961 3105 retro

179 3143 377 3204 Papam,
412 3142 585 3191 deinde
614 3143 833 3192 ascendit
862 3144 922 3192 ad
952 3143 1119 3193 sedem
1144 3160 1282 3192 suam
1312 3144 1408 3192 sive
1437 3142 1755 3192 faldistorium
1777 3140 1960 3188 nudum

178 3240 289 3274 cum
310 3225 504 3274 cussino
526 3242 672 3276 aureo
694 3227 905 3292 desuper
926 3229 1084 3292 posito
1125 3227 1264 3287 (illud
1283 3227 1503 3275 videlicet
1531 3242 1676 3290 super
1697 3240 1792 3288 quo
1815 3224 1959 3271 etiam

179 3308 314 3372 prius
347 3307 547 3356 sedebat
580 3314 691 3358 ante
726 3313 925 3374 Papam,
961 3312 1090 3375 quod
1122 3311 1259 3375 posui
1292 3311 1420 3359 inter
1452 3309 1607 3358 simile
1640 3309 1959 3357 faldistorium

181 3407 267 3456 pro
302 3390 529 3439 cardinali
561 3393 875 3456 Neapolitano
908 3395 957 3441 in
985 3394 1093 3443 loco
1125 3398 1356 3442 consueto
1389 3398 1609 3456 paratum
1637 3398 1684 3441 et
1717 3392 1957 3439 banchum

183 3473 523 3537 episcoporum
551 3479 599 3522 et
628 3475 1019 3539 presbyterorum
1041 3476 1391 3538 cardinalium).
1414 3478 1543 3523 Inter
1571 3475 1836 3524 faldistoria
1864 3474 1957 3519 hu-
