2216 3886
194 344 304 384 [Mars
325 344 415 382 14983
641 341 808 377 RERUM
842 340 1144 377 URBANARUM
1171 341 1517 379 COMMENTARH.
1903 351 1973 386 4537

196 445 309 493 hinc
331 449 376 493 et
398 444 508 492 inde
531 444 668 507 juxta
686 443 863 491 lectum
886 446 932 491 et
954 442 1048 490 duo
1071 459 1214 507 super
1235 444 1316 491 illa
1336 445 1431 493 duo
1453 445 1758 495 candelabra.
1786 449 1970 497 Deinde

197 529 323 576 circa
344 528 516 575 horam
540 526 892 585 duodecimam,
917 525 1041 574 venit
1059 529 1224 574 Rmus.
1252 530 1308 574 D.
1331 528 1586 575 cardinalis
1607 531 1965 594 Neapolitanus,

198 610 372 658 deinde
413 609 767 667 UlixbonensiS,
804 612 972 672 postea
1005 625 1042 656 s.
1082 610 1261 668 Crucis,
1293 614 1391 658 tum
1424 612 1656 672 Medices,
1691 616 1965 673 Cesarinus,

195 693 472 751 Grimanus,
507 692 776 740 successive
808 693 1167 751 Recanatensis,
1203 710 1240 741 s.
1271 694 1549 754 Clementis,
1582 698 1963 759 Beneventanus,

196 793 234 824 s.
274 776 521 834 Praxedis,
556 792 594 823 s.
634 775 866 839 Dionysii,
899 775 1260 838 Agrigentinus,
1294 777 1662 838 Alexandrinus,
1694 781 1968 845 Agrigenti-

195 875 300 917 nus,
323 859 603 916 Perusinus,
626 857 872 916 Senensis,
897 874 936 905 s.
962 859 1171 921 Georgii,
1200 859 1638 922 vicecancellarius,
1665 880 1702 911 s.
1731 866 1963 926 Severini,

196 943 454 991 Farnesius
477 946 523 990 et
542 941 731 1003 Borgia.

259 1029 372 1074 Post
400 1026 657 1073 adventum
688 1025 903 1087 priorum
937 1024 1098 1084 trium,
1132 1018 1377 1089 inceptum
1406 1031 1478 1075 est
1511 1027 1726 1076 officium
1754 1034 1969 1078 mortuo-

192 1126 298 1157 rum
330 1126 340 1157 :
372 1109 542 1156 fratres
576 1123 615 1155 s,
650 1107 902 1171 Augustini
939 1107 1160 1157 dixerunt
1192 1124 1432 1172 vesperas,
1470 1111 1642 1160 fratres
1676 1129 1714 1160 s.
1753 1113 1967 1178 Dionysii

191 1195 402 1258 primum
434 1197 720 1241 nocturnum
754 1196 800 1240 et
828 1192 998 1238 fratres
1030 1208 1068 1238 S.
1107 1193 1378 1255 Augustini,
1411 1193 1602 1253 iterum,
1637 1196 1829 1243 tertium
1856 1212 1992 1245 noc-.

193 1283 407 1335 turnum,
434 1277 545 1340 quia
565 1276 737 1324 fratres
763 1274 951 1322 Araceli
973 1274 1217 1337 dedignati
1240 1280 1351 1323 sunt
1369 1277 1548 1325 venire.
1575 1279 1819 1327 Fratribus
1843 1281 1971 1344 ejus-

193 1361 303 1408 dem
327 1377 365 1407 s.
399 1357 653 1423 Augustini
675 1357 783 1405 dedi
811 1357 884 1404 bis
911 1356 1136 1404 candelas
1157 1357 1204 1404 in
1236 1358 1344 1405 aula
1374 1359 1487 1421 quia
1516 1359 1588 1406 bis
1621 1365 1891 1421 cantarunt,
1920 1367 1970 1410 ut

190 1444 442 1507 prefertur.
467 1443 631 1490 Finitis
657 1441 895 1499 laudibus,
927 1440 1242 1503 deportarunt
1265 1441 1404 1488 funus
1433 1442 1491 1489 de
1516 1442 1625 1489 aula
1645 1443 1703 1490 ad
1726 1459 1968 1493 cameram

191 1532 239 1574 et
260 1527 433 1574 deinde
465 1526 524 1574 ad
557 1526 805 1573 basilicam
826 1523 1093 1587 predictam
1115 1524 1284 1572 fratres
1304 1541 1343 1572 s.
1373 1525 1613 1573 Francisci
1644 1526 1702 1574 de
1732 1532 1968 1576 conventu

191 1611 317 1658 dicte
355 1610 551 1658 basilice
589 1610 869 1657 existentes.
913 1611 1258 1656 Precesserunt
1295 1608 1436 1655 funus
1473 1608 1717 1657 intorticia
1753 1627 1890 1671 Lxxx,
1932 1611 1968 1658 si

191 1698 320 1742 recte
343 1694 559 1752 memini,
588 1697 635 1741 et
655 1693 795 1740 funus
818 1692 976 1756 ipsum
999 1691 1188 1755 sequuti
1209 1695 1318 1739 sunt
1339 1692 1494 1755 primo
1514 1693 1809 1756 gubernator
1829 1694 1970 1742 Urbis

193 1793 219 1825 a
237 1777 416 1824 dextris
439 1792 549 1824 cum
577 1776 699 1824 duce
719 1775 1086 1834 Brunswicensi,
1113 1778 1302 1822 oratore
1334 1780 1500 1823 nostro
1522 1792 1550 1823 a
1571 1776 1790 1836 sinistris,
1817 1777 1971 1824 archi-

193 1858 447 1921 episcopus
475 1858 744 1921 Ragusinus
767 1873 795 1905 a
818 1858 996 1905 dextris
1018 1873 1127 1904 cum
1149 1863 1339 1925 oratore
1366 1858 1491 1921 regis
1521 1859 1747 1922 Hispanie
1775 1876 1803 1907 a
1833 1861 1971 1908 sinis-

193 1942 295 1999 tris,
321 1941 494 1990 deinde
517 1942 594 1988 alii
624 1941 791 2005 prelati
822 1941 922 1987 bini
945 1946 993 1988 et
1014 1941 1112 1988 bini
1141 1941 1334 2000 ordine,
1359 1937 1492 1989 more
1522 1943 1679 1990 solito.
1713 1946 1968 2007 Postquam

192 2025 336 2072 funus
373 2025 463 2072 fuit
500 2031 635 2073 extra
673 2025 872 2084 curiam,
912 2025 1180 2073 cardinales
1218 2025 1543 2073 discesserunt
1581 2026 1639 2073 de
1678 2026 1806 2074 dicta
1841 2028 1965 2085 aula,

191 2108 516 2156 ascenderunt
543 2109 696 2156 mulas
720 2109 779 2156 ad
807 2108 977 2156 domos
1012 2124 1122 2155 suas
1148 2108 1364 2167 redituri,
1400 2109 1606 2171 demptis
1636 2110 1826 2157 RRmis.
1865 2113 1964 2158 DD.

189 2192 506 2255 Neapolitano
544 2197 591 2239 et
628 2191 939 2239 Ulixbonensi
978 2191 1332 2251 executoribus,
1374 2191 1454 2255 qui
1490 2192 1668 2251 statim,
1708 2192 1876 2241 funere
1911 2210 1968 2242 ex

191 2274 299 2322 aula
319 2279 528 2338 portatO,
559 2275 747 2323 iverunt
769 2290 857 2337 per
876 2274 1054 2322 lodiam
1082 2290 1308 2338 magnam
1339 2275 1399 2322 ad
1421 2275 1619 2322 domum
1646 2291 1790 2338 quam
1813 2276 1968 2324 dictus

193 2357 449 2405 defunctus
470 2358 718 2417 habitavit,
742 2358 914 2405 facturi
934 2358 980 2405 in
1003 2374 1061 2406 ea
1077 2373 1170 2421 que
1190 2358 1249 2405 ad
1271 2358 1482 2406 officium
1502 2355 1815 2407 eXecutorum
1834 2376 1970 2423 spec-

190 2442 372 2490 tabant.
394 2441 633 2489 Sederunt
655 2445 817 2489 autem
839 2442 885 2488 in
903 2441 1011 2488 aula
1030 2442 1124 2489 hoc
1147 2441 1315 2489 ordine
1334 2458 1344 2489 :
1370 2441 1417 2488 in
1441 2456 1640 2490 scamno
1662 2444 1967 2490 transversali

188 2525 238 2571 in
260 2524 414 2587 capite
443 2525 567 2584 aule,
599 2524 778 2572 directe
808 2529 943 2572 extra
965 2525 1140 2572 ostium
1170 2525 1411 2582 introitus,
1443 2525 1676 2574 sedebant
1702 2526 1967 2575 cardinales

189 2623 276 2671 pro
299 2607 516 2656 oratione
543 2623 712 2656 omnes
734 2612 877 2671 caput
897 2607 1131 2655 facientes
1158 2607 1206 2654 in
1229 2607 1503 2670 oppositum
1532 2608 1750 2671 ejusdem
1772 2608 1880 2656 ostii
1908 2609 1968 2656 ad

191 2691 433 2739 sinistram
466 2691 684 2738 intrantis
710 2707 719 2738 :
746 2691 791 2738 in
826 2690 1034 2738 scamnis
1064 2690 1340 2738 lateralibus
1370 2689 1484 2738 hinc
1515 2696 1563 2738 et
1594 2691 1705 2740 inde
1740 2692 1968 2740 sederunt

189 2778 404 2835 oratores
432 2778 479 2822 et
505 2773 695 2837 prelati,
721 2773 944 2822 videlicet
966 2777 1073 2837 post
1094 2773 1314 2820 ultimum
1337 2773 1628 2822 cardinalem
1649 2774 1819 2838 prelati
1841 2775 1968 2838 pala-

189 2858 276 2907 tini
304 2862 351 2906 et
385 2858 443 2906 ab
471 2858 563 2906 alio
590 2858 760 2917 latere,
782 2859 918 2922 juxta
950 2844 1335 2920 Neapolitanum,
1361 2862 1577 2905 oratores
1615 2858 1886 2922 principum
1922 2862 1968 2906 et

190 2946 298 3005 post
329 2957 413 2990 eos
434 2942 513 2989 alii
543 2941 731 3005 prelati.
766 2941 1030 2989 Habuimus
1059 2944 1341 2989 ornamenta
1367 2940 1476 2989 lecti
1500 2941 1719 3005 predicti,
1748 2942 1968 2989 videlicet

194 3025 289 3071 duo
319 3025 570 3074 mataratia
601 3041 794 3089 magna,
827 3026 972 3083 bona,
1012 3039 1096 3071 sex
1131 3024 1350 3072 cussinos
1382 3023 1441 3072 de
1474 3024 1648 3087 plumis
1677 3025 1784 3072 loco
1821 3025 1969 3087 pulvi-

194 3107 379 3154 narium
403 3124 496 3170 que
519 3123 616 3156 non
635 3109 849 3166 aderant,
872 3108 989 3154 duas
1012 3107 1220 3155 cortinas
1240 3108 1297 3155 de
1318 3109 1475 3170 sargia
1491 3108 1647 3166 viridi,
1673 3108 1766 3155 duo
1789 3111 1966 3171 tapeta,

196 3190 400 3237 alterum
437 3206 667 3253 magnum
696 3191 836 3238 trium
880 3205 1143 3239 cannarum
1174 3190 1489 3253 longitudinis
1526 3194 1573 3238 et
1607 3191 1792 3253 largum
1830 3191 1970 3238 unius

197 3272 272 3320 vel
293 3272 440 3327 circa,
463 3278 511 3320 et
530 3264 678 3320 unum
699 3274 961 3322 linteamen
983 3274 1111 3336 quod
1131 3278 1233 3321 erat
1255 3290 1398 3336 super
1419 3288 1637 3321 mensam
1658 3289 1746 3335 pro
1767 3274 1906 3322 thure
1927 3278 1970 3320 et

204 3355 308 3402 aliis
330 3356 388 3402 ad
410 3355 557 3418 pedes
580 3356 691 3404 lecti
717 3362 950 3420 paratam.

271 3437 523 3486 Dominica
563 3443 732 3500 quarta
775 3439 1165 3501 quadragesime,
1206 3442 1374 3486 Letare
1418 3444 1715 3502 nuncupata,
1756 3443 1814 3486 25
1856 3438 1969 3485 dicti
