2202 3926
291 342 356 377 170
654 326 659 330 '
894 339 1127 376 JOHANNIS
1161 339 1456 386 BURCHARm,
1864 345 1945 384 [an
1969 345 2066 384 1494]

289 443 472 492 habens
505 444 681 508 gradus
710 444 903 493 circiter
932 443 1140 506 quinque
1176 444 1247 491 vel
1278 460 1362 491 sex
1395 460 1405 490 :
1434 444 1580 506 longa
1601 446 1718 502 erat,
1753 447 1801 492 et
1828 444 1877 492 in
1907 446 2066 494 medio

292 528 488 577 sedebat
508 528 694 591 legatus
716 527 776 574 ad
797 527 1043 574 dexteram
1070 527 1195 589 regis
1222 543 1232 573 :
1258 526 1306 572 in
1328 525 1549 588 opposito
1572 530 1687 582 erat,
1702 526 1947 575 credentia
1966 528 2069 576 lon-

290 611 516 674 gitudinis
544 611 744 658 duarum
777 624 1055 666 cannarum,
1087 608 1159 655 vel
1193 608 1336 667 circa,
1363 607 1539 671 gradus
1559 608 1843 670 xuhabens,
1870 610 1907 657 si
1933 616 2064 659 recte

292 692 505 751 memini,
530 690 862 755 pulcherrimis
891 690 1012 736 vasis
1038 690 1178 752 plena
1204 706 1213 736 :
1239 689 1287 736 in
1314 689 1534 754 opposito
1563 691 1670 738 ostii
1691 691 1740 738 in
1768 692 1875 740 loco
1897 693 1993 742 alto
2014 694 2062 742 in

290 790 427 823 muro
464 774 751 837 composito,
791 771 998 831 stabant,
1038 787 1121 820 seu
1158 769 1390 820 sedebant
1423 772 1658 822 tubicines
1689 778 1735 822 et
1772 775 2060 825 fistulatores

293 857 418 920 regis
436 870 607 904 novem
630 855 699 902 vel
716 854 862 915 circa,
886 855 965 918 qui
987 856 1046 903 ad
1067 855 1316 904 introitum
1342 855 1638 920 singulorum
1651 856 1945 906 biberiorum
1967 859 2062 908 sive

293 939 468 1003 dapum
493 938 745 986 sonabant.
772 938 1053 1001 Magnificus
1068 938 1284 987 Andreas
1298 939 1536 988 Mattheu's
1558 940 1774 988 marchio
1795 941 1997 991 Martine
2019 947 2064 990 01

296 1023 454 1085 regius
490 1022 645 1085 major
682 1021 899 1069 scalchus
935 1022 996 1070 ad
1033 1022 1278 1071 introitum
1316 1023 1614 1086 singulorum
1650 1024 1826 1088 dapum
1862 1025 1911 1072 in
1942 1040 2064 1088 equo

294 1105 626 1170 preequitabat
659 1105 717 1152 ab
745 1105 868 1153 ostio
899 1121 1050 1169 usque
1078 1106 1137 1154 ad
1166 1106 1343 1154 scalam
1373 1122 1467 1169 qua
1496 1107 1557 1154 ad
1585 1123 1804 1155 mensam
1838 1108 2066 1156 ascende—

294 1187 451 1247 batur,
476 1188 707 1236 incedens
736 1193 782 1236 et
799 1189 1033 1238 recedens
1059 1195 1189 1238 recta
1207 1190 1283 1238 via
1302 1189 1361 1237 ab
1384 1190 1508 1238 ostio
1536 1191 1595 1238 ad
1623 1191 1919 1239 credentiam
1940 1195 1988 1240 et
2009 1191 2067 1239 de

295 1271 541 1320 credentia
560 1277 694 1320 recta
713 1272 788 1320 via
808 1273 868 1320 ad
888 1288 1123 1332 mensam,
1151 1274 1376 1321 baculum
1397 1273 1557 1321 album
1578 1275 1776 1337 longum
1797 1290 1942 1323 manu
1964 1290 2070 1339 305-

296 1360 401 1403 10115
431 1359 478 1403 01
503 1359 661 1404 vestes
692 1355 823 1403 albas
854 1373 863 1403 :
899 1371 1049 1420 equus
1071 1356 1206 1404 albus
1232 1357 1376 1405 etiam
1407 1362 1527 1417 erat,
1561 1358 1656 1405 duo
1684 1362 1820 1406 erant
1847 1355 2064 1422 dapiferi,

297 1455 418 1486 unus
446 1440 503 1487 ad
535 1439 750 1487 dextram
782 1439 1014 1498 videlicet,
1049 1439 1129 1503 qui
1156 1444 1256 1488 erat
1278 1440 1441 1503 legati,
1479 1441 1598 1488 alius
1626 1441 1687 1488 ad
1716 1441 1959 1489 sinistram
1987 1442 2066 1504 qui

294 1527 396 1571 erat
416 1522 566 1585 regis;
589 1527 635 1570 et
657 1537 826 1571 omnes
848 1522 926 1570 alii
948 1523 995 1570 in
1013 1523 1209 1586 paribus
1230 1523 1352 1570 vasis
1379 1524 1693 1587 portabantur
1711 1523 1872 1586 legato
1895 1528 1941 1572 et
1965 1525 2064 1587 regi

293 1606 484 1670 paribus
516 1607 757 1669 coopertis
787 1607 1001 1671 cooperti
1031 1623 1039 1654 :
1070 1623 1166 1654 non
1195 1608 1443 1655 numeravi
1473 1607 1638 1671 dapes,
1673 1607 1783 1670 quia
1811 1622 1906 1655 non
1939 1607 2006 1654 fui
2039 1624 2068 1655 a

292 1688 526 1753 principio
553 1689 758 1751 prandii,
791 1690 876 1737 sed
904 1690 1032 1737 circa
1058 1690 1270 1738 medium
1298 1690 1422 1738 veni.
1459 1693 1663 1753 Legatus
1695 1690 1839 1737 etiam
1859 1690 2069 1738 habebat

293 1773 536 1837 proprium
567 1771 832 1830 scalchum,
863 1771 1088 1819 baculum
1115 1771 1313 1835 longum
1342 1787 1488 1818 manu
1516 1775 1804 1834 gestantem,
1829 1771 1909 1834 qui
1935 1772 2068 1835 regio

293 1854 503 1912 50010110,
539 1855 599 1903 011
620 1854 796 1919 gradus
836 1869 1004 1902 mense
1038 1870 1097 1902 ex
1130 1869 1255 1915 equo
1287 1853 1630 1912 descendente,
1665 1852 1992 1902 descendebat
2022 1860 2070 1902 et

251 1986 254 1990 ,
294 1940 392 2002 ipse
422 1954 511 2002 per
542 1939 737 2002 gradus,
771 1944 817 1987 et
852 1938 994 1986 simul
1025 1953 1133 1986 011111
1163 1937 1243 1984 1110
1274 1936 1566 1985 ascendebat
1597 1935 1905 1999 sequentibus
1938 1936 2068 2001 ipsos

291 2021 535 2085 dapiferis.
573 2024 779 2087 Legatus
812 2021 979 2070 habuit
1015 2019 1297 2069 scutiferum
1331 2020 1389 2068 de
1419 2024 1534 2084 potu
1563 2020 1651 2068 51111
1683 2019 1991 2080 servientem,
2021 2025 2068 2069 et

292 2121 375 2153 rex
404 2104 465 2153 ad
491 2105 619 2153 idem
649 2107 797 2154 alium
828 2105 916 2153 sibi
937 2104 1026 2168 ipsi
1059 2121 1068 2152 :
1102 2104 1197 2152 duo
1225 2104 1274 2151 in
1301 2118 1470 2151 mensa
1490 2107 1641 2152 erant.
1669 2103 1824 2152 Finito
1846 2105 2062 2169 prandio,

290 2191 475 2255 legatus
498 2207 607 2239 cum
628 2205 742 2255 rege
763 2188 1002 2237 intrarunt
1024 2201 1266 2235 cameram
1290 2186 1488 2249 regiam.

357 2273 484 2322 Nihil
505 2274 623 2322 mihi
652 2274 700 2321 in
726 2274 819 2321 hoc
842 2270 1055 2319 convivio
1078 2270 1320 2334 singulare
1341 2269 1534 2333 placuit,
1559 2273 1722 2333 preter
1748 2270 2062 2332 credentiam,

292 2372 385 2420 que
406 2357 744 2421 pulcherrimis
774 2361 822 2405 et
848 2354 1034 2418 magnis
1054 2353 1178 2402 vasis
1199 2354 1358 2402 aureis
1389 2358 1436 2402 01
1467 2355 1710 2425 argenteis
1732 2360 1901 2404 ornata
1921 2360 2021 2405 erat
2053 2373 2061 2405 :

291 2439 553 2487 existimavi
576 2455 633 2487 ea
653 2455 744 2504 que
766 2439 830 2487 ibi
853 2439 1069 2503 exposita
1088 2443 1222 2487 010111
1244 2438 1304 2485 ad
1324 2454 1393 2487 011
1395 2439 1516 2486 citer
1536 2439 1735 2488 ducatos
1762 2446 1847 2488 Lxm

358 2523 498 2571 Feria
535 2523 692 2582 tertia,
740 2526 796 2572 13
836 2522 1016 2570 mensis
1055 2522 1187 2581 maii,
1234 2521 1283 2569 in
1322 2537 1481 2581 mane,
1525 2523 1731 2586 equitavi
1771 2520 1830 2572 ex
1857 2479 2067 2588 Neapoli

290 2607 477 2654 visurus
497 2606 605 2655 loca
625 2606 818 2669 antiqua
840 2610 887 2654 et
907 2610 1109 2669 vetusta,
1129 2609 1175 2654 et
1193 2621 1385 2654 mecum
1404 2605 1533 2655 venit
1554 2623 1676 2655 unus
1697 2623 1756 2655 ex
1784 2607 2068 2671 expendito-

292 2689 423 2737 ribus
443 2690 589 2754 regis,
615 2689 695 2753 qui
726 2689 897 2737 domus
927 2705 1036 2738 mee
1065 2705 1230 2737 curam
1259 2689 1469 2738 habebat
1495 2706 1522 2739 a
1549 2691 1693 2754 regiis
1722 2690 1811 2739 sibi
1839 2691 2068 2739 commis-

293 2788 412 2831 sam,
439 2773 518 2835 qui
547 2788 712 2820 secum
745 2773 876 2821 duxit
905 2773 1089 2820 mulum
1118 2773 1244 2832 vino,
1277 2773 1498 2836 panibus,
1530 2774 1770 2833 carnibus,
1802 2773 2068 2822 confectio-

291 2854 448 2913 nibus,
472 2854 725 2902 intorticiis
751 2860 798 2904 et
822 2855 925 2902 aliis
948 2856 1091 2903 rebus
1112 2870 1198 2919 pro
1216 2855 1354 2904 nobis
1377 2857 1658 2920 opportunis
1680 2857 1738 2904 ad
1758 2857 1951 2916 victum,
1976 2871 2065 2904 nec

292 2953 388 2984 non
410 2936 554 2984 rebus
575 2942 771 3000 propter
791 2953 908 3000 quas
929 2939 1116 2986 ibamus
1141 2943 1390 2987 oneratum
1416 2956 1425 2987 :
1449 2945 1685 2988 venerunt
1706 2939 1850 2988 etiam
1872 2955 2064 2989 mecum

295 3019 472 3067 visendi
509 3034 653 3067 causa
689 3021 858 3068 Petrus
895 3021 1138 3070 Johannes
1175 3025 1318 3083 Roso,
1356 3022 1730 3087 Christophorus
1763 3023 2062 3084 ZacchariaS‚

292 3102 516 3151 Albertus
562 3104 833 3165 LonganuS,
893 3105 1129 3153 Corradus
1184 3110 1231 3154 et
1270 3105 1515 3153 Johannes
1562 3106 1742 3170 Sigelli,
1804 3106 2065 3155 familiares

294 3186 409 3234 mei.

362 3269 595 3319 Venimus
617 3269 824 3333 primum
846 3269 906 3317 ad
926 3269 1086 3318 locum
1108 3271 1365 3334 quemdam
1388 3276 1641 3337 Agrianum
1664 3273 1731 3333 (1)
1754 3275 2062 3339 appellatum.

345 3396 378 3431 1.
409 3394 480 3430 Les
499 3406 590 3432 mss.
615 3396 710 3441 (149,
732 3395 838 3442 5160)
862 3395 1024 3432 donnent
1041 3397 1149 3443 Aqua
1168 3398 1264 3442 viva,
1281 3409 1320 3434 00
1341 3397 1401 3445 qui
1417 3402 1474 3434 est
1493 3398 1651 3445 inexact,
1676 3403 1767 3436 cette
1785 3398 1868 3435 ville
1882 3370 1980 3435 010111
2002 3408 2065 3433 sur

294 3453 326 3489 la
350 3459 444 3489 terre
469 3453 512 3488 110
535 3453 614 3490 Bari
637 3457 657 3490 a
676 3455 721 3489 25
740 3453 819 3499 kil„
842 3458 877 3490 01
898 3453 977 3490 Bari
1000 3457 1095 3491 1510111
1116 3458 1132 3491 ῑι
1149 3456 1218 3492 ‘230
1237 3455 1299 3493 kil.
1319 3457 1363 3492 de
1378 3457 1524 3504 Naplos.
