2248 3906
177 320 392 363 [Novembrc
412 320 506 360 1497]
621 318 791 358 RERUM
822 318 1126 356 URBANARUM
1157 318 1505 356 COMMENTARII.
1888 322 1956 358 413

240 424 369 474 Jovis
409 422 679 487 sequentiS,
718 421 807 471 fuit
842 421 1240 471 commemoratio
1279 420 1494 470 fidelium
1537 418 1871 470 defunctorum
1910 427 1958 472 et

176 508 324 556 missa
343 506 534 572 publica
552 506 601 554 in
619 506 746 555 dicta
765 505 967 570 capella,
985 497 1134 569 'qu'am
1152 504 1411 553 celebravit
1429 507 1596 552 Rmus.
1618 505 1675 551 D.
1697 504 1954 553 cardinalis

177 608 216 640 s.
237 590 471 656 Dionysii,
496 593 626 655 Papa
645 595 890 655 presente,
914 589 1105 654 pluviali
1127 589 1276 670 rubeo
1298 592 1483 653 paratO,
1509 586 1655 651 quiin
1676 587 1773 637 fine
1795 588 1956 637 absol-

175 675 238 724 vit
263 691 272 723 :
297 674 391 723 alia
411 679 521 723 sunt
542 678 648 724 acta
667 690 802 724 more
825 673 983 723 solit0.
1006 673 1343 738 Superioribus
1365 671 1553 731 diebuS,
1577 676 1812 720 venerunt
1833 688 1954 721 nove

175 757 237 805 ad
258 757 436 805 Urbem
457 756 588 821 quod
607 756 954 805 illustrissimus
980 760 1036 805 D.
1060 756 1323 816 JohanneS,
1348 755 1574 820 princeps
1603 753 1954 819 primogenitus

175 840 301 905 regis
329 844 377 889 et
397 840 562 905 regine
586 840 944 904 Hispaniarum,
969 841 1018 888 in
1040 840 1271 904 vigesimo
1300 838 1438 888 etatis
1467 853 1552 887 sue
1574 853 1700 886 anno
1722 839 1954 888 constitu-

167 916 268 984 tus,
290 924 365 973 die
389 928 416 972 4
444 922 625 973 mensis
648 922 859 971 octobris
879 923 1098 987 proxime
1119 922 1351 986 preteriti,
1377 937 1434 971 ex
1456 922 1592 986 poste
1623 921 1750 970 diem
1782 923 1954 971 clausit

175 1013 464 1068 extremum,
502 1006 692 1055 duobus
726 1005 895 1054 diebus
930 1005 1160 1053 duntaxat
1189 1003 1426 1052 infirmus.
1475 1005 1563 1053 Hic
1603 1005 1805 1054 maritus
1851 1011 1955 1056 erat

171 1090 492 1139 illustrissime
521 1093 578 1138 D.
611 1089 887 1153 Margarste,
917 1088 1012 1137 filie
1042 1087 1337 1137 serenissimi
1366 1087 1493 1152 regis
1514 1087 1826 1136 Maximiliani
1857 1086 1954 1139 Ross

172 1190 427 1223 manorum
446 1174 575 1238 regis
599 1189 760 1237 quam,
787 1177 838 1221 ut
859 1172 1056 1236 Hispani
1079 1171 1320 1231 dicebant,
1339 1188 1368 1220 a
1387 1176 1595 1236 quatuor
1614 1171 1860 1223 mensibus
1882 1175 1952 1224 vel

170 1256 298 1305 circa
316 1257 669 1321 impregnatam
695 1255 892 1304 dimisit.

235 1340 429 1389 Eisdem
463 1340 651 1400 diebuS,
685 1339 1033 1388 illustrissimus
1066 1339 1160 1387 dux
1198 1339 1415 1389 Ferrarie
1453 1340 1660 1389 restituit
1697 1340 1949 1390 castellum

166 1428 317 1473 Janue
350 1424 673 1473 illustrissimo
707 1427 764 1473 D.
800 1424 1040 1473 Ludovico
1073 1424 1184 1472 duci
1216 1424 1583 1484 Mediolanensi,
1617 1429 1666 1474 et
1694 1430 1951 1490 propterea

167 1507 374 1557 ecclesia
401 1507 776 1557 Mediolanensis
808 1524 964 1573 nuper
998 1508 1204 1573 pastoris
1235 1507 1405 1557 solatio
1436 1508 1682 1568 destituta,
1707 1509 1784 1559 die
1815 1510 1946 1570 lune,

171 1595 226 1640 13
249 1592 523 1642 novembris
551 1593 613 1642 ad
635 1593 912 1643 instantiam
941 1595 998 1640 D.
1023 1592 1571 1653 ducis-MediolanensiS,
1592 1592 1641 1640 in
1662 1593 1949 1643 consistorio

167 1682 373 1738 secreto,
398 1678 488 1727 fuit
514 1694 602 1743 per
628 1681 714 1728 SS.
741 1682 799 1727 D.
824 1682 1062 1739 nostrum,
1088 1677 1146 1728 de
1175 1681 1464 1726 RRmorum.
1494 1677 1810 1727 cardinalium
1831 1693 1948 1727 con-

168 1761 293 1823 silio,
319 1766 459 1813 Rmo.
484 1767 541 1813 D.
567 1763 795 1814 cardinali
818 1762 1025 1823 Estensi,
1051 1761 1253 1827 predicti
1278 1761 1412 1810 ducis
1433 1762 1650 1812 Ferrarie
1671 1761 1788 1822 filio,
1813 1776 1949 1812 com-

165 1846 409 1895 mandata.

234 1931 373 1979 Feria
392 1931 549 1991 tertia,
572 1934 632 1979 28
653 1929 944 1991 novembriS,
970 1946 1129 1992 mane,
1153 1934 1236 1981 SS.
1262 1934 1319 1980 D.
1342 1935 1509 1980 noster
1529 1930 1759 1995 equitavit
1775 1945 1942 1980 versus

165 2013 347 2064 Ostiam
383 2014 639 2063 tiberinam
673 2019 719 2064 et
751 2030 917 2065 secum
950 2015 1115 2064 RRmi.
1151 2018 1251 2064 DD.
1286 2015 1549 2064 Perusinus
1579 2018 1628 2064 et
1658 2013 1942 2065 Valentinus

164 2097 432 2145 cardinales
454 2095 466 2145 ἑ
490 2094 598 2146 duci
618 2097 731 2146 fecit
753 2098 883 2148 circa
903 2115 955 2148 se
981 2099 1177 2148 barcam
1198 2114 1286 2163 per
1311 2114 1462 2163 equos
1483 2099 1603 2147 duos
1631 2113 1752 2162 quos
1773 2097 1943 2146 decem

163 2179 311 2227 millia
340 2179 488 2243 guisis
523 2183 578 2228 R.
609 2181 660 2227 P.
699 2182 757 2228 D.
792 2182 1032 2246 Egerdus,
1070 2182 1323 2246 episcopus
1358 2181 1693 2241 SlesvicensiS,
1731 2196 1855 2228 unus
1885 2195 1943 2228 ex

162 2262 343 2312 domini
377 2264 499 2312 sacri
527 2263 690 2329 palatii
717 2265 968 2329 apostolici
998 2279 1254 2314 causarum
1284 2264 1580 2313 auditoribus
1608 2264 1944 2312 locumtenen-

163 2344 287 2393 tibus
325 2361 422 2394 una
456 2362 568 2395 cum
595 2346 819 2395 familiari
847 2363 934 2396 suo
969 2348 1219 2397 Sanctitati
1253 2362 1338 2396 sue
1376 2347 1568 2409 donavit
1596 2347 1941 2412 semicompul-

161 2443 259 2475 sus.
284 2428 442 2477 Rediit
465 2418 581 2478 inde*
598 2429 727 2479 idem
750 2432 806 2478 D.
837 2434 894 2480 N.
918 2431 967 2479 in
988 2431 1135 2481 barca
1154 2448 1241 2496 per
1260 2431 1442 2480 flumen
1468 2446 1619 2495 nsque
1641 2431 1702 2479 ad
1722 2431 1875 2495 ripam
1892 2430 1941 2478 in

161 2511 502 2575 transtyberim
535 2513 703 2561 urbem
734 2513 999 2562 Leoninam
1025 2514 1123 2575 ubi,
1155 2515 1213 2564 de
1243 2515 1391 2563 barca
1422 2514 1604 2575 exiens,
1637 2514 1854 2563 ascendit
1880 2512 1940 2561 ad

161 2593 358 2642 domum
387 2594 543 2644 doane
574 2599 622 2644 et
650 2595 716 2644 ibi
749 2603 1027 2661 paramenta
1061 2599 1264 2664 accepit,
1290 2598 1539 2658 amictum,
1564 2598 1744 2658 album,
1770 2598 1940 2662 cingu-

157 2677 278 2738 lum,
298 2677 470 2727 stolam
489 2681 537 2728 et
557 2680 860 2744 capuccium.
878 2683 1128 2731 Venerunt
1145 2680 1210 2730 ibi
1234 2696 1384 2744 usque
1406 2682 1519 2730 illuc
1541 2681 1728 2729 obviam
1749 2680 1942 2729 circiter

160 2761 418 2811 duodecim
439 2762 739 2825 cardinales;
767 2765 985 2814 ascendit
1005 2781 1184 2829 equum
1203 2763 1424 2830 'pontifex
1449 2769 1497 2814 et
1522 2770 1720 2830 propter
1747 2769 1939 2828 tempus

158 2844 428 2910 pluviosum
457 2863 543 2911 per
570 2848 696 2897 viam
723 2847 1152 2915 transtyberinam,
1170 2865 1268 2898 non
1296 2863 1385 2913 per
1410 2845 1856 2913 Urbem,·equitavit
1881 2847 1942 2896 ad

159 2928 406 2991 palatium.

227 3012 366 3061 Feria
397 3013 579 3077 quinta,
603 3017 664 3066 30
689 3017 980 3078 novembriS,
1009 3017 1059 3065 in
1086 3018 1208 3068 sesto
1236 3033 1275 3067 s.
1299 3015 1492 3068 Andree
1518 3016 1742 3081 apostoli,
1768 3016 1853 3064 SS.
1878 3017 1934 3062 D.

93 3100 95 3102 ’
162 3099 341 3156 noster,
362 3103 554 3161 paratus
572 3102 709 3150 more
727 3101 886 3162 solit0,
908 3102 1037 3151 venit
1057 3102 1118 3150 ad
1134 3102 1370 3167 capellam
1385 3119 1424 3150 s,
1442 3101 1653 3160 Andree,
1678 3100 1726 3147 in
1744 3098 1941 3147 basilica

161 3179 390 3243 principis
409 3183 769 3246 apostolorum,
784 3184 863 3233 ubi
883 3185 1102 3234 interfuit
1121 3186 1268 3235 misse
1290 3183 1495 3234 solemni
1516 3197 1657 3248 quam
1683 3180 1939 3231 celebravit

162 3266 217 3310 R.
235 3262 285 3310 in
305 3263 492 3312 Christo
511 3267 563 3314 P.
582 3268 640 3313 D.
659 3267 915 3332 episcopus
933 3269 1326 3327 Interamnensis,
1351 3267 1478 3315 dicte
1500 3265 1694 3314 basilice
1715 3264 1935 3322 vicarius,

163 3344 329 3394 ordine
351 3350 610 3396 consueto:
632 3349 749 3400 dixit
765 3367 910 3400 unam
929 3351 1197 3400 orationem
1221 3355 1424 3410 tantum,
1445 3354 1493 3397 et
1511 3348 1604 3396 alia
1621 3364 1756 3397 more
1776 3348 1935 3396 solito.

164 3428 317 3477 Finita
349 3429 514 3491 missa,
545 3435 790 3482 ostensum
826 3434 915 3483 fuit
947 3439 1088 3499 caput
1117 3452 1156 3484 s.
1192 3434 1399 3485 Andree.
1435 3430 1628 3495 Capella
1659 3431 1747 3484 suit
1774 3434 1940 3495 parata
