<?xml version="1.0" encoding="UTF-8"?>
<!DOCTYPE html PUBLIC "-//W3C//DTD XHTML 1.0 Transitional//EN"
    "http://www.w3.org/TR/xhtml1/DTD/xhtml1-transitional.dtd">
<html xmlns="http://www.w3.org/1999/xhtml" xml:lang="en" lang="en">
 <head>
  <title>
</title>
<meta http-equiv="Content-Type" content="text/html;charset=utf-8" />
  <meta name='ocr-system' content='tesseract 3.04.00' />
  <meta name='ocr-capabilities' content='ocr_page ocr_carea ocr_par ocr_line ocrx_word'/>
</head>
<body>
  <div class='ocr_page' id='page_1' title='image "./diariumsivererum02burcuoft_0430.png"; bbox 0 0 2248 3906; ppageno 0'>
   <div class='ocr_carea' id='block_1_1' title="bbox 338 330 2106 376">
    <p class='ocr_par' dir='ltr' id='par_1_1' title="bbox 338 330 2106 376">
     <span class='ocr_line' id='line_1_1' title="bbox 338 330 2106 376; baseline 0.004 -11"><span class='ocrx_word' id='word_1_1' title='bbox 338 330 408 365; x_wconf 88' lang='lat'>418</span> <span class='ocrx_word' id='word_1_2' title='bbox 793 366 796 369; x_wconf 78' lang='grc'>,</span> <span class='ocrx_word' id='word_1_3' title='bbox 942 330 1172 367; x_wconf 85' lang='lat' dir='ltr'>JOHANNIS</span> <span class='ocrx_word' id='word_1_4' title='bbox 1209 330 1501 376; x_wconf 85' lang='lat' dir='ltr'>BURCHARDI,</span> <span class='ocrx_word' id='word_1_5' title='bbox 1782 331 1991 371; x_wconf 48' lang='lat' dir='ltr'>[Dbssembre</span> <span class='ocrx_word' id='word_1_6' title='bbox 2012 333 2106 371; x_wconf 78' lang='lat'><strong>1497]</strong></span> 
     </span>
    </p>
   </div>
   <div class='ocr_carea' id='block_1_2' title="bbox 328 428 2113 3496">
    <p class='ocr_par' dir='ltr' id='par_1_2' title="bbox 331 428 2113 2912">
     <span class='ocr_line' id='line_1_2' title="bbox 338 428 2106 494; baseline 0.002 -18"><span class='ocrx_word' id='word_1_7' title='bbox 338 428 581 493; x_wconf 85' lang='lat' dir='ltr'>utriusque</span> <span class='ocrx_word' id='word_1_8' title='bbox 614 430 702 477; x_wconf 88' lang='lat' dir='ltr'>fuit</span> <span class='ocrx_word' id='word_1_9' title='bbox 731 431 870 494; x_wconf 85' lang='lat' dir='ltr'>juxta</span> <span class='ocrx_word' id='word_1_10' title='bbox 903 432 1150 480; x_wconf 90' lang='lat' dir='ltr'>introitum</span> <span class='ocrx_word' id='word_1_11' title='bbox 1185 437 1232 480; x_wconf 89' lang='lat' dir='ltr'>et</span> <span class='ocrx_word' id='word_1_12' title='bbox 1253 432 1453 494; x_wconf 84' lang='lat' dir='ltr'>angulos</span> <span class='ocrx_word' id='word_1_13' title='bbox 1485 430 1787 478; x_wconf 90' lang='lat' dir='ltr'>banchorum</span> <span class='ocrx_word' id='word_1_14' title='bbox 1808 435 2106 480; x_wconf 86' lang='lat' dir='ltr'>transversa-</span> 
     </span>
     <span class='ocr_line' id='line_1_3' title="bbox 337 509 2103 577; baseline 0.002 -18"><span class='ocrx_word' id='word_1_15' title='bbox 337 512 456 559; x_wconf 90' lang='lat' dir='ltr'>lium</span> <span class='ocrx_word' id='word_1_16' title='bbox 497 529 506 560; x_wconf 90' lang='lat'>:</span> <span class='ocrx_word' id='word_1_17' title='bbox 547 512 661 560; x_wconf 84' lang='lat' dir='ltr'>alias</span> <span class='ocrx_word' id='word_1_18' title='bbox 697 513 790 561; x_wconf 91' lang='lat' dir='ltr'>hec</span> <span class='ocrx_word' id='word_1_19' title='bbox 827 520 1179 562; x_wconf 87' lang='lat' dir='ltr'>consueverunt</span> <span class='ocrx_word' id='word_1_20' title='bbox 1217 514 1322 561; x_wconf 88' lang='lat' dir='ltr'>fieri</span> <span class='ocrx_word' id='word_1_21' title='bbox 1358 514 1405 560; x_wconf 94' lang='lat' dir='ltr'>in</span> <span class='ocrx_word' id='word_1_22' title='bbox 1445 509 1629 577; x_wconf 89' lang='lat' dir='ltr'>capella</span> <span class='ocrx_word' id='word_1_23' title='bbox 1662 529 1807 577; x_wconf 88' lang='lat' dir='ltr'>parva</span> <span class='ocrx_word' id='word_1_24' title='bbox 1840 513 1966 561; x_wconf 88' lang='lat' dir='ltr'>intra</span> <span class='ocrx_word' id='word_1_25' title='bbox 2001 514 2103 563; x_wconf 91' lang='lat' dir='ltr'>dic-</span> 
     </span>
     <span class='ocr_line' id='line_1_4' title="bbox 339 595 2108 658; baseline 0.001 -16"><span class='ocrx_word' id='word_1_26' title='bbox 339 599 440 642; x_wconf 89' lang='lat' dir='ltr'>tum</span> <span class='ocrx_word' id='word_1_27' title='bbox 462 595 723 658; x_wconf 91' lang='lat' dir='ltr'>capitulum</span> <span class='ocrx_word' id='word_1_28' title='bbox 746 595 999 654; x_wconf 78' lang='lat' dir='ltr'>existente,</span> <span class='ocrx_word' id='word_1_29' title='bbox 1033 611 1176 658; x_wconf 87' lang='lat' dir='ltr'>quam</span> <span class='ocrx_word' id='word_1_30' title='bbox 1199 595 1371 644; x_wconf 88' lang='lat' dir='ltr'>fratres</span> <span class='ocrx_word' id='word_1_31' title='bbox 1399 595 1544 644; x_wconf 94' lang='lat' dir='ltr'>modo</span> <span class='ocrx_word' id='word_1_32' title='bbox 1576 596 1798 644; x_wconf 83' lang='lat' dir='ltr'>dicebant</span> <span class='ocrx_word' id='word_1_33' title='bbox 1821 611 1927 644; x_wconf 88' lang='lat' dir='ltr'>esse</span> <span class='ocrx_word' id='word_1_34' title='bbox 1960 595 2108 644; x_wconf 91' lang='lat' dir='ltr'>nimis</span> 
     </span>
     <span class='ocr_line' id='line_1_5' title="bbox 338 678 2113 742; baseline 0.002 -18"><span class='ocrx_word' id='word_1_35' title='bbox 338 678 612 735; x_wconf 72' lang='lat' dir='ltr'>humidam,</span> <span class='ocrx_word' id='word_1_36' title='bbox 650 682 696 726; x_wconf 94' lang='lat' dir='ltr'>et</span> <span class='ocrx_word' id='word_1_37' title='bbox 736 683 837 725; x_wconf 92' lang='lat' dir='ltr'>tum</span> <span class='ocrx_word' id='word_1_38' title='bbox 878 678 1041 738; x_wconf 89' lang='lat' dir='ltr'>etiam,</span> <span class='ocrx_word' id='word_1_39' title='bbox 1073 694 1159 742; x_wconf 92' lang='lat' dir='ltr'>pro</span> <span class='ocrx_word' id='word_1_40' title='bbox 1194 695 1394 727; x_wconf 91' lang='lat' dir='ltr'>numero</span> <span class='ocrx_word' id='word_1_41' title='bbox 1435 678 1764 738; x_wconf 79' lang='lat' dir='ltr'>cardinalium,</span> <span class='ocrx_word' id='word_1_42' title='bbox 1796 678 1939 726; x_wconf 90' lang='lat' dir='ltr'>nimis</span> <span class='ocrx_word' id='word_1_43' title='bbox 1969 694 2113 742; x_wconf 90' lang='lat' dir='ltr'>parva</span> 
     </span>
     <span class='ocr_line' id='line_1_6' title="bbox 341 761 2108 826; baseline 0.001 -17"><span class='ocrx_word' id='word_1_44' title='bbox 341 766 484 809; x_wconf 90' lang='lat' dir='ltr'>esset.</span> <span class='ocrx_word' id='word_1_45' title='bbox 518 761 604 808; x_wconf 92' lang='lat' dir='ltr'>Hic</span> <span class='ocrx_word' id='word_1_46' title='bbox 634 761 1004 824; x_wconf 80' lang='lat' dir='ltr'>permansimus,</span> <span class='ocrx_word' id='word_1_47' title='bbox 1032 763 1336 826; x_wconf 84' lang='lat' dir='ltr'>congregatis</span> <span class='ocrx_word' id='word_1_48' title='bbox 1365 762 1556 811; x_wconf 80' lang='lat' dir='ltr'>circiter</span> <span class='ocrx_word' id='word_1_49' title='bbox 1582 762 1859 826; x_wconf 90' lang='lat' dir='ltr'>quindecim</span> <span class='ocrx_word' id='word_1_50' title='bbox 1887 761 2108 810; x_wconf 87' lang='lat' dir='ltr'>cardina—</span> 
     </span>
     <span class='ocr_line' id='line_1_7' title="bbox 336 844 2102 911; baseline 0.002 -20"><span class='ocrx_word' id='word_1_51' title='bbox 336 844 485 903; x_wconf 77' lang='lat' dir='ltr'>libus3</span> <span class='ocrx_word' id='word_1_52' title='bbox 522 844 844 892; x_wconf 88' lang='lat' dir='ltr'>ascenderunt</span> <span class='ocrx_word' id='word_1_53' title='bbox 873 860 1051 908; x_wconf 92' lang='lat' dir='ltr'>equum</span> <span class='ocrx_word' id='word_1_54' title='bbox 1083 861 1252 893; x_wconf 88' lang='lat' dir='ltr'>omnes</span> <span class='ocrx_word' id='word_1_55' title='bbox 1285 846 1345 894; x_wconf 90' lang='lat' dir='ltr'>ad</span> <span class='ocrx_word' id='word_1_56' title='bbox 1373 846 1600 910; x_wconf 90' lang='lat' dir='ltr'>palatium</span> <span class='ocrx_word' id='word_1_57' title='bbox 1630 847 1945 911; x_wconf 89' lang='lat' dir='ltr'>apostolicum</span> <span class='ocrx_word' id='word_1_58' title='bbox 1975 847 2102 895; x_wconf 92' lang='lat' dir='ltr'>ituri.</span> 
     </span>
     <span class='ocr_line' id='line_1_8' title="bbox 339 928 2106 994; baseline 0.002 -18"><span class='ocrx_word' id='word_1_59' title='bbox 339 928 534 977; x_wconf 82' lang='lat' dir='ltr'>Interim</span> <span class='ocrx_word' id='word_1_60' title='bbox 554 933 789 977; x_wconf 89' lang='lat' dir='ltr'>venerunt</span> <span class='ocrx_word' id='word_1_61' title='bbox 816 929 960 977; x_wconf 90' lang='lat' dir='ltr'>etiam</span> <span class='ocrx_word' id='word_1_62' title='bbox 990 929 1067 976; x_wconf 91' lang='lat' dir='ltr'>alii</span> <span class='ocrx_word' id='word_1_63' title='bbox 1099 929 1366 978; x_wconf 87' lang='lat' dir='ltr'>cardinales</span> <span class='ocrx_word' id='word_1_64' title='bbox 1397 946 1601 993; x_wconf 88' lang='lat' dir='ltr'>quorum</span> <span class='ocrx_word' id='word_1_65' title='bbox 1629 930 1774 994; x_wconf 89' lang='lat' dir='ltr'>aliqui</span> <span class='ocrx_word' id='word_1_66' title='bbox 1806 930 1987 979; x_wconf 92' lang='lat' dir='ltr'>dictum</span> <span class='ocrx_word' id='word_1_67' title='bbox 2017 947 2106 979; x_wconf 90' lang='lat' dir='ltr'>no-</span> 
     </span>
     <span class='ocr_line' id='line_1_9' title="bbox 335 1012 2105 1063; baseline 0.001 -4"><span class='ocrx_word' id='word_1_68' title='bbox 335 1027 445 1059; x_wconf 91' lang='lat' dir='ltr'>vum</span> <span class='ocrx_word' id='word_1_69' title='bbox 470 1012 764 1060; x_wconf 87' lang='lat' dir='ltr'>cardinalem</span> <span class='ocrx_word' id='word_1_70' title='bbox 792 1012 921 1060; x_wconf 91' lang='lat' dir='ltr'>mule</span> <span class='ocrx_word' id='word_1_71' title='bbox 949 1012 1237 1062; x_wconf 84' lang='lat' dir='ltr'>insidentem</span> <span class='ocrx_word' id='word_1_72' title='bbox 1266 1014 1530 1063; x_wconf 87' lang='lat' dir='ltr'>exosculati</span> <span class='ocrx_word' id='word_1_73' title='bbox 1562 1018 1671 1061; x_wconf 88' lang='lat' dir='ltr'>sunt</span> <span class='ocrx_word' id='word_1_74' title='bbox 1701 1018 1747 1062; x_wconf 91' lang='lat' dir='ltr'>et</span> <span class='ocrx_word' id='word_1_75' title='bbox 1771 1014 1927 1063; x_wconf 89' lang='lat' dir='ltr'>verbis</span> <span class='ocrx_word' id='word_1_76' title='bbox 1956 1013 2105 1061; x_wconf 91' lang='lat' dir='ltr'>solitis</span> 
     </span>
     <span class='ocr_line' id='line_1_10' title="bbox 338 1094 2102 1160; baseline 0.001 -19"><span class='ocrx_word' id='word_1_77' title='bbox 338 1099 642 1158; x_wconf 88' lang='lat' dir='ltr'>receperunt.</span> <span class='ocrx_word' id='word_1_78' title='bbox 669 1094 801 1143; x_wconf 88' lang='lat' dir='ltr'>Idem</span> <span class='ocrx_word' id='word_1_79' title='bbox 824 1111 973 1142; x_wconf 89' lang='lat' dir='ltr'>novus</span> <span class='ocrx_word' id='word_1_80' title='bbox 995 1096 1219 1160; x_wconf 85' lang='lat' dir='ltr'>equitavit</span> <span class='ocrx_word' id='word_1_81' title='bbox 1241 1096 1290 1144; x_wconf 92' lang='lat' dir='ltr'>in</span> <span class='ocrx_word' id='word_1_82' title='bbox 1310 1097 1477 1145; x_wconf 91' lang='lat' dir='ltr'>ultimo</span> <span class='ocrx_word' id='word_1_83' title='bbox 1498 1097 1605 1145; x_wconf 95' lang='lat' dir='ltr'>loco</span> <span class='ocrx_word' id='word_1_84' title='bbox 1626 1097 1751 1145; x_wconf 88' lang='lat' dir='ltr'>inter</span> <span class='ocrx_word' id='word_1_85' title='bbox 1771 1100 1976 1144; x_wconf 88' lang='lat' dir='ltr'>RRmos.</span> <span class='ocrx_word' id='word_1_86' title='bbox 2003 1098 2102 1143; x_wconf 92' lang='lat' dir='ltr'>DD.</span> 
     </span>
     <span class='ocr_line' id='line_1_11' title="bbox 340 1178 2112 1243; baseline -0.001 -15"><span class='ocrx_word' id='word_1_87' title='bbox 340 1182 605 1228; x_wconf 86' lang='lat' dir='ltr'>Senensem</span> <span class='ocrx_word' id='word_1_88' title='bbox 630 1184 736 1227; x_wconf 91' lang='lat' dir='ltr'>ets.</span> <span class='ocrx_word' id='word_1_89' title='bbox 771 1179 979 1243; x_wconf 83' lang='lat' dir='ltr'>Georgii,</span> <span class='ocrx_word' id='word_1_90' title='bbox 1013 1180 1227 1229; x_wconf 87' lang='lat' dir='ltr'>seniores</span> <span class='ocrx_word' id='word_1_91' title='bbox 1256 1180 1483 1228; x_wconf 90' lang='lat' dir='ltr'>diaconos</span> <span class='ocrx_word' id='word_1_92' title='bbox 1517 1179 1784 1228; x_wconf 83' lang='lat' dir='ltr'>cardinales</span> <span class='ocrx_word' id='word_1_93' title='bbox 1811 1195 1962 1242; x_wconf 91' lang='lat' dir='ltr'>usque</span> <span class='ocrx_word' id='word_1_94' title='bbox 1987 1178 2112 1227; x_wconf 86' lang='lat' dir='ltr'>ultra</span> 
     </span>
     <span class='ocr_line' id='line_1_12' title="bbox 337 1262 2110 1327; baseline -0.001 -16"><span class='ocrx_word' id='word_1_95' title='bbox 337 1267 533 1327; x_wconf 86' lang='lat' dir='ltr'>pontem</span> <span class='ocrx_word' id='word_1_96' title='bbox 556 1279 594 1311; x_wconf 88' lang='lat' dir='ltr'>s.</span> <span class='ocrx_word' id='word_1_97' title='bbox 630 1263 799 1327; x_wconf 83' lang='lat' dir='ltr'>Angeli</span> <span class='ocrx_word' id='word_1_98' title='bbox 828 1263 926 1318; x_wconf 90' lang='lat' dir='ltr'>ubi,</span> <span class='ocrx_word' id='word_1_99' title='bbox 958 1279 1015 1312; x_wconf 94' lang='lat' dir='ltr'>eo</span> <span class='ocrx_word' id='word_1_100' title='bbox 1042 1263 1168 1312; x_wconf 89' lang='lat' dir='ltr'>inter</span> <span class='ocrx_word' id='word_1_101' title='bbox 1189 1264 1432 1312; x_wconf 89' lang='lat' dir='ltr'>Sabellum</span> <span class='ocrx_word' id='word_1_102' title='bbox 1463 1268 1510 1312; x_wconf 88' lang='lat' dir='ltr'>et</span> <span class='ocrx_word' id='word_1_103' title='bbox 1539 1264 1820 1312; x_wconf 88' lang='lat' dir='ltr'>Columnam</span> <span class='ocrx_word' id='word_1_104' title='bbox 1841 1262 2110 1312; x_wconf 89' lang='lat' dir='ltr'>cardinales</span> 
     </span>
     <span class='ocr_line' id='line_1_13' title="bbox 338 1345 2111 1411; baseline 0.001 -18"><span class='ocrx_word' id='word_1_105' title='bbox 338 1345 387 1393; x_wconf 91' lang='lat' dir='ltr'>in</span> <span class='ocrx_word' id='word_1_106' title='bbox 416 1346 589 1395; x_wconf 91' lang='lat' dir='ltr'>eodem</span> <span class='ocrx_word' id='word_1_107' title='bbox 615 1347 723 1395; x_wconf 94' lang='lat' dir='ltr'>loco</span> <span class='ocrx_word' id='word_1_108' title='bbox 753 1346 970 1406; x_wconf 87' lang='lat' dir='ltr'>dimisso,</span> <span class='ocrx_word' id='word_1_109' title='bbox 1000 1347 1091 1411; x_wconf 88' lang='lat' dir='ltr'>ipsi</span> <span class='ocrx_word' id='word_1_110' title='bbox 1113 1347 1206 1395; x_wconf 91' lang='lat' dir='ltr'>duo</span> <span class='ocrx_word' id='word_1_111' title='bbox 1239 1347 1454 1395; x_wconf 89' lang='lat' dir='ltr'>seniores</span> <span class='ocrx_word' id='word_1_112' title='bbox 1482 1363 1568 1410; x_wconf 91' lang='lat' dir='ltr'>per</span> <span class='ocrx_word' id='word_1_113' title='bbox 1597 1347 1738 1395; x_wconf 86' lang='lat' dir='ltr'>aliam</span> <span class='ocrx_word' id='word_1_114' title='bbox 1767 1346 1892 1395; x_wconf 91' lang='lat' dir='ltr'>viam</span> <span class='ocrx_word' id='word_1_115' title='bbox 1913 1361 2111 1410; x_wconf 87' lang='lat' dir='ltr'>proces-</span> 
     </span>
     <span class='ocr_line' id='line_1_14' title="bbox 343 1429 2111 1494; baseline 0 -18"><span class='ocrx_word' id='word_1_116' title='bbox 343 1433 507 1477; x_wconf 88' lang='lat' dir='ltr'>serunt</span> <span class='ocrx_word' id='word_1_117' title='bbox 536 1429 596 1477; x_wconf 90' lang='lat' dir='ltr'>ad</span> <span class='ocrx_word' id='word_1_118' title='bbox 616 1429 862 1493; x_wconf 91' lang='lat' dir='ltr'>palatium.</span> <span class='ocrx_word' id='word_1_119' title='bbox 888 1433 941 1478; x_wconf 90' lang='lat' dir='ltr'>In</span> <span class='ocrx_word' id='word_1_120' title='bbox 962 1446 1105 1494; x_wconf 89' lang='lat' dir='ltr'>parva</span> <span class='ocrx_word' id='word_1_121' title='bbox 1133 1431 1315 1494; x_wconf 89' lang='lat' dir='ltr'>capella</span> <span class='ocrx_word' id='word_1_122' title='bbox 1341 1430 1516 1478; x_wconf 91' lang='lat' dir='ltr'>mansit</span> <span class='ocrx_word' id='word_1_123' title='bbox 1536 1445 1687 1478; x_wconf 92' lang='lat' dir='ltr'>novus</span> <span class='ocrx_word' id='word_1_124' title='bbox 1709 1429 1961 1478; x_wconf 89' lang='lat' dir='ltr'>cardinalis</span> <span class='ocrx_word' id='word_1_125' title='bbox 1985 1430 2111 1477; x_wconf 91' lang='lat' dir='ltr'>inter</span> 
     </span>
     <span class='ocr_line' id='line_1_15' title="bbox 341 1511 2110 1577; baseline 0 -18"><span class='ocrx_word' id='word_1_126' title='bbox 341 1512 623 1560; x_wconf 89' lang='lat' dir='ltr'>Grimanum</span> <span class='ocrx_word' id='word_1_127' title='bbox 655 1516 703 1561; x_wconf 87' lang='lat' dir='ltr'>et</span> <span class='ocrx_word' id='word_1_128' title='bbox 733 1513 974 1577; x_wconf 83' lang='lat' dir='ltr'>Borgiam,</span> <span class='ocrx_word' id='word_1_129' title='bbox 1003 1513 1220 1577; x_wconf 88' lang='lat' dir='ltr'>juniores</span> <span class='ocrx_word' id='word_1_130' title='bbox 1251 1514 1481 1562; x_wconf 87' lang='lat' dir='ltr'>diaconos</span> <span class='ocrx_word' id='word_1_131' title='bbox 1512 1513 1797 1562; x_wconf 87' lang='lat' dir='ltr'>cardinales.</span> <span class='ocrx_word' id='word_1_132' title='bbox 1828 1515 1957 1576; x_wconf 89' lang='lat' dir='ltr'>Papa</span> <span class='ocrx_word' id='word_1_133' title='bbox 1981 1511 2110 1561; x_wconf 90' lang='lat' dir='ltr'>venit</span> 
     </span>
     <span class='ocr_line' id='line_1_16' title="bbox 340 1595 2109 1660; baseline -0.001 -17"><span class='ocrx_word' id='word_1_134' title='bbox 340 1596 401 1643; x_wconf 92' lang='lat' dir='ltr'>ad</span> <span class='ocrx_word' id='word_1_135' title='bbox 421 1595 668 1659; x_wconf 90' lang='lat' dir='ltr'>publicum</span> <span class='ocrx_word' id='word_1_136' title='bbox 691 1596 1048 1655; x_wconf 84' lang='lat' dir='ltr'>consistorium,</span> <span class='ocrx_word' id='word_1_137' title='bbox 1074 1596 1134 1644; x_wconf 91' lang='lat' dir='ltr'>ad</span> <span class='ocrx_word' id='word_1_138' title='bbox 1155 1597 1343 1645; x_wconf 87' lang='lat' dir='ltr'>tertiam</span> <span class='ocrx_word' id='word_1_139' title='bbox 1365 1597 1519 1645; x_wconf 91' lang='lat' dir='ltr'>aulam</span> <span class='ocrx_word' id='word_1_140' title='bbox 1543 1597 1823 1660; x_wconf 88' lang='lat' dir='ltr'>predictam.</span> <span class='ocrx_word' id='word_1_141' title='bbox 1850 1598 1906 1643; x_wconf 89' lang='lat' dir='ltr'>D.</span> <span class='ocrx_word' id='word_1_142' title='bbox 1935 1595 2109 1644; x_wconf 92' lang='lat' dir='ltr'>Paulus</span> 
     </span>
     <span class='ocr_line' id='line_1_17' title="bbox 341 1678 2106 1748; baseline -0.001 -22"><span class='ocrx_word' id='word_1_143' title='bbox 341 1678 399 1726; x_wconf 93' lang='lat' dir='ltr'>de</span> <span class='ocrx_word' id='word_1_144' title='bbox 425 1678 594 1726; x_wconf 89' lang='lat' dir='ltr'>Planca</span> <span class='ocrx_word' id='word_1_145' title='bbox 613 1679 862 1748; x_wconf 87' lang='lat' dir='ltr'>proposuit</span> <span class='ocrx_word' id='word_1_146' title='bbox 885 1695 1029 1727; x_wconf 90' lang='lat' dir='ltr'>unam</span> <span class='ocrx_word' id='word_1_147' title='bbox 1051 1680 1463 1739; x_wconf 89' lang='lat' dir='ltr'>commissionem,</span> <span class='ocrx_word' id='word_1_148' title='bbox 1487 1695 1580 1742; x_wconf 90' lang='lat' dir='ltr'>qua</span> <span class='ocrx_word' id='word_1_149' title='bbox 1599 1695 1686 1743; x_wconf 83' lang='lat' dir='ltr'>per</span> <span class='ocrx_word' id='word_1_150' title='bbox 1703 1682 1881 1743; x_wconf 90' lang='lat' dir='ltr'>Papam</span> <span class='ocrx_word' id='word_1_151' title='bbox 1903 1678 2106 1742; x_wconf 83' lang='lat' dir='ltr'>signata,</span> 
     </span>
     <span class='ocr_line' id='line_1_18' title="bbox 340 1761 2110 1828; baseline -0.002 -17"><span class='ocrx_word' id='word_1_152' title='bbox 340 1763 510 1811; x_wconf 90' lang='lat' dir='ltr'>ivimus</span> <span class='ocrx_word' id='word_1_153' title='bbox 534 1779 621 1827; x_wconf 91' lang='lat' dir='ltr'>pro</span> <span class='ocrx_word' id='word_1_154' title='bbox 646 1778 770 1811; x_wconf 90' lang='lat' dir='ltr'>novo</span> <span class='ocrx_word' id='word_1_155' title='bbox 793 1763 1022 1811; x_wconf 89' lang='lat' dir='ltr'>cardinali</span> <span class='ocrx_word' id='word_1_156' title='bbox 1044 1765 1122 1828; x_wconf 92' lang='lat' dir='ltr'>qui</span> <span class='ocrx_word' id='word_1_157' title='bbox 1145 1769 1366 1827; x_wconf 84' lang='lat' dir='ltr'>receptus</span> <span class='ocrx_word' id='word_1_158' title='bbox 1392 1767 1464 1811; x_wconf 90' lang='lat' dir='ltr'>est</span> <span class='ocrx_word' id='word_1_159' title='bbox 1485 1779 1512 1810; x_wconf 93' lang='lat' dir='ltr'>a</span> <span class='ocrx_word' id='word_1_160' title='bbox 1532 1766 1661 1826; x_wconf 90' lang='lat' dir='ltr'>Papa</span> <span class='ocrx_word' id='word_1_161' title='bbox 1681 1766 1729 1810; x_wconf 85' lang='lat' dir='ltr'>et</span> <span class='ocrx_word' id='word_1_162' title='bbox 1750 1761 1973 1809; x_wconf 91' lang='lat' dir='ltr'>omnibus</span> <span class='ocrx_word' id='word_1_163' title='bbox 2002 1777 2110 1809; x_wconf 90' lang='lat' dir='ltr'>car-</span> 
     </span>
     <span class='ocr_line' id='line_1_19' title="bbox 340 1844 2111 1910; baseline -0.001 -17"><span class='ocrx_word' id='word_1_164' title='bbox 340 1847 579 1895; x_wconf 91' lang='lat' dir='ltr'>dinalibus</span> <span class='ocrx_word' id='word_1_165' title='bbox 603 1862 739 1895; x_wconf 91' lang='lat' dir='ltr'>more</span> <span class='ocrx_word' id='word_1_166' title='bbox 762 1847 925 1906; x_wconf 89' lang='lat' dir='ltr'>solito;</span> <span class='ocrx_word' id='word_1_167' title='bbox 951 1853 998 1895; x_wconf 90' lang='lat' dir='ltr'>et</span> <span class='ocrx_word' id='word_1_168' title='bbox 1023 1847 1159 1896; x_wconf 87' lang='lat' dir='ltr'>datus</span> <span class='ocrx_word' id='word_1_169' title='bbox 1181 1853 1254 1896; x_wconf 88' lang='lat' dir='ltr'>est</span> <span class='ocrx_word' id='word_1_170' title='bbox 1275 1848 1319 1896; x_wconf 92' lang='lat' dir='ltr'>ei</span> <span class='ocrx_word' id='word_1_171' title='bbox 1344 1848 1480 1895; x_wconf 89' lang='lat' dir='ltr'>locus</span> <span class='ocrx_word' id='word_1_172' title='bbox 1508 1850 1617 1910; x_wconf 88' lang='lat' dir='ltr'>post</span> <span class='ocrx_word' id='word_1_173' title='bbox 1644 1849 1836 1894; x_wconf 89' lang='lat' dir='ltr'>Rmum.</span> <span class='ocrx_word' id='word_1_174' title='bbox 1863 1848 1920 1893; x_wconf 92' lang='lat' dir='ltr'>D.</span> <span class='ocrx_word' id='word_1_175' title='bbox 1955 1844 2111 1893; x_wconf 89' lang='lat' dir='ltr'>cardi-</span> 
     </span>
     <span class='ocr_line' id='line_1_20' title="bbox 340 1929 2110 1992; baseline -0.001 -15"><span class='ocrx_word' id='word_1_176' title='bbox 340 1930 498 1978; x_wconf 88' lang='lat' dir='ltr'>nalem</span> <span class='ocrx_word' id='word_1_177' title='bbox 529 1947 566 1977; x_wconf 94' lang='lat' dir='ltr'>s.</span> <span class='ocrx_word' id='word_1_178' title='bbox 600 1929 811 1978; x_wconf 87' lang='lat' dir='ltr'>Severini</span> <span class='ocrx_word' id='word_1_179' title='bbox 839 1935 947 1979; x_wconf 90' lang='lat' dir='ltr'>ante</span> <span class='ocrx_word' id='word_1_180' title='bbox 976 1931 1269 1980; x_wconf 91' lang='lat' dir='ltr'>cardinalem</span> <span class='ocrx_word' id='word_1_181' title='bbox 1300 1930 1628 1989; x_wconf 86' lang='lat' dir='ltr'>Valentinum,</span> <span class='ocrx_word' id='word_1_182' title='bbox 1656 1929 1771 1977; x_wconf 90' lang='lat' dir='ltr'>licet</span> <span class='ocrx_word' id='word_1_183' title='bbox 1803 1932 1934 1992; x_wconf 89' lang='lat' dir='ltr'>Papa</span> <span class='ocrx_word' id='word_1_184' title='bbox 1966 1943 2110 1991; x_wconf 91' lang='lat' dir='ltr'>super</span> 
     </span>
     <span class='ocr_line' id='line_1_21' title="bbox 338 2011 2109 2076; baseline -0.001 -16"><span class='ocrx_word' id='word_1_185' title='bbox 338 2012 432 2061; x_wconf 94' lang='lat' dir='ltr'>hoc</span> <span class='ocrx_word' id='word_1_186' title='bbox 454 2013 803 2076; x_wconf 90' lang='lat' dir='ltr'>aliquantulum</span> <span class='ocrx_word' id='word_1_187' title='bbox 833 2013 1074 2073; x_wconf 85' lang='lat' dir='ltr'>titubavit;</span> <span class='ocrx_word' id='word_1_188' title='bbox 1104 2030 1217 2062; x_wconf 90' lang='lat' dir='ltr'>nam</span> <span class='ocrx_word' id='word_1_189' title='bbox 1244 2030 1355 2063; x_wconf 92' lang='lat' dir='ltr'>cum</span> <span class='ocrx_word' id='word_1_190' title='bbox 1382 2014 1425 2063; x_wconf 92' lang='lat' dir='ltr'>ei</span> <span class='ocrx_word' id='word_1_191' title='bbox 1452 2013 1719 2062; x_wconf 89' lang='lat' dir='ltr'>reverentia</span> <span class='ocrx_word' id='word_1_192' title='bbox 1740 2012 1880 2061; x_wconf 88' lang='lat' dir='ltr'>solita</span> <span class='ocrx_word' id='word_1_193' title='bbox 1905 2028 1933 2060; x_wconf 90' lang='lat' dir='ltr'>a</span> <span class='ocrx_word' id='word_1_194' title='bbox 1953 2011 2109 2060; x_wconf 87' lang='lat' dir='ltr'>cardi-</span> 
     </span>
     <span class='ocr_line' id='line_1_22' title="bbox 337 2095 2108 2161; baseline -0.001 -17"><span class='ocrx_word' id='word_1_195' title='bbox 337 2096 524 2144; x_wconf 92' lang='lat' dir='ltr'>nalibus</span> <span class='ocrx_word' id='word_1_196' title='bbox 546 2097 702 2156; x_wconf 86' lang='lat' dir='ltr'>fieret,</span> <span class='ocrx_word' id='word_1_197' title='bbox 726 2096 1037 2161; x_wconf 84' lang='lat' dir='ltr'>interrogavit</span> <span class='ocrx_word' id='word_1_198' title='bbox 1063 2101 1252 2146; x_wconf 89' lang='lat' dir='ltr'>Rmum.</span> <span class='ocrx_word' id='word_1_199' title='bbox 1279 2101 1335 2145; x_wconf 89' lang='lat' dir='ltr'>D.</span> <span class='ocrx_word' id='word_1_200' title='bbox 1364 2097 1624 2146; x_wconf 90' lang='lat' dir='ltr'>Ascanium</span> <span class='ocrx_word' id='word_1_201' title='bbox 1646 2101 1693 2145; x_wconf 90' lang='lat' dir='ltr'>et</span> <span class='ocrx_word' id='word_1_202' title='bbox 1713 2096 1897 2160; x_wconf 91' lang='lat' dir='ltr'>aliquos</span> <span class='ocrx_word' id='word_1_203' title='bbox 1919 2095 2108 2143; x_wconf 91' lang='lat' dir='ltr'>deloco</span> 
     </span>
     <span class='ocr_line' id='line_1_23' title="bbox 335 2178 2104 2242; baseline 0 -17"><span class='ocrx_word' id='word_1_204' title='bbox 335 2179 616 2242; x_wconf 89' lang='lat' dir='ltr'>hujusmodi</span> <span class='ocrx_word' id='word_1_205' title='bbox 649 2184 696 2228; x_wconf 93' lang='lat' dir='ltr'>et</span> <span class='ocrx_word' id='word_1_206' title='bbox 731 2179 950 2228; x_wconf 89' lang='lat' dir='ltr'>similiter</span> <span class='ocrx_word' id='word_1_207' title='bbox 982 2197 1070 2230; x_wconf 91' lang='lat' dir='ltr'>nos</span> <span class='ocrx_word' id='word_1_208' title='bbox 1099 2186 1146 2230; x_wconf 90' lang='lat' dir='ltr'>et</span> <span class='ocrx_word' id='word_1_209' title='bbox 1173 2181 1465 2229; x_wconf 88' lang='lat' dir='ltr'>cardinalem</span> <span class='ocrx_word' id='word_1_210' title='bbox 1498 2180 1826 2238; x_wconf 85' lang='lat' dir='ltr'>Valentinum,</span> <span class='ocrx_word' id='word_1_211' title='bbox 1858 2178 1938 2242; x_wconf 91' lang='lat' dir='ltr'>qui</span> <span class='ocrx_word' id='word_1_212' title='bbox 1960 2178 2104 2227; x_wconf 88' lang='lat' dir='ltr'>etiam</span> 
     </span>
     <span class='ocr_line' id='line_1_24' title="bbox 338 2261 2105 2327; baseline -0.002 -18"><span class='ocrx_word' id='word_1_213' title='bbox 338 2278 482 2326; x_wconf 87' lang='lat' dir='ltr'>super</span> <span class='ocrx_word' id='word_1_214' title='bbox 508 2262 603 2311; x_wconf 91' lang='lat' dir='ltr'>hoc</span> <span class='ocrx_word' id='word_1_215' title='bbox 633 2279 708 2311; x_wconf 92' lang='lat' dir='ltr'>me</span> <span class='ocrx_word' id='word_1_216' title='bbox 732 2263 1061 2327; x_wconf 85' lang='lat' dir='ltr'>interrogavit.</span> <span class='ocrx_word' id='word_1_217' title='bbox 1094 2264 1337 2327; x_wconf 90' lang='lat' dir='ltr'>Respondi</span> <span class='ocrx_word' id='word_1_218' title='bbox 1358 2279 1386 2311; x_wconf 95' lang='lat' dir='ltr'>a</span> <span class='ocrx_word' id='word_1_219' title='bbox 1406 2263 1558 2311; x_wconf 85' lang='lat' dir='ltr'>felicis</span> <span class='ocrx_word' id='word_1_220' title='bbox 1584 2261 1934 2310; x_wconf 81' lang='lat' dir='ltr'>recordationis</span> <span class='ocrx_word' id='word_1_221' title='bbox 1961 2263 2105 2308; x_wconf 88' lang='lat' dir='ltr'>Inno-</span> 
     </span>
     <span class='ocr_line' id='line_1_25' title="bbox 336 2343 2104 2410; baseline -0.001 -18"><span class='ocrx_word' id='word_1_222' title='bbox 336 2345 494 2393; x_wconf 89' lang='lat' dir='ltr'>centio</span> <span class='ocrx_word' id='word_1_223' title='bbox 530 2361 654 2410; x_wconf 88' lang='lat' dir='ltr'>papa</span> <span class='ocrx_word' id='word_1_224' title='bbox 687 2348 793 2396; x_wconf 89' lang='lat' dir='ltr'>VIII</span> <span class='ocrx_word' id='word_1_225' title='bbox 832 2346 1087 2395; x_wconf 88' lang='lat' dir='ltr'>ecclesiam</span> <span class='ocrx_word' id='word_1_226' title='bbox 1126 2346 1490 2410; x_wconf 81' lang='lat' dir='ltr'>Strigonensem</span> <span class='ocrx_word' id='word_1_227' title='bbox 1531 2345 1919 2394; x_wconf 88' lang='lat' dir='ltr'>commendatam</span> <span class='ocrx_word' id='word_1_228' title='bbox 1955 2343 2104 2391; x_wconf 86' lang='lat' dir='ltr'>fuisse</span> 
     </span>
     <span class='ocr_line' id='line_1_26' title="bbox 334 2426 2101 2493; baseline -0.002 -16"><span class='ocrx_word' id='word_1_229' title='bbox 334 2433 380 2477; x_wconf 90' lang='lat' dir='ltr'>et</span> <span class='ocrx_word' id='word_1_230' title='bbox 418 2430 723 2480; x_wconf 90' lang='lat' dir='ltr'>Valentinam</span> <span class='ocrx_word' id='word_1_231' title='bbox 760 2431 819 2478; x_wconf 85' lang='lat' dir='ltr'>ab</span> <span class='ocrx_word' id='word_1_232' title='bbox 854 2430 1125 2478; x_wconf 86' lang='lat' dir='ltr'>Alexandro</span> <span class='ocrx_word' id='word_1_233' title='bbox 1163 2429 1252 2493; x_wconf 91' lang='lat' dir='ltr'>ipsi</span> <span class='ocrx_word' id='word_1_234' title='bbox 1287 2429 1569 2487; x_wconf 64' lang='lat' dir='ltr'>Valentiam</span> <span class='ocrx_word' id='word_1_235' title='bbox 1606 2432 1863 2492; x_wconf 88' lang='lat' dir='ltr'>propterea</span> <span class='ocrx_word' id='word_1_236' title='bbox 1902 2426 1950 2473; x_wconf 92' lang='lat' dir='ltr'>in</span> <span class='ocrx_word' id='word_1_237' title='bbox 1988 2441 2101 2490; x_wconf 89' lang='lat' dir='ltr'>per-</span> 
     </span>
     <span class='ocr_line' id='line_1_27' title="bbox 331 2508 2100 2577; baseline -0.003 -17"><span class='ocrx_word' id='word_1_238' title='bbox 331 2513 594 2561; x_wconf 88' lang='lat' dir='ltr'>mutatione</span> <span class='ocrx_word' id='word_1_239' title='bbox 629 2513 942 2562; x_wconf 88' lang='lat' dir='ltr'>cardinalium</span> <span class='ocrx_word' id='word_1_240' title='bbox 971 2513 1243 2577; x_wconf 89' lang='lat' dir='ltr'>predictum</span> <span class='ocrx_word' id='word_1_241' title='bbox 1277 2515 1530 2561; x_wconf 89' lang='lat' dir='ltr'>Estensem</span> <span class='ocrx_word' id='word_1_242' title='bbox 1566 2511 1697 2575; x_wconf 90' lang='lat' dir='ltr'>prius</span> <span class='ocrx_word' id='word_1_243' title='bbox 1728 2508 2100 2574; x_wconf 86' lang='lat' dir='ltr'>pronunciatum</span> 
     </span>
     <span class='ocr_line' id='line_1_28' title="bbox 331 2593 2101 2658; baseline -0.002 -15"><span class='ocrx_word' id='word_1_244' title='bbox 331 2596 495 2657; x_wconf 90' lang='lat' dir='ltr'>fuisse,</span> <span class='ocrx_word' id='word_1_245' title='bbox 520 2596 694 2646; x_wconf 91' lang='lat' dir='ltr'>deinde</span> <span class='ocrx_word' id='word_1_246' title='bbox 711 2598 1039 2657; x_wconf 88' lang='lat' dir='ltr'>Valentinum,</span> <span class='ocrx_word' id='word_1_247' title='bbox 1062 2601 1109 2646; x_wconf 89' lang='lat' dir='ltr'>et</span> <span class='ocrx_word' id='word_1_248' title='bbox 1129 2613 1187 2645; x_wconf 88' lang='lat' dir='ltr'>ex</span> <span class='ocrx_word' id='word_1_249' title='bbox 1206 2597 1301 2645; x_wconf 91' lang='lat' dir='ltr'>hoc</span> <span class='ocrx_word' id='word_1_250' title='bbox 1320 2596 1478 2644; x_wconf 90' lang='lat' dir='ltr'>eidem</span> <span class='ocrx_word' id='word_1_251' title='bbox 1500 2595 1688 2643; x_wconf 86' lang='lat' dir='ltr'>Estensi</span> <span class='ocrx_word' id='word_1_252' title='bbox 1710 2594 1919 2658; x_wconf 89' lang='lat' dir='ltr'>primum</span> <span class='ocrx_word' id='word_1_253' title='bbox 1939 2593 2101 2641; x_wconf 92' lang='lat' dir='ltr'>locum</span> 
     </span>
     <span class='ocr_line' id='line_1_29' title="bbox 334 2677 2108 2745; baseline -0.002 -18"><span class='ocrx_word' id='word_1_254' title='bbox 334 2679 523 2738; x_wconf 86' lang='lat' dir='ltr'>deberi;</span> <span class='ocrx_word' id='word_1_255' title='bbox 557 2681 687 2744; x_wconf 90' lang='lat' dir='ltr'>quod</span> <span class='ocrx_word' id='word_1_256' title='bbox 711 2681 1005 2745; x_wconf 83' lang='lat' dir='ltr'>intelligens,</span> <span class='ocrx_word' id='word_1_257' title='bbox 1035 2680 1318 2731; x_wconf 88' lang='lat' dir='ltr'>Valentinus</span> <span class='ocrx_word' id='word_1_258' title='bbox 1345 2679 1582 2743; x_wconf 82' lang='lat' dir='ltr'>acquievit</span> <span class='ocrx_word' id='word_1_259' title='bbox 1602 2679 1669 2726; x_wconf 93' lang='lat' dir='ltr'>illi</span> <span class='ocrx_word' id='word_1_260' title='bbox 1691 2677 1882 2737; x_wconf 89' lang='lat' dir='ltr'>cedere,</span> <span class='ocrx_word' id='word_1_261' title='bbox 1909 2680 1956 2724; x_wconf 89' lang='lat' dir='ltr'>et</span> <span class='ocrx_word' id='word_1_262' title='bbox 1977 2678 2108 2739; x_wconf 92' lang='lat' dir='ltr'>Papa</span> 
     </span>
     <span class='ocr_line' id='line_1_30' title="bbox 334 2760 2104 2829; baseline -0.003 -18"><span class='ocrx_word' id='word_1_263' title='bbox 334 2765 544 2812; x_wconf 88' lang='lat' dir='ltr'>sentiens</span> <span class='ocrx_word' id='word_1_264' title='bbox 579 2766 891 2815; x_wconf 90' lang='lat' dir='ltr'>Valentinum</span> <span class='ocrx_word' id='word_1_265' title='bbox 922 2770 1092 2829; x_wconf 88' lang='lat' dir='ltr'>sponte</span> <span class='ocrx_word' id='word_1_266' title='bbox 1125 2766 1298 2813; x_wconf 89' lang='lat' dir='ltr'>cedere</span> <span class='ocrx_word' id='word_1_267' title='bbox 1320 2764 1457 2824; x_wconf 86' lang='lat' dir='ltr'>velle,</span> <span class='ocrx_word' id='word_1_268' title='bbox 1482 2763 1625 2827; x_wconf 84' lang='lat' dir='ltr'>jussit</span> <span class='ocrx_word' id='word_1_269' title='bbox 1645 2762 1808 2810; x_wconf 90' lang='lat' dir='ltr'>locum</span> <span class='ocrx_word' id='word_1_270' title='bbox 1829 2760 2104 2825; x_wconf 87' lang='lat' dir='ltr'>predictum</span> 
     </span>
     <span class='ocr_line' id='line_1_31' title="bbox 333 2847 907 2912; baseline 0.003 -18"><span class='ocrx_word' id='word_1_271' title='bbox 333 2847 424 2910; x_wconf 92' lang='lat' dir='ltr'>ipsi</span> <span class='ocrx_word' id='word_1_272' title='bbox 446 2849 630 2895; x_wconf 87' lang='lat' dir='ltr'>Estensi</span> <span class='ocrx_word' id='word_1_273' title='bbox 655 2849 907 2912; x_wconf 84' lang='lat' dir='ltr'>assignari.</span> 
     </span>
    </p>

    <p class='ocr_par' dir='ltr' id='par_1_3' title="bbox 328 2925 2102 3496">
     <span class='ocr_line' id='line_1_32' title="bbox 401 2925 2099 2995; baseline -0.002 -18"><span class='ocrx_word' id='word_1_274' title='bbox 401 2931 649 2995; x_wconf 89' lang='lat' dir='ltr'>Proposite</span> <span class='ocrx_word' id='word_1_275' title='bbox 680 2935 789 2979; x_wconf 93' lang='lat' dir='ltr'>sunt</span> <span class='ocrx_word' id='word_1_276' title='bbox 810 2935 918 2994; x_wconf 90' lang='lat' dir='ltr'>post</span> <span class='ocrx_word' id='word_1_277' title='bbox 947 2931 1171 2995; x_wconf 89' lang='lat' dir='ltr'>primam,</span> <span class='ocrx_word' id='word_1_278' title='bbox 1198 2929 1465 2978; x_wconf 90' lang='lat' dir='ltr'>successive</span> <span class='ocrx_word' id='word_1_279' title='bbox 1489 2934 1587 2977; x_wconf 90' lang='lat' dir='ltr'>tres</span> <span class='ocrx_word' id='word_1_280' title='bbox 1618 2927 1708 2977; x_wconf 88' lang='lat' dir='ltr'>alie</span> <span class='ocrx_word' id='word_1_281' title='bbox 1731 2925 2099 2976; x_wconf 89' lang='lat' dir='ltr'>commissiones</span> 
     </span>
     <span class='ocr_line' id='line_1_33' title="bbox 333 3014 2097 3078; baseline -0.001 -16"><span class='ocrx_word' id='word_1_282' title='bbox 333 3030 536 3077; x_wconf 85' lang='lat' dir='ltr'>quarum</span> <span class='ocrx_word' id='word_1_283' title='bbox 557 3014 758 3078; x_wconf 90' lang='lat' dir='ltr'>primam</span> <span class='ocrx_word' id='word_1_284' title='bbox 782 3014 1060 3078; x_wconf 83' lang='lat' dir='ltr'>[proposuit]</span> <span class='ocrx_word' id='word_1_285' title='bbox 1084 3018 1140 3062; x_wconf 93' lang='lat' dir='ltr'>D.</span> <span class='ocrx_word' id='word_1_286' title='bbox 1164 3017 1205 3062; x_wconf 88' lang='lat' dir='ltr'>J.</span> <span class='ocrx_word' id='word_1_287' title='bbox 1228 3014 1286 3062; x_wconf 92' lang='lat' dir='ltr'>de</span> <span class='ocrx_word' id='word_1_288' title='bbox 1304 3014 1520 3072; x_wconf 88' lang='lat' dir='ltr'>Velletri‚</span> <span class='ocrx_word' id='word_1_289' title='bbox 1544 3014 1807 3062; x_wconf 89' lang='lat' dir='ltr'>secundam</span> <span class='ocrx_word' id='word_1_290' title='bbox 1826 3016 1881 3061; x_wconf 91' lang='lat' dir='ltr'>D.</span> <span class='ocrx_word' id='word_1_291' title='bbox 1905 3016 2097 3061; x_wconf 90' lang='lat' dir='ltr'>Leonus</span> 
     </span>
     <span class='ocr_line' id='line_1_34' title="bbox 334 3095 2102 3157; baseline -0.002 -12"><span class='ocrx_word' id='word_1_292' title='bbox 334 3098 392 3146; x_wconf 91' lang='lat' dir='ltr'>de</span> <span class='ocrx_word' id='word_1_293' title='bbox 432 3098 570 3157; x_wconf 86' lang='lat' dir='ltr'>Pisis,</span> <span class='ocrx_word' id='word_1_294' title='bbox 613 3098 802 3147; x_wconf 88' lang='lat' dir='ltr'>tertiam</span> <span class='ocrx_word' id='word_1_295' title='bbox 836 3100 892 3145; x_wconf 88' lang='lat' dir='ltr'>D.</span> <span class='ocrx_word' id='word_1_296' title='bbox 931 3097 1166 3145; x_wconf 88' lang='lat' dir='ltr'>Antonius</span> <span class='ocrx_word' id='word_1_297' title='bbox 1204 3097 1262 3144; x_wconf 92' lang='lat' dir='ltr'>de</span> <span class='ocrx_word' id='word_1_298' title='bbox 1303 3096 1561 3155; x_wconf 87' lang='lat' dir='ltr'>Leonibus,</span> <span class='ocrx_word' id='word_1_299' title='bbox 1605 3095 1821 3144; x_wconf 89' lang='lat' dir='ltr'>advocati</span> <span class='ocrx_word' id='word_1_300' title='bbox 1861 3095 2102 3144; x_wconf 85' lang='lat' dir='ltr'>consisto-</span> 
     </span>
     <span class='ocr_line' id='line_1_35' title="bbox 333 3179 2099 3245; baseline -0.001 -17"><span class='ocrx_word' id='word_1_301' title='bbox 333 3181 492 3230; x_wconf 80' lang='lat' dir='ltr'>rialeS.</span> <span class='ocrx_word' id='word_1_302' title='bbox 533 3185 651 3230; x_wconf 91' lang='lat' dir='ltr'>Tum</span> <span class='ocrx_word' id='word_1_303' title='bbox 685 3197 810 3245; x_wconf 85' lang='lat' dir='ltr'>papa</span> <span class='ocrx_word' id='word_1_304' title='bbox 844 3180 1026 3244; x_wconf 87' lang='lat' dir='ltr'>recepit</span> <span class='ocrx_word' id='word_1_305' title='bbox 1056 3180 1126 3228; x_wconf 74' lang='lat' dir='ltr'>adv</span> <span class='ocrx_word' id='word_1_306' title='bbox 1148 3179 1368 3228; x_wconf 92' lang='lat' dir='ltr'>osculum</span> <span class='ocrx_word' id='word_1_307' title='bbox 1400 3179 1535 3243; x_wconf 91' lang='lat' dir='ltr'>pedis</span> <span class='ocrx_word' id='word_1_308' title='bbox 1568 3180 1778 3243; x_wconf 88' lang='lat' dir='ltr'>prelatos</span> <span class='ocrx_word' id='word_1_309' title='bbox 1811 3195 1866 3228; x_wconf 91' lang='lat' dir='ltr'>ac</span> <span class='ocrx_word' id='word_1_310' title='bbox 1901 3179 2099 3227; x_wconf 87' lang='lat' dir='ltr'>fratrem</span> 
     </span>
     <span class='ocr_line' id='line_1_36' title="bbox 331 3262 2099 3325; baseline -0.002 -12"><span class='ocrx_word' id='word_1_311' title='bbox 331 3265 609 3325; x_wconf 78' lang='lat' dir='ltr'>cardinalis3</span> <span class='ocrx_word' id='word_1_312' title='bbox 644 3266 1004 3315; x_wconf 85' lang='lat' dir='ltr'>associaverunt</span> <span class='ocrx_word' id='word_1_313' title='bbox 1032 3279 1206 3312; x_wconf 90' lang='lat' dir='ltr'>novum</span> <span class='ocrx_word' id='word_1_314' title='bbox 1236 3263 1297 3312; x_wconf 90' lang='lat' dir='ltr'>ad</span> <span class='ocrx_word' id='word_1_315' title='bbox 1326 3263 1523 3311; x_wconf 91' lang='lat' dir='ltr'>domum</span> <span class='ocrx_word' id='word_1_316' title='bbox 1552 3262 1861 3312; x_wconf 89' lang='lat' dir='ltr'>habitationis</span> <span class='ocrx_word' id='word_1_317' title='bbox 1891 3278 1977 3311; x_wconf 90' lang='lat' dir='ltr'>sue</span> <span class='ocrx_word' id='word_1_318' title='bbox 2006 3275 2099 3325; x_wconf 84' lang='lat' dir='ltr'>que</span> 
     </span>
     <span class='ocr_line' id='line_1_37' title="bbox 330 3346 2095 3413; baseline -0.001 -19"><span class='ocrx_word' id='word_1_319' title='bbox 330 3351 403 3395; x_wconf 86' lang='lat' dir='ltr'>ost</span> <span class='ocrx_word' id='word_1_320' title='bbox 426 3347 597 3396; x_wconf 87' lang='lat' dir='ltr'>domus</span> <span class='ocrx_word' id='word_1_321' title='bbox 619 3348 954 3413; x_wconf 89' lang='lat' dir='ltr'>Christophori</span> <span class='ocrx_word' id='word_1_322' title='bbox 982 3347 1041 3397; x_wconf 87' lang='lat' dir='ltr'>de</span> <span class='ocrx_word' id='word_1_323' title='bbox 1063 3347 1256 3396; x_wconf 89' lang='lat' dir='ltr'>Bubalis</span> <span class='ocrx_word' id='word_1_324' title='bbox 1277 3347 1326 3395; x_wconf 91' lang='lat' dir='ltr'>in</span> <span class='ocrx_word' id='word_1_325' title='bbox 1347 3346 1594 3406; x_wconf 88' lang='lat' dir='ltr'>Columna,</span> <span class='ocrx_word' id='word_1_326' title='bbox 1627 3347 1793 3396; x_wconf 84' lang='lat' dir='ltr'>ordine</span> <span class='ocrx_word' id='word_1_327' title='bbox 1824 3348 2057 3396; x_wconf 88' lang='lat' dir='ltr'>consueto</span> <span class='ocrx_word' id='word_1_328' title='bbox 2085 3360 2095 3392; x_wconf 90' lang='lat'>:</span> 
     </span>
     <span class='ocr_line' id='line_1_38' title="bbox 328 3428 2091 3496; baseline -0.002 -18"><span class='ocrx_word' id='word_1_329' title='bbox 328 3446 422 3493; x_wconf 90' lang='lat' dir='ltr'>quo</span> <span class='ocrx_word' id='word_1_330' title='bbox 452 3437 700 3494; x_wconf 84' lang='lat' dir='ltr'>pervento,</span> <span class='ocrx_word' id='word_1_331' title='bbox 726 3432 823 3496; x_wconf 84' lang='lat' dir='ltr'>egit</span> <span class='ocrx_word' id='word_1_332' title='bbox 844 3430 1019 3496; x_wconf 85' lang='lat' dir='ltr'>gratias</span> <span class='ocrx_word' id='word_1_333' title='bbox 1050 3430 1159 3489; x_wconf 89' lang='lat' dir='ltr'>illis,</span> <span class='ocrx_word' id='word_1_334' title='bbox 1186 3434 1234 3480; x_wconf 88' lang='lat' dir='ltr'>et</span> <span class='ocrx_word' id='word_1_335' title='bbox 1263 3435 1569 3480; x_wconf 86' lang='lat' dir='ltr'>recesserunt</span> <span class='ocrx_word' id='word_1_336' title='bbox 1589 3447 1775 3481; x_wconf 90' lang='lat' dir='ltr'>omnes.</span> <span class='ocrx_word' id='word_1_337' title='bbox 1801 3432 1869 3479; x_wconf 86' lang='lat' dir='ltr'>Ex</span> <span class='ocrx_word' id='word_1_338' title='bbox 1897 3428 2091 3494; x_wconf 85' lang='lat' dir='ltr'>prelatis</span> 
     </span>
    </p>
   </div>
  </div>
 </body>
</html>
