2222 3926
133 308 240 349 [Mars
264 307 356 346 1496]
578 306 746 343 RERUM
778 305 1079 343 URBANARUM
1112 307 1462 347 COMMENTARH.
1841 315 1912 350 269

198 410 304 469 Qui,
327 410 476 458 missa
496 409 647 467 finita,
671 424 840 458 omnes
863 404 1047 458 iverunt
1068 410 1129 458 ad
1155 411 1390 475 capellam
1423 411 1684 460 cardinalis
1715 415 1909 477 Neapo-

130 494 283 551 litani,
316 494 362 542 in
385 510 479 558 qua
507 498 580 542 est
600 493 817 557 plenaria
838 493 1154 558 indulgentia.
1180 496 1467 543 Sermonem
1500 483 1612 554 fecit
1634 499 1742 558 post
1767 510 1910 556 evan-

132 579 328 642 gelium,
377 593 511 627 more
555 578 714 637 solit0,
771 580 828 638 D.
877 577 1109 638 Martinus
1148 577 1207 626 de
1252 578 1424 638 Vian0,
1482 570 1617 627 sacre
1668 577 1910 642 theologie

133 662 396 724 professor,
453 661 575 722 Rmi‚
630 663 693 709 D.
740 661 997 710 cardinalis
1052 677 1090 709 s.
1146 661 1337 726 Georgii
1390 661 1686 726 capellanus.
1714 664 1914 724 ‚Parata

135 744 327 792 fuerunt
360 736 574 802 scamna,
616 760 766 792 unum
798 745 1115 793 transversale
1161 745 1210 804 in
1258 745 1414 794 banco
1454 745 1848 811 presbyterorum
1884 763 1912 795 a

132 832 272 891 porta
298 828 435 892 juxta
467 827 754 889 cancellum,
789 832 836 876 et
863 844 892 875 a
917 827 1071 889 banco
1104 827 1419 886 diaconorum
1458 828 1601 876 simili
1634 829 1797 887 modo,
1827 828 1913 878 sed

134 910 392 974 triplicata3
429 925 577 958 unum
600 913 718 969 ,ante
746 909 875 957 aliud
901 910 948 957 in
977 910 1149 974 quibus
1181 911 1413 958 sederunt
1446 911 1615 975 prelati
1642 928 1651 959 :
1676 911 1912 960 laicorum

132 998 378 1042 oratorum
399 987 729 1041 nullus'interf
731 992 813 1040 uit.
839 992 944 1040 Alia
963 992 1155 1041 fuerunt
1178 1008 1313 1041 more
1334 992 1476 1041 solito
1499 994 1766 1056 observata.

196 1076 422 1134 Sabbato,
460 1079 516 1124 12
546 1075 723 1136 martii,
757 1076 932 1137 festum
966 1092 1004 1124 s,
1047 1076 1282 1140 Gregorii,
1318 1079 1447 1141 Papa
1475 1082 1671 1142 paratus
1707 1079 1906 1140 amictu,

128 1158 253 1216 alba,
287 1159 500 1223 cingulo,
529 1159 792 1223 capuccino
816 1164 861 1208 et
895 1159 1048 1208 bireto
1071 1160 1210 1219 albis,
1236 1166 1283 1208 et
1304 1161 1513 1225 desuper
1531 1162 1653 1211 stola
1676 1163 1907 1228 pretiosa,

125 1242 498 1308 precedentibus
520 1258 664 1307 cruce
687 1248 734 1292 et
755 1242 1097 1303 cardinalibus,
1124 1244 1204 1292 ivit
1237 1259 1324 1308 per
1345 1245 1467 1293 viam
1501 1246 1659 1310 campi
1683 1247 1822 1295 Flore
1862 1254 1911 1296 et

127 1327 337 1391 plateam
367 1327 647 1384 Judeorum,
681 1341 768 1390 per
805 1324 1020 1373 medium
1058 1324 1278 1373 vestibuli
1313 1342 1352 1388 s.
1389 1327 1582 1391 Georgii
1622 1327 1701 1375 ubi
1730 1329 1910 1377 audivit

128 1411 326 1460 missam
348 1411 537 1459 bassam
562 1425 705 1473 quam
727 1408 983 1458 celebravit
1001 1408 1150 1472 abbas
1168 1409 1281 1457 dicti
1302 1410 1609 1470 monasterii;
1633 1410 1761 1460 facta
1777 1412 1909 1477 prius

128 1510 213 1559 per
238 1511 348 1544 eum
376 1509 486 1544 cum
527 1497 656 1559 Papa
681 1493 1004 1551 confessione,
1037 1509 1173 1557 more
1202 1493 1362 1553 solit0,
1390 1493 1507 1543 dixit
1540 1499 1728 1544 tantum
1763 1512 1909 1545 unam

129 1580 415 1638 orationem,
459 1579 641 1628 omissa
679 1594 771 1642 que
806 1577 865 1626 de
899 1577 1033 1626 seria.
1070 1577 1348 1641 Cardinales
1391 1578 1544 1627 secuti
1579 1579 1775 1629 fuerunt
1811 1581 1906 1629 hoc

127 1663 312 1723 ordine,
347 1662 570 1712 videlicet
597 1680 606 1710 z
633 1662 863 1726 Senensis
885 1666 931 1711 et
959 1679 998 1710 s.
1030 1662 1223 1726 Georgii
1255 1667 1385 1711 retro
1408 1665 1605 1728 Papam,
1642 1648 1912 1729 Neapolita-

130 1761 238 1807 nus,
271 1764 311 1795 s.
343 1747 533 1812 Angeli,
574 1746 911 1795 Ulixbonensis
946 1746 1158 1811 episcopi
1191 1750 1297 1795 ets.
1325 1746 1602 1807 Clementis,
1638 1748 1910 1814 Parmensis

130 1829 179 1878 in
200 1830 392 1879 tribuna
415 1847 443 1879 a
471 1831 652 1879 dextris
674 1829 928 1887 intrantis3
962 1832 1349 1887 Beneventanus,
1377 1846 1414 1877 s.
1451 1830 1696 1890 Praxedis,
1734 1832 1912 1880 Montis

129 1913 337 1978 Regalis,
363 1931 399 1962 s.
419 1914 652 1979 Dionysii,
678 1913 1046 1972 Alexandrinus,
1071 1930 1110 1961 s.
1147 1914 1330 1972 Crucis,
1354 1914 1740 1978 Segobricensis,
1773 1916 1907 1982 Agri-

128 1997 352 2061 gentinus
394 2002 442 2046 et
483 1998 760 2057 Perusinus,
807 1997 1096 2062 presbyteri,
1141 2013 1168 2045 a
1203 1997 1402 2046 dextera
1445 1997 1572 2062 dicte
1613 1997 1802 2047 tribune
1848 1999 1907 2047 ad

128 2081 367 2130 sinistram
424 2081 661 2140 intrantis,
725 2080 1167 2139 vicecancellarius,
1217 2098 1255 2128 s.
1309 2081 1540 2140 Severini,
1600 2083 1902 2144 Valentinus,

127 2164 400 2223 Cesarinus,
427 2164 701 2224 Grimanus,
724 2164 986 2212 Farnesius
1016 2171 1063 2212 et
1086 2165 1289 2223 Lunate,
1316 2163 1534 2221 diaconi3
1563 2165 1624 2230 ad
1657 2165 1907 2215 dexteram

126 2245 345 2296 intrantis
366 2249 502 2312 juxta
539 2264 736 2297 scamna
755 2248 935 2296 ibidem
957 2263 1044 2312 pro
1079 2248 1148 2297 eis
1169 2252 1352 2313 parata,
1386 2254 1434 2298 et
1460 2250 1596 2313 juxta
1626 2266 1710 2314 eos
1739 2251 1906 2316 prelati

125 2331 406 2380 assistentes
443 2335 489 2380 et
516 2336 735 2381 oratores
777 2338 823 2380 et
862 2332 942 2380 alii
981 2348 1152 2381 omnes
1195 2332 1298 2381 sine
1335 2332 1522 2381 ordine.
1570 2334 1765 2400 Librum
1799 2339 1907 2398 post

125 2415 425 2479 evangelium
468 2421 516 2466 et
554 2431 726 2481 pacem
757 2417 972 2481 porrexit
1003 2417 1218 2481 pontifici
1251 2416 1507 2465 cardinalis
1542 2418 1901 2482 Neapolitanus,

125 2499 257 2547 socio
299 2515 409 2548 meo
450 2500 786 2564 superpellicio
821 2500 988 2549 induto
1037 2500 1127 2549 sibi
1171 2501 1491 2560 ministrante,
1535 2500 1616 2566 qui
1651 2506 1698 2550 et
1735 2517 1905 2566 pacem

124 2579 254 2629 dedit
272 2581 594 2644 cardinalibus
615 2583 812 2648 prelatis
836 2584 1171 2633 assistentibus
1189 2590 1236 2633 et
1250 2585 1523 2649 oratoribus
1536 2585 1692 2650 primo
1713 2584 1771 2652 ‘15³‘
1785 2601 1906 2650 quo-

124 2661 239 2712 libet
269 2664 455 2713 ordine.
490 2665 645 2714 Finita
674 2666 838 2726 missa,
872 2670 1002 2732 Papa
1022 2673 1133 2716 ante
1156 2668 1369 2716 medium
1402 2667 1565 2716 altaris
1592 2669 1651 2718 ad
1672 2668 1903 2733 populum

125 2762 306 2807 versus,
334 2763 527 2797 crucem
549 2765 686 2798 suam
718 2756 829 2799 ante
852 2766 903 2800 se
927 2751 1131 2811 habene,
1165 2751 1293 2800 dedit
1321 2751 1708 2802 benedictionem
1731 2753 1905 2802 solem-

123 2846 254 2890 nem,
298 2831 461 2881 dicens
503 2849 512 2880 :
552 2832 630 2881 Sit
663 2850 832 2883 nomen
866 2835 1067 2883 Domini
1096 2836 1403 2895 benedictum,
1444 2844 1527 2884 etc.
1576 2836 1779 2903 Deinde,
1818 2834 1905 2902 per

125 2929 289 2962 arcum
310 2917 607 2966 Constantini
629 2923 677 2967 et
705 2918 795 2968 Titi
814 2925 924 2968 ante
947 2920 1245 2981 Marsorium,
1272 2925 1490 2969 sanctum
1517 2921 1749 2977 Marcum,
1772 2926 1904 2970 recta

124 2997 197 3046 via
217 2999 442 3066 equitavit
463 3000 523 3049 ad
543 3001 800 3051 ecclesiam
832 3020 871 3051 s.
896 3004 1044 3052 Marie
1072 3003 1130 3053 de
1154 3004 1355 3069 Populo,
1386 3002 1498 3054 inde
1527 3004 1666 3053 rediit
1687 3003 1747 3054 ad
1767 3005 1902 3070 pala-

127 3079 242 3128 tium
267 3097 278 3129 ε
303 3083 570 3134 cardinales
594 3087 954 3136 associaverunt
975 3087 1152 3153 ipsum.
1658 3151 1662 3154 ⁴

187 3165 442 3214 Dominica
461 3175 631 3231 quarta
651 3170 1040 3235 quadragesime,
1078 3175 1134 3222 13
1164 3172 1340 3232 martii,
1367 3173 1532 3220 Rmus.
1558 3173 1616 3220 D.
1646 3170 1899 3220 cardinalis

120 3245 468 3296 Alexandrinus
518 3252 776 3301 celebravit
827 3254 1025 3303 missam
1081 3256 1324 3319 publicam
1379 3256 1425 3303 in
1473 3255 1659 3319 capella
1711 3257 1898 3320 majore

122 3331 412 3394 supradicta,
461 3335 589 3398 Papa
628 3343 880 3399 presente3
915 3337 1014 3400 qui,
1053 3338 1265 3402 acceptis
1299 3338 1594 3402 paramentis
1642 3354 1793 3403 usque
1838 3339 1898 3386 ad

123 3414 315 3465 mitram
347 3417 604 3479 exclusive,
636 3424 765 3469 stans
788 3427 908 3470 rante
937 3421 1117 3470 lectum
1137 3420 1432 3486 paramenti,
1454 3415 1708 3469 *benedixit
1738 3436 1895 3469 rosam
