2202 3900
175 374 388 416 [Decembre
410 372 504 413 1495]
622 370 793 409 RERUM
825 370 1130 409 URBANARUM
1159 369 1510 408 COMMENTARII.
1893 377 1963 414 3⁷15

178 476 410 541 temporis
436 475 741 534 brevitatem,
765 475 890 523 infra
910 474 1039 538 quod
1067 489 1165 522 non
1192 474 1280 523 suit
1310 474 1532 538 specialis
1561 475 1690 523 bulla
1715 477 1802 540 pro
1832 478 1958 526 dicto

179 559 421 609 cardinale
443 576 482 607 s.
502 559 732 615 Praxedis
751 574 896 623 super
911 558 1098 606 indulto
1119 558 1399 622 hujusmodi
1417 558 1692 607 celebrandi
1715 562 1956 624 expedita,

180 645 266 692 sed
299 642 494 692 licentia
530 658 618 706 per
658 645 837 706 Papam
877 642 979 690 vive
1011 642 1143 690 vocis
1183 642 1379 691 oraculo
1423 658 1659 692 concessa
1693 660 1703 691 :
1740 660 1839 692 non
1876 645 1962 693 fuit

179 742 357 775 sermo.
379 726 526 773 Missa
555 726 707 785 finita,
729 726 832 790 ipse
867 726 1119 775 celebrans
1154 726 1486 789 pronunciavit
1519 726 1844 791 indulgentias
1877 729 1964 776 de-

179 825 286 857 cem
318 824 555 857 annorum
586 813 632 857 et
663 808 863 856 totidem
892 808 1311 872 quadragenarum
1341 808 1743 858 interessentibus
1764 827 1853 875 per
1873 815 1963 860 Pa-

178 909 290 957 pam
316 907 593 940 concessas.
624 892 902 940 Cardinales
929 892 1176 940 venientes
1201 890 1262 938 ad
1288 891 1487 938 missam
1515 907 1612 939 non
1643 894 1966 943 ascenderunt

179 977 239 1024 ad
259 975 509 1039 palatium,
535 975 621 1023 sed
647 980 782 1024 recta
799 976 876 1023 via
895 976 955 1024 ad
973 975 1222 1023 basilicam
1247 974 1513 1038 predictam
1534 991 1543 1033 ;
1567 980 1613 1023 et
1635 976 1786 1025 missa
1806 977 1960 1038 finita,

178 1058 290 1106 inde
311 1057 372 1105 ad
392 1057 563 1105 domos
587 1072 699 1104 suos
721 1056 984 1104 redierunt.

243 1143 297 1188 In
327 1145 469 1189 nocte
502 1140 734 1204 preterita
767 1139 963 1187 fuerunt
995 1140 1121 1188 dicte
1153 1141 1386 1190 matutine
1420 1143 1664 1191 solemnes
1697 1143 1747 1191 in
1777 1146 1966 1209 capella

180 1224 349 1288 majori
370 1224 608 1288 predicta3
634 1225 763 1287 Papa
780 1223 1001 1282 absente,
1026 1226 1165 1271 Rmo.
1186 1227 1242 1271 D.
1259 1225 1503 1274 cardinale
1522 1227 1839 1290 Agrigentino
1859 1229 1964 1276 offi-

182 1307 310 1354 cium
331 1311 613 1371 peragente,
639 1306 719 1370 qui
741 1306 887 1354 etiam
909 1306 1170 1355 celebravit
1190 1308 1239 1354 iu
1264 1323 1321 1355 ea
1343 1309 1551 1372 primam
1568 1310 1783 1358 missam.
1809 1314 1966 1360 Matu-

183 1391 282 1438 tine
316 1390 507 1453 incepte
540 1390 734 1437 fuerunt
776 1389 904 1437 inter
943 1389 1090 1437 horas
1135 1405 1309 1437 novem
1350 1391 1423 1439 vel
1468 1392 1656 1450 decem,
1689 1393 1964 1442 celebrante

187 1489 367 1521 nonam
386 1473 649 1521 lectionem
669 1472 873 1520 dicturo.
899 1471 1151 1520 Benedixit
1172 1475 1338 1521 Rmus.
1365 1476 1422 1521 D.
1445 1474 1713 1523 cardinales
1736 1491 1774 1522 s.
1796 1478 1968 1523 Praxe-

188 1557 279 1616 dis,
309 1562 458 1616 stans,
485 1556 677 1605 detecto
705 1556 881 1620 capite.
903 1558 1101 1619 Incepto
1135 1557 1273 1604 tertio
1303 1561 1558 1616 nocturno,
1583 1558 1686 1620 ipse
1714 1557 1966 1606 celebrans

187 1640 373 1703 accepit
393 1639 609 1688 sandalia
638 1644 685 1687 et
716 1640 830 1688 dixit
863 1640 1108 1688 Psalmum
1134 1657 1142 1688 :
1173 1640 1328 1697 Quam
1360 1640 1525 1689 dilecta
1556 1641 1855 1689 tabernacula
1880 1650 1963 1688 ete.

189 1724 468 1772 Orationem
484 1727 592 1787 post
616 1723 679 1769 Te
695 1723 855 1771 Deum
875 1723 1153 1772 Laudamus
1172 1725 1288 1772 dixit
1307 1725 1437 1772 idem
1458 1724 1728 1782 celebrans,
1746 1723 1969 1771 omnibus

186 1807 482 1871 paramentis
513 1806 787 1854 missalibus
817 1807 1033 1867 indutus,
1063 1808 1208 1856 etiam
1229 1808 1441 1871 planeta,
1465 1808 1597 1856 socio
1616 1822 1726 1856 meo
1748 1807 1965 1865 absente,

186 1904 286 1936 non
308 1888 449 1936 aliter
475 1888 751 1937 informato.
778 1889 995 1938 Debebat
1017 1889 1146 1937 enim
1165 1889 1267 1952 ipse
1289 1890 1540 1939 celebrans
1560 1890 1842 1954 hujusmodi
1864 1905 1970 1938 ora-

186 1972 369 2020 tionem
391 1972 440 2019 in
461 1971 652 2035 pluviali
675 1971 869 2031 dixisse,
895 1988 994 2020 non
1022 1973 1072 2019 in
1100 1972 1295 2035 capsula
1314 1973 1387 2022 vel
1406 1974 1617 2037 planeta.
1640 1974 1970 2022 Interfuerunt

186 2055 437 2103 matutinis
459 2059 506 2104 et
526 2055 682 2118 prime
704 2055 851 2103 misse
873 2056 1150 2120 hujusmodi
1173 2060 1283 2104 octo
1309 2056 1387 2104 alii
1416 2056 1686 2104 cardinales
1708 2057 1930 2106 videlicet
1956 2075 1964 2103 :

186 2154 224 2184 s.
248 2138 496 2198 Praxedis,
521 2139 894 2198 Alexandrinus,
921 2140 1197 2199 Perusinus,
1227 2140 1529 2205 p1²esbyteri3
1562 2141 1810 2200 Senensis,
1840 2141 1969 2189 vice-

184 2222 520 2281 cancellarius,
546 2222 605 2270 de
634 2223 853 2282 Medicis,
874 2223 1160 2273 Valentinus
1195 2229 1242 2272 et
1275 2227 1548 2288 Capuanus,
1577 2225 1785 2272 diaconi.
1813 2225 1970 2273 Finita

183 2305 341 2368 prima
372 2305 538 2359 missa,
568 2310 876 2355 recesserunt
912 2323 1098 2355 omnes,
1132 2308 1406 2356 Secundam
1439 2308 1638 2356 missam
1673 2307 1791 2356 dixit
1821 2309 1968 2357 abbas

185 2405 224 2436 s.
258 2389 546 2449 Sebastiani,
572 2390 774 2438 sacrista
803 2396 987 2450 noster,
1011 2407 1147 2440 more
1175 2392 1333 2451 solito,
1359 2393 1409 2439 in
1439 2408 1534 2455 qua
1566 2396 1614 2440 et
1643 2392 1893 2441 matutinis
1922 2398 1966 2441 et

184 2472 341 2536 prima
360 2473 527 2532 missa,
552 2474 715 2521 omnia
737 2474 992 2522 observata
1013 2479 1123 2523 sunt
1144 2491 1280 2524 more
1302 2482 1555 2525 consueto.

251 2555 478 2614 Sacrista,
497 2562 596 2603 tam
618 2556 666 2603 in
687 2557 935 2605 matutinis
954 2573 1097 2620 quam
1120 2558 1168 2605 in
1187 2559 1336 2606 missa
1352 2560 1536 2624 majore
1554 2559 1669 2623 poni
1687 2559 1801 2607 fecit
1823 2566 1971 2624 super

186 2639 334 2686 altare
367 2654 535 2687 ensem
564 2644 764 2703 propter
796 2640 1217 2701 consuetudinem,
1247 2657 1391 2705 quem
1414 2658 1537 2689 unus
1560 2658 1619 2690 ex
1652 2642 1967 2691 familiaribus

188 2722 474 2786 apportavit.

250 2805 391 2854 Feria
408 2806 639 2867 secunda,
664 2811 724 2855 26
743 2808 1035 2867 decembriS,
1060 2808 1237 2857 festum
1260 2826 1298 2857 S.
1324 2809 1555 2874 Stephani
1576 2810 1965 2875 protomartyris,

186 2892 353 2938 Rmus.
391 2893 448 2938 D.
481 2890 737 2940 cardinalis
771 2908 810 2940 s.
850 2891 1067 2956 Dionysii
1105 2892 1364 2941 celebravit
1393 2894 1593 2942 missam
1621 2893 1890 2942 solemnem
1918 2894 1967 2940 in

187 2973 371 3036 capella
390 2975 565 3038 majori
587 2975 769 3039 palatii,
792 2978 923 3039 Papa
942 2975 1159 3024 absente.
1185 2979 1291 3025 Non
1318 2977 1404 3026 fuit
1432 2994 1611 3039 sermO,
1636 2977 1749 3026 licet
1774 2977 1966 3025 intima-

188 3060 264 3103 tus
289 3061 434 3116 esset,
459 3059 652 3106 RRmis.
677 3061 780 3107 DD.
806 3059 1125 3107 cardinalibus
1148 3060 1218 3108 sic
1237 3061 1526 3110 volentibuS.

255 3141 338 3188 SS.
365 3143 422 3188 D.
447 3146 613 3191 noster
643 3143 914 3192 cardinales
944 3144 995 3191 in
1028 3160 1222 3194 camera
1253 3146 1492 3210 papagalli
1525 3146 1805 3204 existentes,
1830 3149 1967 3193 ante-

187 3237 333 3284 quam
353 3223 533 3271 veniret
564 3226 625 3273 ad
650 3227 904 3290 capellam,
927 3228 988 3275 ad
1015 3243 1066 3276 se
1091 3229 1141 3276 in
1161 3228 1509 3292 proximiorem
1539 3243 1782 3276 cameram
1809 3228 1965 3276 vocari

188 3305 321 3364 fecit,
345 3306 517 3369 quibus
539 3323 590 3356 se
607 3308 729 3358 bene
747 3310 906 3358 valere
924 3311 1044 3360 dixit
1062 3316 1110 3360 et
1139 3311 1366 3360 ostendit.

255 3389 395 3437 Feria
432 3391 597 3448 tertia,
637 3395 696 3439 27
738 3393 1037 3452 decembris,
1075 3394 1253 3442 festum
1291 3410 1330 3440 s.
1368 3393 1603 3441 Johannis
1652 3393 1962 3457 evangeliste,

191 3476 354 3520 Rmus.
390 3475 445 3521 D.
485 3473 739 3523 cardinalis
779 3476 1039 3524 Perusinus
1077 3476 1336 3525 celebravit
1374 3476 1573 3524 missam
1616 3477 1883 3525 solemnem
1917 3475 1963 3521 in
