2222 3926
309 351 379 387 248
748 360 758 370 ·
922 355 1155 392 JOHANNIS
1189 356 1485 402 BURCHARDI,
1863 357 1972 397 [Avrll
1994 359 2090 400 1495]

311 452 616 514 ducatorum,
657 461 705 503 et
745 456 968 505 omnibus
1011 458 1059 505 in
1090 458 1193 521 ipso
1225 461 1381 505 castro
1421 455 1736 505 existentibus
1781 472 1892 504 cum
1920 473 2087 507 eorum

311 536 451 585 bonis
473 538 603 586 adire
623 538 776 588 libere
798 539 1035 603 permisit.

378 621 629 670 Dominica
665 628 832 685 quarta
863 621 1249 685 quadragesime,
1281 624 1450 669 Letare
1484 627 1776 686 nuncupata,
1814 625 1874 670 29
1906 624 2082 684 martii,

312 708 479 753 Rmus.
513 707 572 753 D.
605 704 858 752 cardinalis
878 703 1230 752 Alexandrinus
1253 704 1510 754 celebravit
1533 706 1728 754 missam
1753 706 2022 754 solemnem
2040 707 2090 756 in

312 788 495 852 capella
522 788 705 852 majore
727 787 908 851 palatii,
938 803 1062 851 papa
1093 792 1335 851 presente,
1360 789 1441 852 qui
1463 793 1722 852 antequam
1751 790 1903 839 exiret
1931 806 2090 840 came-

311 887 413 919 ram
458 871 721 931 secretarii,
758 871 967 919 decrevit
1010 871 1068 919 de
1108 871 1421 919 cardinalium
1468 887 1631 920 coram
1677 888 1728 920 se
1779 873 2085 922 existentium

315 955 515 1015 consilio
543 955 735 1004 mittere
754 969 914 1003 rosam
935 954 1043 1002 duci
1067 957 1363 1005 Venetorum
1384 972 1393 1003 :
1415 955 1587 1004 deinde
1615 956 1744 1005 venit
1771 956 1830 1004 ad
1850 972 2090 1006 cameram

311 1038 566 1103 papagalli,
592 1039 673 1087 ubi
709 1039 915 1103 receptis
948 1038 1241 1102 paramentis
1271 1038 1421 1087 solitis
1454 1039 1698 1088 benedixit
1718 1055 1898 1101 rosam,
1924 1045 1972 1089 et
1999 1041 2091 1089 alia

313 1122 566 1170 observata
613 1122 808 1171 fuerunt
857 1137 992 1171 more
1037 1121 1286 1181 solito(1).
1335 1124 1620 1171 Sermonem
1658 1123 1770 1173 fecit
1809 1130 2092 1188 procurator

313 1205 494 1255 ordinis
534 1205 908 1255 carmelitarum.
950 1207 1002 1253 In
1030 1206 1230 1270 capella,
1263 1205 1321 1254 de
1350 1206 1575 1254 mandato
1610 1209 1756 1270 Pape,
1787 1207 1949 1255 locum
1983 1207 2091 1256 dedi

312 1289 571 1355 magnifico
594 1289 759 1338 comiti
790 1306 828 1337 s.
861 1289 1012 1348 Pauli,
1035 1289 1169 1337 fratri
1200 1289 1454 1339 cardinalis
1483 1291 1882 1349 Cenomanensis,
1914 1292 2091 1339 oratori

314 1372 440 1436 regis
462 1372 681 1432 Francie,
720 1373 768 1420 in
797 1372 1022 1435 gradibus
1045 1372 1148 1419 solii
1172 1375 1298 1436 Pape
1327 1388 1472 1435 supra
1496 1377 1789 1434 senatorem,
1814 1374 1894 1438 qui
1927 1390 2091 1424 comes

311 1455 464 1519 pridie
485 1472 595 1504 cum
623 1455 831 1519 quodam
864 1459 1148 1504 conoratore
1189 1471 1273 1503 suo
1299 1471 1357 1503 ex
1387 1456 1583 1520 Neapoli
1615 1457 1674 1505 ad
1695 1473 1859 1521 regem
1888 1458 2087 1507 Francie

312 1538 488 1587 missus
514 1539 574 1587 ad
606 1540 785 1588 Urbem
817 1538 946 1587 venit
967 1538 1070 1587 sine
1091 1554 1284 1603 pompa,
1316 1555 1344 1587 a
1371 1539 1685 1587 cardinalium
1706 1539 1890 1589 familia
1917 1556 2088 1605 recep-

314 1626 413 1682 tus3
456 1623 577 1671 alter
605 1623 736 1671 stetit
766 1638 877 1670 cum
907 1622 1084 1670 ceteris
1112 1622 1380 1670 oratoribus
1410 1622 1544 1671 laicis
1577 1623 1625 1670 in
1655 1623 1763 1672 loco
1804 1640 1908 1673 suo.
1942 1628 2091 1673 Inter-

310 1706 503 1754 fuerunt
526 1705 672 1754 etiam
694 1705 807 1753 huic
832 1705 979 1753 misse
1009 1706 1173 1753 RRmi.
1197 1708 1297 1753 DD.
1323 1705 1590 1754 cardinales
1613 1707 1815 1755 Ursinus
1843 1712 1892 1755 et
1917 1708 2092 1758 Valen-

311 1789 455 1849 tinus,
484 1789 564 1852 qui
586 1788 829 1853 preteritis
847 1788 992 1836 rebus
1015 1789 1285 1837 successive
1307 1789 1367 1836 ad
1388 1788 1566 1837 Urbem
1589 1793 1700 1837 sunt
1720 1790 1899 1838 reversi
1922 1793 2007 1856 (2).

376 1872 515 1921 Feria
555 1875 740 1935 quarta,
779 1875 795 1918 1
825 1871 1004 1920 mensis
1041 1872 1223 1935 aprilis,
1261 1871 1487 1920 redituris
1523 1872 1585 1920 ad
1607 1873 1831 1937 patriam,
1867 1890 1926 1922 ex
1964 1875 2090 1923 Urbe

309 1955 683 2021 precedentibus
706 1955 900 2004 circiter
927 1959 1130 2019 quatuor
1162 1960 1357 2003 centum
1397 1955 1627 2004 Suizzeris
1661 1972 1865 2020 quorum
1899 1944 2121 2007 circiter

310 2039 657 2103 quinquaginta
699 2039 878 2087 Urbem
911 2043 1026 2087 tunc
1061 2039 1323 2100 exiverant,
1358 2040 1675 2104 quadraginta
1712 2040 1904 2090 circiter
1935 2042 2091 2091 adhuc

310 2123 359 2170 in
379 2123 579 2171 basilica
601 2139 640 2170 s.
666 2123 792 2171 Petri
815 2127 978 2180 eraut3
1004 2123 1326 2186 Hispanorum
1349 2123 1544 2172 circiter
1563 2124 1658 2172 duo
1680 2124 1830 2173 millia
1850 2130 2088 2175 restantes

312 2206 561 2270 sexaginta
595 2206 644 2253 in
679 2206 838 2270 platea
876 2222 915 2254 s,
961 2206 1088 2254 Petri
1127 2210 1238 2255 ante
1267 2207 1498 2270 palatium
1528 2208 1846 2271 apostolicum
1869 2210 2092 2273 nequiter

311 2290 602 2348 invaserunt,
640 2293 685 2336 et
716 2289 862 2337 occisi
889 2290 1082 2338 fuerunt
1101 2305 1158 2338 ex
1180 2289 1409 2339 Suizzeris
1431 2291 1674 2339 sexdecim
1704 2290 1777 2338 vel
1798 2291 1943 2351 circa,
1967 2292 2092 2341 inter

314 2389 434 2437 quos
470 2378 574 2421 erat
606 2388 702 2420 una
728 2372 901 2420 mulier
932 2376 979 2420 et
1010 2372 1059 2420 in
1084 2373 1245 2436 platea
1282 2373 1461 2421 ibidem
1497 2373 1586 2437 ipsi
1616 2374 1778 2433 occisi,
1825 2380 1871 2423 et
1898 2376 2089 2440 publice

316 2456 376 2504 ab
398 2455 622 2520 Hispanis
656 2456 844 2520 spoliati
866 2459 914 2504 et
938 2456 1201 2521 depredati,
1239 2456 1443 2505 aliorum
1469 2456 1630 2520 plures
1655 2457 1910 2517 vulnerati,
1946 2457 2091 2521 aliqui

318 2541 380 2590 ad
413 2541 591 2589 dictum
623 2539 853 2604 palatium
875 2539 1004 2588 ducti
1038 2544 1085 2588 et
1118 2540 1298 2589 ibidem
1324 2540 1372 2587 in
1406 2540 1612 2588 cameris
1643 2541 1792 2600 exuti,
1826 2528 2017 2605 spoliati
2044 2545 2092 2590 et

315 2624 534 2688 pecuniis
570 2623 668 2671 suis
701 2623 886 2687 privati,
919 2639 947 2671 a
982 2623 1155 2686 quibus
1201 2627 1490 2687 receperunt
1525 2628 1663 2672 scuta
1701 2624 1981 2688 quingenta,
2013 2624 2091 2673 alii

318 2707 580 2756 ducentum
610 2706 974 2770 quinquaginta,
1006 2706 1084 2755 alii
1111 2707 1236 2771 plus,
1267 2706 1345 2755 alii
1375 2706 1551 2755 minus.
1589 2709 1659 2754 Ex
1693 2707 1785 2755 illis
1811 2708 1859 2756 in
1887 2707 2092 2757 ecclesia

317 2790 536 2854 predicta
568 2790 883 2838 existentibus
919 2789 1007 2838 fuit
1043 2795 1286 2839 extractus
1330 2806 1454 2838 unus
1487 2790 1720 2839 violenter
1752 2791 1812 2839 ab
1846 2791 2087 2855 Hispanis,

316 2861 489 2921 ductus
525 2873 586 2921 ad
623 2872 853 2936 palatium
893 2873 1181 2938 predictum,
1212 2878 1260 2922 et
1297 2872 1478 2921 ibidem
1518 2874 1738 2922 similiter
1773 2874 2002 2938 spoliatus
2043 2880 2089 2923 et

364 3065 397 3101 1.
428 3078 447 3098 «
466 3064 507 3101 ΕΙ
527 3054 628 3113 Papa
641 3064 688 3101 ha
707 3063 804 3100 dona
822 3075 844 3100 a
864 3062 1057 3100 Geronimo
1078 3062 1178 3099 Zorzi
1199 3062 1259 3109 K.,
1278 3062 1495 3108 (chevalier),
1509 3061 1758 3098 Ambassador
1778 3061 1872 3097 della
1902 3061 2088 3110 Signoria,

316 3123 350 3161 la
368 3123 469 3161 Rosa
488 3124 602 3169 d'oro,
623 3123 690 3160 che
709 3136 750 3161 za
770 3126 914 3172 quattro
934 3123 1021 3159 anni
1046 3122 1080 3159 fo
1106 3123 1203 3159 dona
1225 3122 1259 3158 al
1279 3121 1332 3158 Re
1360 3120 1464 3158 Carlo
1487 3121 1523 3157 di
1550 3121 1699 3167 Franza,
1722 3125 1759 3158 et
1779 3124 1798 3158 e
1819 3125 1877 3158 sta
1897 3121 1933 3159 la
1961 3127 2091 3171 quarta

317 3183 514 3220 Domenica
532 3183 569 3219 di
589 3183 802 3228 Quaresima
823 3195 832 3220 z
854 3183 993 3228 Ques-ta
1011 3193 1109 3227 rosa,
1131 3181 1163 3218 el
1183 3181 1284 3229 Papa
1302 3181 1485 3230 apparado
1505 3181 1552 3217 da
1570 3192 1693 3217 messa
1713 3180 1747 3216 la
1766 3185 1870 3228 porta
1889 3181 1926 3217 in
1946 3193 2030 3218 man
2051 3183 2088 3218 in

317 3242 454 3290 giesia;
477 3254 495 3278 e
516 3244 693 3280 tornando
716 3244 762 3280 da
782 3242 900 3291 giesia
919 3241 953 3278 al
978 3240 1141 3287 Palazzo,
1162 3239 1197 3277 la
1214 3244 1317 3289 porta
1336 3241 1451 3277 anche
1472 3240 1508 3276 in
1534 3252 1618 3277 man
1638 3240 1675 3276 in
1704 3239 1802 3277 vista
1820 3240 1879 3277 del
1898 3240 2045 3289 popolo.
2070 3257 2088 3275 »

317 3300 518 3350 Malipiero,
550 3303 689 3339 Annali
723 3304 863 3348 Veneti,
897 3301 989 3338 dans
1026 3299 1162 3339 l'Areh.
1196 3300 1292 3339 scor.
1322 3300 1420 3342 Ital„
1452 3304 1477 3338 t.
1507 3299 1585 3346 VII,
1615 3312 1650 3349 p.
1691 3300 1724 3346 1,
1756 3311 1842 3349 pag.
1873 3300 1955 3337 334.
1992 3300 2087 3350 Voy.

319 3359 472 3405 Sanuto,
493 3360 530 3397 la
548 3362 695 3408 spediz‚
716 3374 754 3411 p.
775 3363 858 3401 279.

364 3421 401 3458 2.
428 3420 529 3456 Dans
549 3419 581 3457 le
602 3421 818 3459 consistoire
837 3421 899 3471 qui
918 3425 979 3458 eut
997 3421 1069 3458 lieu
1089 3431 1129 3458 ce
1147 3424 1262 3457 meme
1277 3421 1374 3469 jour,
1394 3419 1427 3457 le
1454 3421 1551 3469 Pape
1578 3432 1716 3470 exposa
1735 3431 1808 3458 aux
1835 3420 2034 3458 cardinaux
2055 3420 2090 3458 la

321 3481 468 3528 requete
488 3480 532 3516 de
552 3479 839 3518 l’embassadeur
858 3480 1027 3527 franc-ais,
1050 3480 1142 3529 Voy.
1159 3480 1307 3517 Sanudo
1329 3479 1379 3528 (p.
1401 3481 1499 3526 277).
