2222 3926
334 346 404 383 312
670 351 674 356 ’
749 369 751 373 .
942 347 960 382 J
966 346 1175 383 OHANNIS
1209 345 1504 391 BURCHARD1‚
1888 350 1996 390 [Aout
2016 352 2111 392 1496]

400 451 539 499 Feria
575 454 762 513 quarta,
803 454 862 498 24
901 450 1013 498 dicti
1053 450 1234 497 mensis
1274 449 1479 511 augusti,
1521 448 1655 494 missi
1692 447 1889 495 fuerunt
1923 450 2110 498 obviam

333 534 515 598 legato?
541 550 629 598 per
674 535 846 582 ducem
892 533 1150 581 Mediolani
1197 548 1224 578 a
1268 531 1541 578 Mediolano
1582 546 1734 593 usque
1777 531 2111 595 Marignanum

335 634 504 667 omnes
530 618 744 681 episcopi
767 621 814 665 et
835 615 1151 679 protonotarii
1174 614 1454 673 existenteS,
1478 613 1699 662 videlicet
1721 614 2110 679 archiepiscopus

336 701 574 760 Barensis,
601 701 855 763 episcopus
884 698 1208 756 Novariensis,
1234 704 1281 746 et
1309 697 1518 761 quinque
1540 698 1873 760 protonotarii,
1908 698 1944 745 si
1981 703 2110 747 recte

335 782 551 842 memini,
576 781 798 829 videlicet
825 781 883 829 de
905 781 1081 844 Nigris,
1107 781 1165 829 de
1190 781 1588 840 Vicecomitibus,
1618 781 1677 830 de
1706 781 1924 829 Cribellis
1947 786 1992 829 et
2015 782 2110 830 duo

336 866 413 914 alii
434 881 490 913 ac
512 865 749 929 generalis
769 864 948 912 ordinis
972 865 1339 913 Humiliatorum
1363 865 1460 913 sive
1484 864 1934 914 Camaldulentium.

401 950 666 1014 Episcopus
700 933 1253 1012 Placentinuslegatum
1288 965 1346 997 ex
1381 949 1624 996 Placentia
1652 949 1882 996 continuo
1917 954 2112 997 secutus

337 1039 409 1084 est
435 1053 442 1082 :
469 1049 559 1096 ego
583 1033 726 1081 etiam
754 1034 813 1080 ad
841 1037 1050 1095 quatuor
1076 1032 1297 1080 milliaria
1322 1032 1395 1081 vel
1421 1032 1549 1080 circa
1575 1032 1735 1096 legato
1768 1032 1954 1099 occurri
1988 1033 2114 1081 rela-

335 1124 471 1167 turus
508 1117 550 1165 ei
591 1132 684 1180 que
728 1133 839 1164 cum
879 1116 1000 1165 duce
1040 1116 1298 1164 Mediolani
1339 1116 1457 1163 mihi
1498 1116 1789 1180 acciderant,
1834 1115 1945 1164 dato
1984 1117 2115 1180 prius

338 1201 505 1250 ordine
527 1199 825 1263 processioni
843 1204 890 1248 et
908 1200 1012 1247 aliis
1030 1200 1285 1259 faciendis;
1305 1200 1477 1263 quibus
1492 1200 1767 1260 intellectis,
1788 1200 1952 1249 statuit
1974 1201 2116 1248 etiam

337 1286 441 1350 ipse
475 1288 631 1333 astute
663 1299 825 1348 agere,
863 1284 902 1331 si
932 1284 1056 1331 forte
1088 1284 1184 1331 dux
1216 1299 1304 1347 per
1331 1283 1426 1331 hoc
1460 1283 1520 1331 ad
1538 1283 1754 1332 debitum
1775 1284 2113 1343 reduceretur3

339 1370 415 1417 cui
448 1368 734 1417 renunciare
769 1366 883 1415 fecit
921 1384 1007 1431 per
1051 1370 1107 1414 D.
1150 1367 1534 1430 protonotarium
1577 1367 1634 1415 de
1682 1368 1837 1432 Nigris
1881 1383 1932 1417 se
1975 1367 2117 1415 intel-

338 1453 515 1501 lexisse
539 1468 674 1500 suam
706 1451 1095 1499 Dominationem
1126 1451 1244 1500 velle
1274 1466 1332 1499 ex
1355 1465 1480 1514 equo
1513 1451 1827 1512 descendere,
1862 1456 1910 1500 et
1936 1451 2117 1515 rogavit

342 1537 471 1600 quod
491 1537 621 1585 nullo
641 1537 784 1584 modo
804 1536 851 1583 id
866 1540 1030 1599 ageret
1055 1554 1063 1582 :
1091 1535 1177 1583 sed
1191 1551 1281 1583 nec
1298 1535 1393 1583 hoc
1408 1535 1568 1582 medio
1585 1535 1681 1582 dux
1700 1536 1897 1585 mutavit
1920 1540 2116 1584 senten-

342 1621 474 1670 tiam.
501 1620 764 1684 Respondit
801 1620 930 1668 enim
951 1635 1039 1683 per
1061 1619 1286 1668 eumdem
1313 1619 1697 1682 protonotarium
1719 1619 1778 1666 de
1799 1619 1954 1682 Nigris
1989 1619 2118 1682 quod

341 1709 599 1767 postquam
628 1703 1026 1752 reverendissima
1049 1703 1324 1750 Dominatio
1343 1718 1427 1749 sua
1449 1702 1598 1750 nollet
1619 1702 1777 1764 ipsum
1800 1701 2115 1760 descendere,

342 1788 469 1850 quod
490 1792 603 1836 tunc
624 1792 789 1850 posset
812 1787 899 1834 sibi
918 1786 1318 1834 reverendissima
1339 1785 1610 1833 Dominatio
1633 1800 1720 1833 suo
1743 1784 1879 1849 signo
1906 1785 1980 1832 vel
2001 1788 2120 1832 nutu

343 1873 424 1917 aut
459 1870 604 1918 verbo
642 1870 919 1932 prohibere.
957 1869 1102 1919 Venit
1136 1869 1279 1932 igitur
1315 1869 1410 1916 dux
1446 1884 1556 1916 cum
1590 1884 1767 1932 magna
1799 1868 2037 1927 comitiva,
2075 1874 2121 1915 et

343 1953 471 2016 regis
508 1954 809 2016 Neapolitani
839 1953 1038 2001 dominii
1074 1957 1391 2012 Venetorum,
1429 1953 1562 2001 ducis
1597 1952 1811 2001 Ferrarie
1844 1956 1891 2000 et
1920 1950 2118 1999 dominii

343 2037 734 2086 Florentinorum
761 2039 1047 2097 oratoribus,
1077 2038 1448 2101 precedentibus
1477 2036 1746 2084 oratoribus
1774 2035 1901 2099 regis
1931 2038 2121 2098 Neapo-

344 2120 478 2168 litani
498 2126 545 2168 et
571 2121 771 2169 dominii
791 2125 1090 2172 Venetorum
1112 2137 1167 2169 ac
1189 2121 1311 2169 duce
1333 2121 1492 2169 medio
1514 2120 1638 2167 inter
1658 2124 1899 2168 oratorem
1921 2118 2121 2166 Floren-

346 2202 558 2250 tinorum
592 2219 619 2250 a
653 2203 833 2251 dextris
864 2209 912 2252 et
944 2204 1079 2251 ducis
1113 2203 1332 2252 Ferrarie
1369 2219 1396 2251 a
1432 2202 1638 2250 sinistris
1675 2201 1804 2264 ipsos
1842 2205 2117 2264 sequentes,

344 2286 529 2349 prefato
559 2287 718 2350 legato
751 2287 938 2335 obviam
968 2287 1028 2335 ad
1057 2287 1270 2349 medium
1299 2286 1501 2333 milliare
1537 2284 1609 2332 vel
1641 2283 1785 2343 circa,
1816 2282 2038 2331 videlicet
2058 2281 2119 2329 ad

345 2369 549 2432 primam
581 2374 783 2418 statuam
818 2370 915 2418 sive
949 2372 1210 2435 imaginem
1245 2386 1338 2434 que
1376 2372 1447 2417 est
1478 2384 1623 2431 supra
1654 2367 1886 2415 fossatum
1916 2366 1977 2414 ad
2005 2366 2122 2413 dex-

346 2456 499 2500 teram
525 2453 743 2502 exeuntis
769 2453 1094 2502 Mediolanum
1121 2459 1230 2518 post
1258 2452 1532 2509 ecclesiam,
1560 2467 1645 2499 seu
1671 2458 1960 2501 conventum
1980 2452 2120 2501 beate

347 2536 495 2584 Marie
524 2537 648 2585 delle
671 2538 848 2597 Gratie,
881 2538 978 2598 ubi,
1009 2539 1177 2602 primis
1200 2538 1388 2586 duobus
1407 2539 1675 2587 oratoribus
1695 2555 1859 2587 coram
1875 2538 2035 2601 legato
2065 2537 2124 2584 ad

349 2620 517 2668 decem
552 2637 720 2684 passus
753 2621 826 2670 vel
862 2622 990 2669 circa
1025 2622 1312 2682 constitutis,
1351 2622 1705 2671 descenderunt
1734 2638 1790 2670 ex
1821 2622 1953 2685 equis
1982 2622 2124 2670 ambo

350 2704 508 2767 ipsum
572 2710 848 2753 reverenter
914 2705 1171 2768 recepturi.
1235 2705 1328 2753 Sed
1378 2706 1565 2768 legatus
1623 2721 1820 2754 manum
1876 2705 2123 2769 porrigere

349 2802 579 2835 recusans
635 2790 916 2852 priusquam
987 2804 1136 2851 equos
1200 2789 1542 2848 ascenderent;
1598 2789 1772 2852 quibus
1823 2788 2120 2847 conscensis,

352 2868 481 2915 dedit
513 2885 711 2939 man-um
746 2876 792 2918 et
826 2871 887 2930 ad
913 2872 1009 2919 oris
1038 2871 1255 2919 osculum
1295 2871 1491 2935 recepit.
1518 2872 1674 2918 Finxit
1706 2872 1899 2919 interim
1934 2871 2028 2918 dux
2065 2886 2123 2918 ex

352 2966 476 3014 equo
511 2951 805 3001 descendere
841 2960 888 3001 et
917 2969 966 3001 se
996 2954 1045 3000 in
1077 2953 1226 3002 staffis
1249 2954 1463 3012 elevavit,
1493 2954 1707 3016 legatum
1736 2954 2041 3018 conspiciens
2072 2958 2123 3002 ut

352 3035 641 3084 descensum
658 3036 1011 3099 prohiberetur,
1038 3037 1121 3084 sed
1140 3037 1370 3084 laboravit
1391 3037 1439 3084 in
1457 3052 1648 3096 vanum,
1670 3037 1830 3100 legato
1848 3037 2123 3086 nullatenus

353 3118 490 3179 signo
529 3118 601 3166 vel
639 3122 758 3166 nutu
798 3119 886 3166 sibi
925 3119 1264 3181 respondente.
1307 3119 1525 3166 Accessit
1562 3118 1704 3181 igitur
1743 3118 1839 3165 dux
1881 3123 2122 3182 equester,

354 3201 507 3264 capite
548 3202 739 3251 detecto
773 3202 833 3249 ad
861 3202 1072 3266 legatum
1110 3202 1252 3250 etiam
1287 3207 1430 3264 caput
1462 3203 1769 3265 detegentem
1791 3206 1839 3251 et
1864 3203 1960 3250 oris
1982 3217 2125 3258 oscuf

351 3284 450 3331 lum
484 3285 572 3332 sibi
607 3290 891 3349 negantem3
929 3285 1281 3333 descenderunt
1321 3301 1378 3333 ex
1420 3285 1556 3348 equis
1590 3291 1637 3334 et
1670 3285 1748 3334 alii
1776 3286 1870 3333 duo
1910 3291 2124 3334 oratores

352 3381 462 3413 cum
490 3367 660 3429 quibus
687 3368 874 3431 legatus
903 3383 953 3416 se
980 3367 1147 3415 habuit
1170 3371 1220 3415 ut
1249 3383 1360 3415 cum
1389 3368 1557 3431 primis
1588 3369 1790 3416 duobus.
1817 3371 1949 3415 Duce
1976 3367 2126 3431 igitur

353 3449 413 3497 ad
446 3449 686 3498 sinistram
720 3451 865 3515 legati
897 3451 1159 3514 equitante,
1188 3450 1302 3499 licet
1333 3451 1382 3498 id
1407 3451 1485 3499 diu
1508 3456 1771 3510 recusaret,
1796 3450 2122 3514 processimus
