2216 3886
317 308 386 343 462
923 303 1156 341 JOHANNIS
1188 304 1484 349 BURCHARDI,
1884 306 1967 347 [Mai
1989 307 2083 347 1498]

319 412 451 457 carta
472 412 518 457 et
538 411 824 467 atramento,
850 406 1040 470 scripsit
1061 406 1262 454 crimina
1281 411 1328 455 et
1349 406 1522 454 delicta
1544 420 1631 452 sua
1649 404 1699 452 in
1717 405 1858 464 foliis,
1882 411 1934 456 ut
1954 424 2082 457 asse-

320 492 489 541 rebant
508 507 632 540 Lxxx
657 495 705 538 et
727 490 849 538 ultra
870 488 952 554 (1),
977 493 1025 536 et
1044 489 1169 537 inter
1189 489 1282 536 alia
1302 488 1431 550 quod
1456 503 1552 536 non
1579 488 1747 536 habuit
1770 505 1979 552 unquam
1999 492 2082 540 ali—

316 591 458 638 quam
474 573 811 623 revelationem
830 571 1052 630 divinam,
1073 570 1158 619 sed
1173 570 1340 618 habuit
1357 570 1722 634 intelligentiam
1741 587 1852 620 cum
1866 573 2079 636 pluribus

315 674 371 706 ex
402 657 625 705 fratribus
652 656 700 702 in
728 654 916 703 civitate
938 652 1181 701 Florentia
1216 658 1261 701 et
1292 657 1425 702 extra
1451 669 1558 702 eam
1584 670 1670 718 per
1694 655 1832 718 plura
1862 655 2081 706 milliaria

315 738 654 796 residentibUS,
688 736 768 800 qui
798 735 840 784 ei
871 736 1201 786 confessiones
1223 736 1395 785 Christi
1429 736 1643 786 fidelium
1676 738 1940 788 revelarent
1970 755 2078 790 cum

313 820 646 870 confitentium
663 820 937 869 nominibus
957 824 1003 869 et
1018 820 1412 885 cognominibus:
1433 835 1490 869 ex
1506 818 1679 884 quibus
1701 819 1789 867 sibi
1803 820 1937 885 plura
1957 822 2080 873 dice-

312 906 486 954 bantur
500 909 547 953 et
563 903 850 953 confitentes
865 904 994 968 ipsos
1006 920 1092 968 pro
1112 903 1389 969 hujusmodi
1403 903 1612 968 peccatis
1628 906 1675 951 et
1690 903 1968 954 criminibus
1988 906 2081 970 pri—

310 990 470 1048 vatim,
492 987 748 1051 aliquando
769 987 818 1036 in
839 1003 1016 1052 genere
1036 988 1227 1052 publice
1249 987 1552 1051 corripiebat,
1583 1003 1805 1036 asserens
1824 987 1912 1036 sibi
1933 1005 1961 1037 a
1981 989 2080 1038 Sal—

309 1077 471 1122 vatore
492 1074 657 1119 nostro
678 1071 885 1119 Domino
907 1073 1020 1120 Jesu
1039 1071 1228 1120 Christo
1249 1086 1356 1120 esse
1381 1071 1616 1131 revelata3
1642 1088 1693 1121 se
1714 1088 1811 1120 non
1833 1089 1939 1122 esse
1961 1089 2078 1122 con-

310 1157 549 1204 fessurum
575 1170 603 1201 a
627 1154 794 1218 viginti
815 1154 952 1203 annis
974 1155 1092 1203 citra
1125 1159 1172 1204 et
1198 1155 1323 1203 ultra
1352 1155 1545 1219 aliquod
1576 1160 1828 1220 peccatum
1855 1157 2073 1218 mortale,

308 1239 418 1287 licet
438 1238 587 1287 multa
607 1238 905 1287 commiserit
919 1238 1128 1287 maxime
1147 1239 1194 1286 in
1215 1242 1414 1303 peccato
1434 1240 1589 1288 carnis
1607 1240 1656 1288 in
1681 1257 1775 1304 quo
1797 1240 2079 1304 deliquisset

309 1322 469 1370 multis
490 1326 537 1370 et
558 1321 755 1370 diversis
779 1321 934 1370 modis
957 1322 1224 1386 sepissime,
1250 1322 1521 1373 celebrasse
1542 1324 1679 1388 quasi
1700 1324 1927 1388 quotidie,
1951 1340 2076 1372 nun-

309 1420 452 1468 quam
478 1409 640 1454 tamen
673 1421 701 1453 a
732 1404 870 1453 dictis
904 1405 1040 1453 annis
1069 1405 1188 1454 citra
1219 1406 1364 1455 verba
1396 1407 1771 1457 consecrationis
1797 1406 2072 1472 protulisse,

307 1488 485 1537 multos
517 1504 631 1553 sepe
665 1489 1049 1538 communicasse
1081 1505 1191 1538 cum
1222 1489 1393 1538 hostiis
1423 1505 1520 1539 non
1549 1490 1868 1550 consecratis3
1899 1490 2075 1538 dixisse

308 1571 566 1635 aliquando
598 1572 825 1621 fratribus
857 1573 953 1621 suis
985 1572 1074 1622 sibi
1103 1574 1364 1623 revelatum
1395 1589 1502 1623 esse
1529 1574 1707 1623 debere
1733 1589 1988 1639 precavere
2012 1588 2075 1621 ne

306 1670 490 1703 veneno
516 1661 824 1715 necarentur,
848 1657 1103 1706 mandasse
1123 1661 1381 1721 propterea
1401 1673 1575 1721 coque,
1601 1657 1794 1706 cellario
1816 1662 1863 1706 et
1881 1657 2075 1720 dispen-

308 1736 545 1786 satoribus
585 1742 849 1787 conventus
886 1741 1015 1803 quod
1049 1756 1217 1789 omnes
1246 1742 1404 1805 pisces
1446 1741 1651 1804 quadam
1689 1740 1765 1789 die
1797 1739 1922 1804 junii
1960 1738 2076 1803 ipsis

309 1821 469 1870 donati
498 1827 858 1872 reservarentur
883 1824 1065 1885 intacti,
1088 1840 1198 1872 cum
1229 1824 1428 1889 singulis
1455 1824 1624 1873 diebus
1651 1823 1776 1874 cives
1801 1822 2076 1872 consuevis—

308 1909 414 1953 sent
440 1905 664 1954 fratribus
694 1907 847 1955 multa
875 1907 1126 1971 plusquam
1157 1907 1429 1956 necessaria
1454 1907 1664 1967 mittere,
1689 1905 1936 1955 ordinasse
1964 1921 2075 1954 cum

306 1988 512 2051 quodam
534 1989 635 2038 cive
660 1990 813 2039 amico
836 2007 922 2039 suo
946 1991 1173 2055 singulari
1204 1996 1257 2039 ut
1283 1991 1537 2041 conventui
1564 1991 1776 2039 mitteret
1800 1990 2076 2054 lampredo-

306 2071 438 2119 nium
466 2073 644 2136 optime
664 2079 902 2138 paratum,
925 2090 1111 2124 veneno
1139 2080 1299 2125 tamen
1325 2075 1550 2140 imposito
1575 2091 1585 2123 :
1609 2075 1730 2123 hora
1748 2074 1954 2139 prandii,
1977 2089 2077 2122 om-

305 2154 446 2204 nibus
472 2158 698 2206 fratribus
724 2159 1015 2218 convocatis,
1038 2158 1345 2224 proposuisse
1376 2159 1717 2208 revelationem
1753 2157 1958 2205 divinam
1985 2156 2074 2204 sibi

304 2239 477 2288 factam
500 2245 548 2289 et
566 2257 652 2305 pro
676 2243 781 2306 ejus
812 2242 1110 2306 experientia
1129 2247 1384 2307 apportare
1410 2242 1582 2291 fecisse
1609 2257 1777 2290 omnes
1805 2241 1964 2305 pisces
1987 2238 2074 2288 do-

305 2328 442 2371 natos
465 2324 637 2373 crudos
662 2329 711 2374 et
730 2330 895 2374 coctos
919 2342 975 2374 ac
1002 2325 1145 2374 simul
1166 2342 1277 2374 cum
1303 2326 1547 2385 fratribuS,
1572 2322 1710 2374 flexis
1729 2324 1949 2389 genibuS,
1972 2325 2073 2372 Deo

306 2405 600 2470 supplicasse
621 2412 674 2457 ut
696 2408 976 2473 dignaretur
1005 2409 1146 2458 solita.
1171 2425 1257 2458 sua
1282 2408 1614 2458 misericordia
1640 2423 1801 2456 servos
1828 2422 1940 2455 suos
1961 2423 2074 2471 pro-

306 2494 488 2553 tegere,
529 2494 577 2540 et
609 2491 869 2541 defendere
903 2497 950 2541 et
981 2494 1041 2541 ad
1069 2493 1412 2557 acquirendum
1446 2491 1806 2551 cumfratribus
1838 2491 2074 2555 maj0rem

304 2573 466 2634 fidem,
487 2575 647 2624 vocari
665 2576 837 2625 fecisse
859 2581 1062 2640 gattum,
1081 2577 1220 2641 eique
1239 2577 1604 2641 circumspectis
1622 2575 1845 2624 omnibus
1862 2574 2073 2639 piscibus

304 2658 509 2719 donatis,
543 2659 602 2708 de
637 2659 770 2724 pisce
803 2661 884 2710 illo
913 2660 1248 2726 lampredonio
1280 2676 1368 2725 per
1396 2660 1606 2709 amicum
1628 2675 1767 2707 suum
1786 2672 1972 2707 veneno
1999 2655 2074 2704 in-

302 2741 445 2801 fecto,
467 2742 547 2806 qui
569 2742 714 2806 piscis
746 2744 926 2808 optime
961 2744 1049 2792 sibi
1080 2748 1222 2792 notus
1257 2747 1378 2803 erat,
1401 2743 1607 2791 donasse
1638 2745 1784 2806 gatto,
1806 2739 1887 2804 qui
1914 2743 2072 2804 gattus

303 2829 440 2886 parte
460 2825 739 2889 hujusmodi
760 2826 904 2890 piscis
927 2831 1117 2890 sumpta
1137 2826 1312 2874 cecidit
1332 2830 1380 2874 et
1400 2829 1617 2873 mortuus
1636 2828 1733 2884 est3
1758 2838 1852 2887 quo
1872 2839 1900 2871 a
1918 2820 2074 2870 fratri-

307 2904 396 2954 bus
414 2907 530 2968 viso,
552 2907 806 2956 laudarunt
826 2913 874 2956 et
893 2909 1261 2971 magnificarunt
1284 2923 1411 2956 eum.

370 2991 643 3041 Alexander
666 3007 788 3056 papa
821 2996 982 3040 sextus
1017 2991 1203 3040 dilectis
1236 2991 1347 3038 filiis
1377 2989 1523 3054 priori
1560 2994 1608 3038 et
1637 2986 1891 3038 conventui
1921 2984 2073 3035 sancti

310 3076 458 3124 Marci
480 3075 659 3124 ordinis
679 3075 1034 3140 predicatorum
1054 3074 1102 3123 in
1122 3064 1310 3123 civitate
1332 3073 1573 3122 Florentie
1596 3075 1677 3136 (2).

359 3246 392 3286 1.
420 3244 448 3283 ll
469 3251 525 3284 est
544 3251 649 3284 exact
667 3258 736 3295 que
757 3243 978 3284 Savonarole
1005 3244 1131 3283 ecrivit
1149 3244 1331 3282 lui—meme
1350 3248 1442 3282 cette
1469 3248 1565 3281 sorte
1591 3244 1636 3281 dc
1662 3241 1888 3288 confession;
1910 3239 2001 3278 mais
2021 3237 2075 3278 les

309 3306 452 3343 feuilles
473 3318 516 3343 en
537 3307 657 3343 furent
675 3305 854 3343 ausssitot
873 3305 1058 3343 detruites.
1080 3305 1173 3354 Voy.
1198 3305 1333 3351 Villari,
1354 3308 1381 3343 t.
1404 3305 1450 3350 Il,
1471 3317 1508 3353 p.
1533 3305 1600 3341 157
1622 3304 1693 3351 (ch.
1716 3305 1782 3350 ix).

351 3367 388 3402 2.
420 3366 489 3401 Les
510 3366 604 3402 deux
625 3366 722 3402 brefs
751 3366 916 3403 suivants
942 3366 1111 3403 adresses
1138 3377 1202 3414 par
1228 3365 1260 3402 le
1285 3376 1391 3413 pape,
1414 3363 1446 3400 le
1471 3363 1625 3412 premier
1644 3376 1690 3400 au
1715 3362 1836 3412 prieur
1861 3364 1897 3398 et
1920 3372 1966 3397 au
1985 3370 2072 3396 cou-

309 3428 394 3462 vent
413 3424 457 3462 de
478 3424 715 3471 Saint—Mare,
737 3425 769 3462 le
791 3426 923 3463 second
951 3429 972 3463 a
991 3424 1210 3463 Savonarole
1230 3429 1265 3463 et
1282 3423 1317 3461 la
1342 3426 1496 3472 repense
1516 3424 1560 3461 de
1585 3422 1725 3461 celui-ci
1750 3424 1772 3459 a
1795 3419 2012 3465 Alexandre‚
2033 3429 2074 3455 se
