2248 3906
325 287 394 321 400
930 284 1158 321 JOHANNIS
1194 283 1486 327 BURCHARDI,
1872 284 1979 325 [Aout
1999 284 2093 323 1497]

327 387 472 434 misse
495 386 589 433 sive
609 385 754 433 officii
773 389 1044 449 expectare,
1067 385 1196 448 quod
1215 385 1429 432 nondum
1448 389 1551 432 erat
1568 384 1862 432 inchoatum.
1885 387 2093 433 Scamua

325 485 412 534 pro
438 468 754 518 cardinalibus
786 471 1019 516 steterunt
1050 468 1098 515 in
1128 468 1248 515 locis
1281 467 1524 514 consuetis
1551 465 1676 513 inter
1704 466 1952 515 columnas
1978 468 2093 516 hinc

324 552 453 612 inde,
477 552 526 600 in
546 551 717 615 quibus
738 567 824 614 per
852 555 1004 598 totum
1026 566 1205 597 annum
1228 554 1352 598 stare
1374 552 1665 598 consuerunt
1685 565 1695 596 :
1720 549 1912 597 fuerunt
1933 555 2094 599 autem

325 640 493 684 ornata
523 638 570 681 et
590 638 819 696 cooperta
836 633 1086 696 spalleriis,
1113 637 1160 681 et
1178 649 1374 681 scamna
1393 633 1571 696 pedum
1591 633 1849 695 tapetibus,
1874 632 2096 681 videlicet

326 718 386 766 ad
416 717 656 765 sinistram
685 715 905 764 intrantis
937 716 1191 764 ecclesiam
1222 732 1313 780 que
1346 720 1456 764 sunt
1487 731 1651 764 versus
1683 731 1833 762 cornu
1864 714 2095 779 evangelii

327 800 487 849 altaris
526 815 612 863 pro
647 799 885 862 episcopis
928 804 975 847 et
1006 800 1317 864 preshyteris,
1355 805 1402 848 et
1435 800 1495 847 ad
1522 799 1786 858 dexteram,
1815 798 2035 846 videlicet
2071 813 2098 845 a

327 899 476 931 cornu
514 882 715 946 epistole
749 898 834 945 pro
865 882 1101 941 diaconis;
1137 888 1245 946 post
1278 884 1413 948 cujus
1447 884 1595 931 finem
1626 884 1713 932 fuit
1741 884 1979 948 pulpitum
2011 899 2097 947 pro

329 970 540 1025 oraturo,
569 969 615 1014 et
641 965 688 1012 in
715 965 822 1013 loco
852 981 936 1014 suo
965 966 1120 1026 solito,
1146 967 1291 1014 totius
1313 967 1424 1015 anni
1455 968 1584 1030 quod
1610 968 1696 1015 fuit
1717 966 1859 1031 pallio
1890 965 2098 1030 quodam

329 1066 505 1112 magno
535 1053 757 1097 ornatum
780 1049 840 1096 ad
865 1049 1014 1112 pedes
1041 1049 1154 1097 dicti
1181 1050 1349 1114 pulpiti
1378 1067 1528 1113 usque
1557 1051 1617 1099 ad
1645 1050 1908 1099 scabellum
1937 1050 2101 1097 diaco-

328 1147 501 1180 norum
535 1131 850 1179 cardinalium
887 1148 896 1179 ;
930 1137 1098 1195 postea
1129 1133 1321 1181 fuerunt
1354 1149 1550 1199 scamna
1583 1149 1666 1182 sex
1697 1133 1746 1181 in
1778 1138 2102 1181 transversum

332 1214 536 1262 ecclesie
572 1230 658 1278 pro
694 1214 888 1278 prelatis
920 1231 1122 1278 quorum
1162 1215 1409 1279 quodlibet.
1448 1221 1551 1265 erat
1587 1233 1738 1280 capax
1771 1233 1855 1280 pro
1889 1220 1998 1265 octo
2029 1215 2104 1264 vel

331 1314 501 1346 novem
528 1298 764 1362 personis.
797 1300 849 1345 In
875 1298 970 1346 fine
999 1300 1180 1346 scamni
1209 1299 1522 1355 diaconorum
1549 1300 1863 1348 cardinalium
1891 1299 2104 1348 additum

331 1381 418 1429 fuit
448 1381 576 1430 aliud
607 1397 856 1429 scamnum
882 1383 1035 1445 magis
1062 1383 1258 1431 bassum
1286 1383 1388 1431 sine
1411 1384 1618 1432 scabello
1646 1399 1734 1447 pro
1763 1382 2030 1431 oratoribus
2056 1380 2105 1428 in

334 1481 428 1528 quo
451 1465 580 1514 stetit
601 1466 731 1514 solus
753 1466 846 1513 dux
866 1466 1259 1526 Brunswicensis,
1284 1471 1444 1515 orator
1467 1470 1794 1515 Romanorum
1815 1465 1940 1530 regis
1966 1481 1975 1512 :
2000 1480 2130 1522 car--

335 1531 520 1596 dinales
556 1565 744 1608 omnes,
787 1565 896 1596 cum
939 1553 1124 1597 tantum
1163 1553 1348 1613 septem
1386 1553 1563 1609 essent,
1608 1552 1844 1597 steterunt
1881 1546 2022 1595 simul
2057 1546 2105 1594 in

335 1631 508 1680 eodem
540 1632 694 1679 banco
733 1648 820 1696 pro
861 1631 1098 1696 episcopis
1138 1637 1185 1680 et
1220 1633 1512 1697 presbyteris
1547 1623 1733 1696 parato,
1774 1636 1822 1680 et
1860 1631 2006 1688 aliud,
2049 1645 2108 1678 ex

334 1713 551 1772 adverso,
575 1714 750 1762 mansit
770 1730 990 1761 vacuum.
1018 1715 1293 1763 Orationem
1323 1720 1430 1779 post
1452 1715 1752 1778 evangelium
1782 1714 1896 1762 fecit
1916 1713 2108 1776 quidam

335 1797 564 1860 Raphael,
589 1813 749 1858 cecuS,
781 1814 1040 1860 germanus
1062 1799 1209 1847 frater
1229 1799 1364 1862 Lippi
1392 1798 1536 1847 etiam
1565 1797 1686 1857 ceci,
1710 1797 1957 1862 professus
1981 1795 2111 1844 ordi-

335 1879 409 1926 nis
431 1895 469 1927 s.
502 1881 756 1943 Augustini
786 1881 1007 1944 predicti,
1040 1881 1089 1928 in
1113 1898 1281 1946 cappa,
1315 1898 1450 1931 more
1480 1882 1638 1941 solito,
1664 1896 1824 1945 quem,
1858 1895 1936 1929 me
1968 1895 2113 1943 super

335 1962 569 2026 pulpitum
595 1963 820 2023 ducente,
848 1964 936 2012 ruit
959 1964 1088 2013 scala
1109 1969 1155 2013 et
1177 1966 1319 2014 ambo
1345 1965 1609 2014 cecidimus
1635 1965 1684 2013 in
1709 1969 1907 2023 terram,
1931 1964 2113 2027 absque

338 2050 500 2094 tamen
532 2046 689 2109 aliqua
707 2046 908 2107 lesione,
935 2051 1035 2097 Deo
1066 2049 1204 2097 nobis
1234 2049 1459 2113 propitio.
1487 2048 1655 2097 Omnia
1683 2049 1878 2097 fuerunt
1899 2047 2003 2096 sine
2033 2062 2113 2095 or-

341 2129 450 2178 dine
485 2146 494 2177 :
531 2131 811 2179 meretrices
839 2136 886 2180 et
920 2133 1009 2180 alie
1042 2133 1159 2182 viles
1193 2150 1399 2197 persone
1436 2137 1671 2182 steterunt
1705 2132 1765 2180 ab
1793 2131 1923 2180 omni
1954 2133 2108 2193 parte,

341 2212 465 2259 Inter
495 2213 643 2262 altare
671 2219 718 2262 et
750 2215 1034 2264 cardinales.
1066 2219 1118 2264 In
1149 2217 1286 2265 altari
1314 2221 1450 2265 erant
1480 2233 1562 2264 sex
1590 2215 1788 2264 candele
1819 2214 2112 2262 diversarum

341 2295 639 2358 qualitatum,
677 2314 838 2361 parve,
866 2300 1104 2363 juniores,
1141 2300 1320 2359 tristes,
1356 2301 1525 2349 breves
1561 2316 1618 2348 ex
1647 2299 1739 2347 illis
1772 2314 1883 2347 cum
1913 2296 2115 2360 stopinis

341 2380 521 2442 grossis
549 2380 719 2443 quibus
752 2381 799 2428 in
828 2382 998 2430 officiis
1023 2389 1324 2432 mortuorum
1354 2384 1421 2431 uti
1451 2383 1805 2443 consuevimus,
1839 2386 1886 2430 et
1912 2384 2117 2445 quatuor

340 2465 466 2528 petie
499 2464 849 2514 intorticiarum
882 2468 941 2515 de
975 2467 1159 2515 eisdem
1189 2483 1275 2531 pro
1307 2467 1572 2516 elevatione
1604 2464 1912 2515 sacramenti.
1953 2462 2116 2511 Nullus

342 2548 542 2595 fratrum
581 2550 763 2613 recepit
801 2551 1064 2599 cardinales
1098 2567 1208 2599 cum
1248 2550 1503 2599 ecclesiam
1535 2550 1786 2607 intrarent,
1828 2563 1937 2607 nec,
1979 2545 2116 2593 finito

345 2630 523 2692 officio,
555 2631 726 2695 aliquis
748 2634 1070 2683 cardinalibus
1092 2634 1268 2698 gratias
1291 2634 1405 2698 egit.
1436 2637 1542 2682 Non
1569 2633 1718 2698 potui,
1749 2632 1797 2679 in
1824 2629 1985 2680 medio
2016 2623 2119 2676 ser-

341 2714 569 2762 vientium
595 2731 840 2765 armorum
858 2723 1133 2767 nostrorum
1149 2723 1196 2766 et
1218 2734 1470 2767 cursorum
1486 2721 1612 2782 Pape
1624 2716 1844 2777 ordinem
1865 2714 1978 2763 dare
1991 2711 2120 2776 quod

344 2797 470 2847 inter
498 2800 645 2848 altare
678 2805 724 2849 et
757 2801 1023 2850 cardinales
1055 2785 1217 2850 essent
1246 2801 1525 2850 meretrices
1559 2800 1718 2849 medie
1753 2803 1801 2846 et
1833 2797 1934 2856 alii3
1971 2794 2121 2843 nimia

347 2880 438 2929 fuit
471 2882 688 2931 confusio
722 2888 768 2932 et
794 2884 1099 2932 inordinatio.
1136 2888 1364 2934 Cantores
1395 2883 1545 2941 nostri
1578 2884 1811 2931 steterunt
1841 2877 2119 2927 immediate

350 2964 476 3013 inter
496 2965 671 3013 ostium
702 2966 838 3015 chori
861 2968 1084 3028 fratrum,
1116 2973 1244 3016 retro
1275 2967 1422 3016 altare
1451 2966 1629 3031 majus,
1661 2965 1911 3014 celebrans
1933 2961 2120 3026 accepit

349 3048 511 3096 omnia
530 3055 813 3112 paramenta
837 3051 1131 3115 pontificalia
1156 3052 1205 3098 in
1232 3050 1462 3099 sacristia.
1492 3048 1606 3098 Inde
1629 3054 1822 3113 paratus
1844 3045 2119 3112 processio-

347 3132 519 3181 naliter
540 3133 680 3181 exivit
711 3137 775 3193 et,
800 3134 948 3181 missa
974 3134 1125 3194 finita,
1155 3135 1267 3182 illuc
1296 3133 1435 3183 rediit
1467 3132 1567 3181 sine
1598 3133 1928 3196 processione,
1955 3133 2002 3178 et
2031 3127 2122 3175 ibi-

349 3214 459 3262 dem
491 3221 774 3279 paramenta
805 3217 1043 3282 deposuit.
1080 3219 1183 3266 Non
1216 3217 1473 3282 publicavit
1512 3215 1834 3280 indulgentias
1868 3214 2002 3262 datas
2037 3207 2124 3275 pei·

350 3313 478 3358 eum,
505 3299 620 3348 licet
647 3305 754 3364 post
775 3300 988 3362 missam,
1020 3317 1112 3364 que
1134 3306 1244 3350 sunt
1267 3301 1480 3365 plenarie
1502 3315 1588 3364 per
1607 3299 1787 3348 bullam
1819 3313 1907 3361 per
1937 3295 2123 3344 Sixtum

352 3397 599 3432 concesse.
