2216 3886
315 267 385 301 526
922 269 1154 306 JoHANMS
1187 270 1482 315 BURCHARDI,
1861 272 1971 311 [Avril
1997 273 2088 311 1499]

317 367 599 416 altissimam
627 369 687 416 ad
714 370 864 418 instar
891 372 1017 419 sedis
1052 372 1305 420 cameralis
1334 387 1443 419 cum
1476 387 1561 418 sua
1595 371 1817 434 spalleria
1843 373 1901 420 de
1927 373 2085 420 veluto

319 450 471 515 nigro,
504 456 552 499 et
583 452 742 500 fibulis
773 453 929 502 aureis
960 459 1203 512 ornatam,
1240 469 1426 501 sessum
1459 452 1719 501 habentem
1752 455 2086 503 commodissi-

317 550 468 592 mum,
500 534 717 598 adeoque
746 540 796 582 ut
825 536 891 583 illi
919 537 1132 584 insidens
1161 536 1400 584 videretur
1430 536 1598 584 sedere
1621 536 1671 583 in
1698 535 1812 584 sede
1837 538 2083 597 camerali3

315 633 408 679 qua
423 621 638 680 tempore
662 622 933 681 opportuno
955 619 1022 666 uti
1041 624 1225 683 posset.
1245 619 1477 667 Dominus
1499 619 1737 668 conducat
1755 634 1866 667 eum
1889 619 1948 667 ad
1965 618 2088 668 bene

316 699 574 763 agendum.

382 781 607 842 Sabbato,
634 786 694 831 20
716 784 894 847 aprilis,
921 786 1005 833 SS.
1032 788 1088 832 D.
1114 788 1170 833 N.
1196 786 1382 850 accepit
1406 786 1591 834 litteras
1619 801 1678 835 ex
1701 785 1917 845 Francia,
1943 786 2090 850 signi-

317 866 516 913 ficantes
546 867 796 916 Sanctitati
828 884 911 916 sue
937 869 1300 916 matrimonium
1329 885 1435 918 esse
1468 869 1750 917 conclusum
1780 869 1908 918 inter
1935 885 2088 933 quon-

315 949 425 996 dam
459 949 752 998 cardinalem
782 951 1093 1000 Valentinum
1125 955 1173 1000 et
1203 955 1258 1000 D.
1292 952 1351 1001 de
1378 953 1600 1011 Abretto,
1630 952 1824 1001 nomine
1855 952 1950 1000 filie
1982 969 2085 1011 sue,

313 1049 422 1080 cum
455 1033 675 1096 capitulis
700 1034 908 1098 desuper
938 1035 1173 1084 confectis
1203 1036 1327 1084 inter
1357 1036 1449 1084 alia
1480 1036 1854 1094 continentibus,
1878 1039 1931 1084 ut
1959 1035 2088 1084 dice-

314 1115 466 1176 batur,
494 1118 624 1180 quod
648 1119 884 1167 Sanctitas
904 1135 990 1167 sua
1009 1119 1207 1168 deberet
1229 1120 1343 1167 dare
1369 1119 1418 1167 in
1444 1120 1608 1168 dotem
1637 1123 1759 1168 200m
1781 1120 2084 1178 ducatorum,

313 1203 360 1246 et
392 1200 754 1249 matrimonium
787 1217 884 1250 non
918 1202 1117 1251 deberet
1154 1204 1506 1263 consummari,
1538 1205 1818 1268 priusquam
1851 1204 2087 1254 Sanctitas

314 1299 400 1331 sua
420 1283 619 1333 fratrem
641 1301 817 1349 sponse
840 1286 1133 1334 cardinalem
1155 1286 1386 1335 creaverit
1411 1291 1459 1335 et
1478 1288 1807 1351 publicaverit.
1995 1276 1998 1279 ‚

375 1368 515 1416 Feria
547 1369 734 1432 quinta,
776 1373 834 1418 25
876 1370 1062 1434 aprilis,
1102 1371 1277 1419 festum
1318 1389 1356 1420 s.
1398 1372 1546 1419 Marci
1589 1371 1902 1435 evangeliste,
1946 1374 2000 1419 R.
2036 1371 2085 1419 in

309 1451 498 1500 Christo
531 1454 583 1500 P.
610 1455 666 1500 D.
693 1456 864 1501 Petrus
896 1453 1088 1514 Paulus,
1116 1454 1371 1518 episcopus
1399 1471 1438 1501 s.
1462 1455 1668 1518 Agathe,
1692 1454 1948 1503 celebravit
1967 1455 2086 1502 mis-

308 1551 410 1583 sam
444 1536 710 1585 solemnem
739 1553 872 1586 more
895 1537 1051 1585 solito.
1077 1538 1273 1602 Accepit
1293 1542 1574 1602 paramenta
1598 1538 1647 1586 in
1678 1538 1896 1587 sacristia
1921 1543 1970 1586 et
1996 1538 2085 1586 ibi-

307 1617 415 1667 dem
452 1635 509 1668 ea
539 1625 649 1684 post
678 1620 875 1668 missam
910 1621 1160 1684 deposuit,
1199 1621 1316 1669 dixit
1349 1637 1495 1686 unam
1524 1622 1794 1670 orationem
1821 1626 2007 1669 tantum
2038 1626 2086 1669 et

305 1702 624 1765 prefationem
655 1703 713 1751 de
742 1704 989 1767 apostolis
1014 1704 1121 1752 Alia
1144 1720 1279 1752 more
1309 1705 1466 1752 solito.
1493 1704 1817 1753 Interfuerunt
1842 1708 2003 1768 preter
2023 1707 2079 1751 D.

307 1786 701 1834 Beneventanum
729 1786 984 1834 cardinalis
1016 1803 1053 1834 s.
1084 1786 1273 1849 Angeli,
1310 1786 1580 1850 episcopUS,
1609 1803 1648 1834 s.
1681 1786 1924 1845 Praxedis,
1954 1786 2084 1834 Ursi-

306 1885 414 1926 nus,
454 1884 492 1916 s,
531 1869 765 1933 Dionysii,
802 1869 1174 1929 Alexandrinus,
1205 1886 1242 1917 s.
1281 1869 1463 1930 Crucis,
1500 1870 1796 1935 presbyteri3
1834 1869 2081 1928 Senensis,

305 1952 556 2015 Georgius,
582 1953 830 2011 Columna,
856 1953 1085 2012 Medices,
1114 1969 1152 2000 s.
1189 1953 1419 2013 Severini,
1451 1953 1724 2012 Cesarinus,
1749 1953 2002 2002 Farnesius
2034 1958 2080 2001 et

305 2034 494 2099 Borgia,
528 2035 745 2095 diaconi,
778 2053 815 2083 s.
848 2037 1035 2100 Angeli,
1060 2041 1259 2100 accepta
1279 2052 1396 2101 pace
1425 2037 1484 2085 ab
1509 2037 1784 2095 assistente,
1817 2036 1946 2085 dedit
1976 2052 2084 2085 eam

305 2134 342 2164 s.
379 2118 655 2178 ClementiS,
684 2124 732 2167 et
761 2119 840 2168 ille
876 2120 1186 2185 presbyteris.
1216 2123 1580 2168 Beneventanus
1608 2121 1794 2184 accepit
1822 2136 1992 2184 pacem
2023 2121 2082 2168 ab

308 2200 577 2260 assistente,
603 2217 699 2250 non
730 2202 789 2250 ab
825 2203 993 2251 ultimo
1025 2203 1245 2262 diacon0,
1276 2207 1533 2267 postquam
1566 2203 1691 2252 stetit
1723 2203 2001 2267 episcopus3
2034 2208 2082 2251 et

304 2284 570 2349 presbyteri
611 2285 878 2334 cardinales
921 2291 1156 2335 steterunt
1195 2286 1244 2333 in
1284 2302 1507 2345 scamno,
1547 2287 1596 2333 in
1636 2302 1787 2334 cornu
1828 2285 2077 2350 evangelii,

305 2372 446 2431 caput
477 2372 639 2418 tamen
673 2385 770 2417 non
803 2370 1022 2418 fecerunt
1055 2370 1114 2417 ab
1148 2369 1299 2429 altari,
1332 2370 1416 2418 sed
1447 2369 1611 2418 asolio
1638 2369 1918 2433 pontificali.
1948 2368 2081 2417 Idem

305 2452 619 2500 observarunt
646 2452 836 2501 diaconi
863 2453 944 2516 qui
973 2457 1210 2501 steterunt
1241 2453 1422 2501 inaliis
1457 2453 1674 2514 banchis,
1699 2453 1749 2501 in
1778 2469 1927 2502 cornu
1954 2453 2083 2518 epis-

304 2534 416 2594 tole,
441 2539 551 2598 post
572 2551 775 2598 quorum
802 2535 1022 2583 ultimum
1045 2535 1177 2584 stetit
1198 2537 1582 2584 Beneventanus.
1604 2539 1773 2585 Orator
1785 2540 2082 2587 Venetorum

304 2617 449 2665 etiam
479 2617 695 2666 interfuit
723 2623 770 2667 et
804 2619 934 2667 stetit
961 2619 1009 2666 in
1038 2635 1235 2667 scamno
1267 2620 1471 2683 simplici
1502 2620 1660 2683 posito
1690 2624 1799 2684 post
1828 2635 2080 2668 scamnum

303 2700 617 2749 diaconorum
660 2702 997 2761 cardinalium,
1041 2702 1143 2751 sine
1187 2702 1415 2751 scabello.
1455 2706 1651 2767 Incepta
1695 2703 1864 2762 missa,
1901 2703 2080 2767 incepit

304 2783 468 2832 venire
499 2785 765 2847 processio.
792 2785 903 2833 Feci
926 2786 995 2833 eis
1016 2786 1234 2833 mandari
1262 2785 1329 2834 eis
1359 2789 1410 2833 ut
1436 2802 1534 2833 non
1564 2785 1797 2834 intrarent
1824 2786 2078 2833 ecclesiam

306 2881 456 2928 usquc
476 2863 535 2914 ad
556 2867 1062 2930 postcommunionem
1084 2867 1276 2915 dictam.
1302 2868 1624 2916 Nihilominus
1647 2868 1849 2915 clericus
1870 2884 1910 2915 s.
1931 2867 2079 2916 Marie

303 2947 349 2994 in
372 2945 462 2997 Via
491 2947 624 3008 Lata,
648 2949 698 2997 in
728 2949 925 2998 basilica
954 2966 992 2997 s.
1016 2950 1145 2998 Petri
1174 2950 1364 2998 intravit
1392 2956 1439 2999 et
1465 2949 1767 3014 pertransivit
1791 2950 2075 3010 eoclesiam3

303 3047 397 3078 non
420 3036 582 3081 tamen
603 3032 795 3081 fuerunt
824 3032 1020 3081 admissi
1049 3033 1108 3080 ad
1128 3033 1293 3081 altare.
1319 3036 1460 3082 Facta
1482 3033 1822 3082 communione
1843 3050 1929 3098 per
1949 3034 2078 3083 cele-

303 3114 538 3175 brantem,
561 3119 790 3165 venerunt
812 3120 1173 3165 conservatores
1202 3132 1392 3164 camere
1421 3116 1558 3165 Urbis
1590 3133 1699 3164 cum
1726 3117 1830 3164 aliis
1858 3117 2076 3166 officiali-

228 3217 230 3219 *
304 3197 393 3244 bus
431 3199 667 3262 Capitolii,
703 3199 782 3262 qui
817 3200 1137 3247 circuiverunt
1175 3200 1322 3248 altare
1365 3201 1545 3265 majus,
1580 3215 1715 3248 more
1753 3200 1909 3249 solito.
1949 3200 2072 3249 Male

304 3283 465 3328 tamen
494 3282 685 3331 fuerunt
711 3283 874 3331 omnia
902 3287 947 3331 et
978 3283 1079 3330 sine
1109 3283 1266 3346 aliqua
1295 3284 1589 3332 advertentia
1613 3300 1622 3331 :
1655 3283 1921 3332 debebatur
1946 3282 2073 3332 enim

303 3362 519 3426 deputari
547 3371 710 3414 custos
736 3366 796 3415 ad
819 3366 1083 3425 introitum,
1106 3366 1165 3414 ad
1186 3367 1334 3416 altare
1357 3367 1529 3432 majus,
1555 3367 1633 3429 qui
1660 3366 1904 3416 neminem
1925 3366 2074 3414 intro-
