2202 3926
160 328 386 372 [Avr111494]
618 325 788 364 RERUM
821 323 1125 384 URBANARUM
1156 324 1508 362 COMMENTARII.
1894 329 1958 363 111

150 432 330 480 nientia
356 431 704 495 interrogante,
736 435 784 479 et
810 429 1002 478 dicente
1024 428 1155 492 quod
1179 444 1291 476 cum
1314 427 1470 490 primo
1503 442 1630 474 anno
1654 426 1701 473 in
1726 428 1957 491 Hispania

150 499 338 578 legatus
373 512 432 562 de
462 513 612 561 latere
642 511 827 571 fuisset,
857 516 955 560 tres
982 511 1237 575 episcopos
1265 510 1314 557 in
1345 509 1506 557 missis
1534 525 1623 572 per
1653 527 1765 559 eum
1787 513 1961 561 solem-

149 598 279 646 niter
308 597 448 645 dictis
487 596 576 644 sibi
607 596 925 655 ministrasse,
963 610 1169 659 quorum
1204 610 1329 642 unus
1365 594 1423 641 de
1457 593 1605 653 libro,
1644 599 1695 643 ut
1728 596 1957 644 assistens

151 681 240 729 sibi
271 681 526 738 serviebat,
562 680 682 728 alter
713 679 1036 743 evangelium,
1086 679 1258 727 tertius
1292 678 1548 743 epistolam
1582 678 1775 727 dicebat
1809 696 1818 727 ε
1855 696 1958 728 res-

149 766 297 830 pondi
323 765 574 814 Sanctitati
605 780 689 812 sue
717 764 767 812 id
786 763 920 812 valde
949 762 1296 811 inconveniens
1326 762 1472 810 fuisse
1503 762 1635 825 quod
1661 763 1833 827 prelati
1856 780 1960 812 ser-

151 850 323 910 virent,
353 865 465 897 cum
487 849 632 897 etiam
654 851 779 911 Pape
804 847 922 896 tales
946 862 1044 894 non
1066 846 1358 902 ministrent,
1383 862 1540 910 neque
1563 849 1852 913 presbyteri,
1877 849 1963 897 sed

152 933 384 982 diaconus
407 939 454 981 et
475 931 801 980 subdiaconus
833 935 1036 988 tantum,
1062 935 1110 978 et
1132 930 1389 993 episcopus
1412 947 1497 994 pro
1526 932 1802 992 assistente,
1830 933 1957 981 unde

150 1018 313 1081 legato
353 1031 660 1080 nequaquam
707 1014 919 1078 prelatos
966 1013 1052 1061 sed
1097 1013 1218 1061 alios
1265 1013 1512 1077 digniores
1557 1016 1869 1080 presbyteros
1911 1018 1960 1065 in

138 1101 462 1166 ‘dignitatibus
499 1098 808 1147 inferioribus
861 1097 1150 1146 constitutos
1182 1101 1264 1145 aut
1297 1097 1559 1146 canonicos
1589 1101 1960 1164 metropolitane

152 1186 225 1235 vel
247 1183 538 1235 cathedralis
566 1182 772 1232 ecclesie
795 1181 1069 1230 ministrare
1094 1186 1141 1229 et
1162 1181 1390 1230 assistere
1413 1182 1610 1231 debere.

221 1270 337 1327 Quis
365 1274 600 1333 patronus
629 1266 690 1315 sit
719 1265 926 1314 ecclesie
956 1269 1158 1329 propter
1189 1265 1506 1328 antiphonam
1535 1272 1584 1315 et
1614 1268 1883 1316 orationem
1912 1269 1961 1316 in

156 1354 260 1418 ipsa
280 1352 505 1411 ecclesia,
530 1352 692 1415 legato
714 1355 933 1413 recepto,
959 1348 1209 1397 dicendas.

222 1436 494 1500 Responsio
522 1452 532 1483 ε
564 1438 760 1482 sanctus
777 1433 1038 1482 Januarius
1059 1433 1317 1497 episcopus
1340 1438 1387 1482 et
1407 1438 1607 1499 martyr.

220 1523 488 1585 Deputetur
507 1518 739 1583 prelatus,
765 1518 844 1581 qui
868 1518 915 1565 in
951 1517 1028 1564 die
1051 1516 1380 1565 coronationis
1403 1533 1568 1581 regem
1597 1518 1816 1567 incenset
1848 1522 1895 1566 et
1918 1518 1960 1565 ei

155 1620 325 1668 pacem
346 1604 604 1651 ministret.

226 1687 496 1751 Responsio
523 1703 532 1734 :
559 1689 614 1734 R.
642 1688 702 1733 D.
733 1684 990 1748 episcopus
1010 1684 1374 1748 Neapolitanus.

225 1773 350 1827 Quot
372 1775 420 1819 et
440 1770 522 1834 qui
544 1769 714 1834 prelati
736 1769 831 1817 sint
859 1768 1074 1816 mansuri
1097 1768 1223 1832 apud
1247 1784 1413 1832 regem
1433 1770 1577 1818 etiam
1597 1770 1645 1817 in
1666 1769 1898 1829 thalamo,
1918 1773 1964 1816 et

159 1855 238 1917 qui
261 1855 339 1902 alii
355 1854 561 1903 nobiles.

226 1938 523 2001 Responsio:
559 1937 814 2001 episcopus
842 1936 1138 2000 Tropiensis,
1170 1941 1217 1984 et
1244 1936 1393 1984 frater
1411 1936 1662 1984 Johannes
1691 1937 1750 1985 de
1778 1936 1961 1984 Medio-

159 2022 270 2070 lano
308 2022 487 2069 ordinis
517 2021 696 2069 montis
739 2020 909 2069 Oliveti
947 2020 1182 2084 capellani
1215 2021 1426 2084 majores
1455 2020 1584 2084 regis
1615 2026 1664 2069 et
1696 2036 1868 2068 omnes
1899 2021 1958 2067 de

162 2106 396 2169 sanguine
427 2105 556 2168 regis
578 2108 717 2153 erunt
739 2093 929 2152 cum'eo
951 2104 1000 2151 in
1022 2104 1250 2163 thalamo,
1275 2120 1371 2151 non
1396 2104 1494 2152 alii.

226 2192 531 2253 Deputentur
551 2188 632 2251 qui
654 2187 873 2235 deferant
893 2203 1079 2235 ensem.

227 2272 495 2337 Responsio
521 2288 530 2319 :
564 2274 620 2319 D.
648 2274 826 2319 Hector
850 2271 1038 2320 Caraffa
1059 2271 1355 2319 camerarius
1380 2271 1538 2334 major
1562 2271 1707 2334 regis.

233 2357 323 2415 Qui
342 2371 593 2405 coronam.
1637 2359 1639 2362 ⁴

232 2441 502 2506 Responsio
524 2456 534 2488 z
558 2442 665 2487 Don
684 2438 926 2487 Joffredus
950 2440 1142 2504 Borgia.

231 2526 321 2583 Qui
343 2529 608 2589 sceptrum.

227 2608 496 2672 Responsio
521 2624 531 2655 ε
558 2609 614 2654 D.
641 2605 841 2654 Gentilis
862 2605 1109 2668 Virginius
1133 2607 1352 2656 Ursinus.

228 2693 318 2748 Qui
335 2706 553 2755 pomum.

228 2773 497 2837 Responsio
522 2789 532 2820 :
559 2775 666 2821 Don
690 2771 928 2820 Henricus
953 2772 1012 2821 de
1032 2775 1295 2837 Aragonia.

230 2856 538 2905 Offertorium
559 2871 646 2919 pro
674 2870 788 2918 rege
817 2856 1070 2904 ordinetur
1091 2872 1179 2920 pro
1202 2857 1278 2906 die
1304 2853 1705 2910 coronationis'et
1731 2862 1812 2925 qui
1838 2863 1955 2911 illud

165 2943 255 2992 sibi
276 2959 427 3007 prope
449 2942 599 2990 altare
620 2941 854 3005 porrigat.

228 3026 498 3091 Responsio
531 3043 540 3074 :
576 3025 793 3074 ordinate
825 3031 934 3075 sunt
961 3026 1220 3076 duodecim
1251 3027 1459 3076 medalie
1487 3043 1622 3088 aure,
1652 3045 1769 3092 quas
1790 3030 1861 3078 Ill.
1890 3034 1947 3079 D.

164 3111 434 3159 Fridericus
453 3109 544 3158 sibi
564 3108 872 3157 ministrabit.

229 3193 534 3242 Credentiam
562 3193 611 3241 in
635 3192 845 3241 ecclesia
867 3210 955 3258 pro
977 3194 1222 3243 cardinale
1244 3192 1549 3242 celebraturo
1571 3194 1610 3241 si
1633 3211 1692 3242 ex
1712 3197 1952 3260 regalibus

163 3276 286 3325 vasis
306 3286 415 3325 eam
435 3276 581 3324 velint
601 3292 794 3324 ornare.

231 3358 500 3423 Responsio
532 3375 542 3406 ε
579 3360 708 3423 quod
739 3360 929 3423 legatus
963 3376 1070 3409 eam
1104 3374 1276 3424 parare
1307 3358 1451 3407 saciat
1478 3373 1566 3407 suo
1596 3375 1734 3409 more
1762 3362 1875 3424 quia
1907 3367 1952 3410 et

167 3444 246 3492 alii
266 3442 412 3506 legati
437 3442 506 3489 sic
524 3441 682 3491 facere
701 3447 1073 3492 consueverunt.
