2222 3926
303 345 375 381 230
784 366 787 371 ‹
936 345 1169 382 JOHANNIS
1202 344 1497 389 BURCHARDI,
1807 341 1962 381 [Jstnviel'
1981 341 2075 382 ¹⁴95]

377 441 507 510 Papa
527 447 719 506 sedens,
744 447 933 495 sinistra
951 463 1037 495 sua
1057 462 1202 494 manu
1223 446 1349 508 regis
1365 433 1611 492 dexteram
1626 432 1815 499 tenens,
1833 440 2078 503 respondit

311 529 593 577 brevissime
617 534 662 577 et
684 530 1025 578 convenienter
1045 528 1319 592 propositiS,
1345 543 1509 590 regem
1532 528 1689 591 ipsum
1709 525 1758 573 in
1779 540 1865 574 sua
1885 538 2079 588 respon-

311 611 445 658 sione
485 611 763 673 hujusmodi
800 610 1174 673 primogenitum
1213 609 1364 655 filium
1401 625 1539 656 suum
1576 609 1838 672 appellans.
1883 606 2075 655 Interim

271 694 276 700 '
311 689 424 739 dum
443 693 679 755 premissa
701 693 890 752 fierent,
915 695 1226 740 accesserunt
1246 692 1304 740 ad
1323 691 1496 740 solium
1516 692 1760 740 Pontificis
1782 708 1950 740 omnes
1971 706 2078 739 car-

312 775 494 823 dinales
530 790 640 823 cum
672 775 976 834 confusione,
1005 780 1203 839 propter
1235 775 1479 823 Gallorum
1516 776 1747 839 impetum
1784 779 1831 823 et
1865 774 2078 823 insolen-

313 859 425 906 tiam
457 874 466 905 ε
499 858 738 922 completa
768 859 1015 906 Pontificis
1045 857 1381 922 responsione,
1416 858 1621 906 surrexit
1650 861 1779 922 Papa
1812 861 1857 906 et
1889 852 2080 904 sinistra

313 955 458 989 manu
499 958 583 990 sua
614 957 781 1006 regem
815 942 1184 1005 apprehendens
1218 942 1278 990 ad
1313 957 1555 989 cameram
1588 939 1825 1006 papa'galli
1862 952 2080 989 reversus

315 1029 387 1073 est
418 1025 516 1085 ubi,
554 1026 782 1089 depositis
814 1016 962 1073 sacris
992 1017 1220 1083 vestibus,
1254 1025 1390 1073 finxit
1419 1040 1584 1088 regem
1613 1025 1772 1089 ipsum
1800 1023 1921 1072 velle
1948 1036 2083 1070 asso-

316 1108 460 1156 ciare.
488 1111 587 1156 Rex
609 1109 673 1156 illi
697 1110 874 1173 gratias
895 1124 1044 1172 agens
1067 1109 1126 1156 ad
1148 1123 1391 1156 cameram
1414 1124 1549 1156 suam
1567 1124 1655 1172 per
1674 1108 1806 1156 aulas
1827 1107 1930 1155 illas
1949 1100 2084 1154 com-⁴

316 1191 474 1239 munis
494 1191 657 1255 palatii
678 1192 837 1251 rediit,
863 1208 890 1239 a
909 1192 1041 1239 nullo
1064 1191 1378 1240 cardinalium
1401 1192 1680 1240 associatus.

384 1275 707 1323 Interfuerunt
728 1276 950 1324 omnibus
971 1275 1220 1339 premissis
1241 1291 1307 1323 xx
1328 1275 1597 1323 cardinales
1616 1274 1836 1323 videlicet
1860 1291 1870 1320 :
1895 1274 2086 1335 Neapo-

316 1350 508 1418 litanus,
543 1375 581 1406 s.
614 1359 802 1422 Angeli,
841 1359 1194 1418 Ulixbonensis,
1231 1359 1592 1416 Racanatensis,
1629 1357 1866 1422 episcopi3
1905 1346 2086 1404 ssc'le-

317 1441 510 1500 mentis,
552 1442 843 1500 Parmensis,
875 1445 1258 1502 BeneventanUS,
1292 1459 1329 1489 s.
1361 1442 1629 1501 Anastasie,
1665 1441 1839 1490 Montis
1873 1438 2080 1503 Regalis,

322 1525 536 1583 Ursinus,
563 1541 601 1572 s.
628 1525 861 1590 Dionysii,
891 1526 1260 1585 Alexandrinus,
1293 1523 1698 1589 Carthaginensis,
1731 1523 2079 1581 Macloviensis,

315 1607 605 1671 presbyteri3
639 1623 677 1654 5.
703 1608 915 1671 Georgii,
941 1625 978 1656 5.
1005 1608 1235 1667 Severini,
1259 1608 1562 1667 Valentinus,
1587 1608 1859 1666 Cesarinus,
1884 1609 2084 1655 Germa-

315 1706 402 1737 nus
425 1694 473 1737 et
493 1691 763 1749 Farnesius,
789 1691 996 1748 diaconi,
1547 1681 1550 1684 ’

380 1774 519 1822 Feria
551 1774 706 1832 tertia,
744 1778 804 1822 20
835 1774 1015 1822 mensis
1040 1775 1263 1839 januarii,
1298 1775 1476 1823 festum
1507 1791 1570 1821 ss,
1606 1762 1802 1839 Fabiani
1833 1775 1881 1821 et
1910 1771 2086 1820 Sebas-

315 1857 448 1916 tiani,
481 1860 609 1921 Papa
636 1857 914 1906 solemniter
942 1863 989 1906 et
1013 1859 1354 1922 pontificaliter
1378 1859 1426 1905 in
1457 1857 1655 1905 basilica
1675 1873 1714 1904 s.
1740 1855 1867 1905 Petri
1888 1855 2086 1903 missam

316 1932 713 1988 celebraturus'in
737 1934 1139 2004 complacentiam
1167 1942 1295 2005 regis
1317 1941 1517 1990 Francie
1545 1940 1623 2006 (1),
1655 1943 1912 2004 antequam
1934 1939 2086 1988 exiret

316 2024 363 2071 in
391 2039 633 2073 cameram
663 2025 922 2088 Papagalli,
947 2019 1119 2073 vocare
1146 2017 1260 2074 fecit
1290 2018 1459 2073 omnes
1481 2024 1767 2083 cardinaleS,
1798 2023 1857 2072 de
1879 2037 2085 2087 quorum

317 2107 516 2155 consilio
538 2099 780 2155 transtulit
809 2111 865 2155 D.
902 2109 1124 2156 Carolum
1147 2109 1427 2172 episcopum
1456 2108 1715 2156 Elnensem
1742 2107 1802 2155 ad
1829 2106 2085 2155 ecclesiam

318 2184 622 2239 Castrensem
644 2207 652 2238 ε
673 2192 732 2239 ad
745 2192 1003 2239 Elnensem
1019 2192 1370 2240 commendavit
1382 2191 1674 2240 cardinalem
1684 2189 1995 2240 Valentinum
2007 2188 2083 2236 cui

318 2274 465 2322 etiam
498 2275 577 2322 diu
602 2265 857 2324 reservarit
878 2292 1023 2339 super
1043 2275 1273 2322 fructibus
1296 2273 1577 2322 Castrensis.
1605 2273 1788 2320 Deinde
1809 2272 1936 2320 venit
1957 2262 2086 2335 Papa

319 2358 380 2407 ad
419 2357 595 2406 dictam
640 2375 881 2407 cameram
922 2359 1155 2423 papagalli
1195 2358 1273 2405 ubi
1323 2357 1507 2420 accepit
1543 2344 1823 2420 paramenta
1861 2354 2001 2403 solita
2038 2359 2087 2402 et

321 2457 543 2505 regnum.
570 2442 846 2491 Cardinales
878 2443 1022 2491 etiam
1045 2457 1213 2490 omnes
1240 2444 1437 2505 propter
1455 2436 1812 2488 multitudinem
1843 2438 2087 2486 Gallorum

322 2522 370 2571 in
401 2539 593 2573 camera
622 2525 890 2588 paramenti
913 2525 1223 2573 existentium
1253 2524 1302 2571 in
1324 2524 1494 2572 eadem
1525 2538 1719 2572 camera
1742 2521 1978 2586 papagalli
2004 2536 2089 2569 sua

320 2611 603 2670 paramenta
626 2612 932 2671 acceperunt.
965 2597 1196 2655 Pontifice
1222 2611 1388 2671 parato
1415 2608 1540 2655 venit
1562 2602 1982 2670 processionaliter
2002 2604 2088 2653 sub

322 2690 609 2739 baldachino
637 2691 697 2739 ad
727 2691 975 2739 basilicam
1008 2708 1046 2738 s„
1073 2691 1215 2749 Petri,
1241 2691 1300 2738 ad
1321 2707 1463 2754 quam
1486 2707 1568 2739 rex
1588 2690 1821 2754 pervenit,
1852 2694 1901 2738 et
1928 2689 2090 2759 audita

323 2788 410 2836 per
430 2788 594 2836 regem
615 2773 662 2820 in
686 2773 867 2837 capella
890 2790 927 2821 s.
955 2773 1212 2821 Petronille
1239 2773 1401 2833 missa,
1429 2774 1511 2822 ivit
1538 2773 1783 2837 antiquam
1805 2771 2088 2821 canonicam

323 2855 384 2902 ibi
404 2856 699 2919 contiguam,
725 2857 803 2903 ubi
826 2857 938 2905 fecit
959 2857 1230 2920 prandium,
1261 2856 1449 2904 cibariis
1469 2861 1515 2903 et
1536 2856 1642 2904 aliis
1663 2840 1713 2903 in
1733 2855 1839 2903 ollis
1861 2859 1907 2903 et
1926 2854 2088 2918 plaso-

322 2938 463 2986 nibus
486 2940 539 2986 et‘
560 2937 664 2986 aliis
691 2939 1025 2987 instrumentis
1046 2955 1135 3003 per
1160 2940 1336 2987 dictam
1366 2939 1613 2990 basilicam
1644 2938 1756 2986 illuc
1787 2938 2049 3003 apportatis
2073 2953 2084 2984 ε

323 3021 541 3070 Pontifex
569 3021 691 3069 sedit
714 3020 773 3086 'in
803 3022 916 3070 sede
942 3022 1125 3069 laterali
1158 3021 1237 3069 uhi
1263 3021 1397 3081 solet·
1420 3022 1606 3085 parari,'
1633 3026 1681 3070 et
1710 3021 1977 3086 expectavit
2003 3036 2091 3086 per

321 3184 426 3210 suum
455 3173 725 3222 praesidentem.
754 3173 818 3211 Vir
844 3176 899 3210 est
929 3185 1045 3222 sagax
1071 3179 1107 3211 et
1139 3175 1300 3222 prudens
1334 3175 1478 3211 nomine
1503 3177 1662 3222 Basnay.
1686 3175 1752 3212 Hic
1783 3175 1950 3212 Basnaus
1970 3173 2092 3212 domin

319 3234 434 3270 nostri
455 3234 553 3281 regis
573 3233 790 3282 praesidens,
813 3245 892 3282 quae
914 3233 1081 3270 dominus
1104 3246 1166 3270 rex
1188 3234 1365 3271 rescrebat
1386 3233 1455 3270 sibi
1478 3234 1613 3271 Gallico
1639 3235 1823 3281 idiomate,
1842 3234 1951 3272 latine
1979 3234 2093 3272 inter-

321 3292 529 3342 pretabatur
555 3293 716 3340 pontifici
750 3297 786 3330 et
811 3292 992 3342 pontificis
1018 3293 1129 3330 verba
1154 3293 1304 3329 invicem
1331 3293 1465 3330 Gallice
1491 3294 1648 3331 reddidit
1668 3294 1744 3343 regi
1774 3306 1781 3330 :
1805 3294 1866 3342 qui
1891 3291 2092 3342 praesidens

323 3354 472 3390 multum
494 3365 558 3401 pro
579 3365 645 3390 sua
665 3353 844 3390 industria
863 3365 904 3390 ac
925 3353 1130 3401 eloquentia
1149 3353 1317 3389 laudatus
1344 3353 1409 3390 fuit
1430 3364 1493 3403 per
1518 3354 1738 3401 pontificem.
1762 3369 1780 3388 η
1802 3355 1979 3402 Descript.
2002 3365 2089 3402 app.

323 3413 421 3458 bell„
445 3412 536 3448 dans
557 3413 719 3449 Martenc
740 3417 775 3449 et
795 3413 957 3458 Dumna,
984 3414 1127 3459 Voyaqc
1148 3414 1341 3459 litteraire,
1362 3415 1389 3450 t.
1415 3413 1458 3459 Il,
1481 3426 1515 3462 p.
1538 3414 1621 3452 397.
1884 3412 1886 3414 ’

321 3483 326 3518 1
371 3472 404 3509 1.
427 3471 519 3521 Voy.
543 3474 563 3508 a
584 3471 689 3521 l'app.
712 3479 753 3507 n⁰
774 3473 832 3510 26.
855 3474 905 3509 La
925 3483 1036 3510 messe
1053 3473 1287 3523 pontificalle.
