2202 3900
168 317 275 360 [Mars
296 317 389 358 ¹497]
614 315 782 353 RERUM
813 308 1114 352 URBANARUM
1147 312 1498 352 COMMENTARII.
1875 315 1946 352 363

170 424 497 470 convenerunt
532 419 581 467 in
617 434 808 468 camera
843 423 1031 468 secreta
1066 434 1231 467 coram
1264 417 1492 483 pontifice
1527 406 1702 479 vocati,
1742 418 1841 482 qui,
1883 419 1940 467 de

171 519 341 554 eorum
359 504 578 563 consilio,
602 502 955 552 commendavit
975 502 1229 552 ecclesiam
1246 502 1576 552 Viennensem
1595 504 1733 550 Rmo.
1757 505 1815 550 D.
1837 517 1944 550 car-

172 587 317 636 dinali
338 604 378 635 s.
404 587 618 636 Severini
634 603 644 645 ;
663 586 838 635 deinde
858 587 985 635 venit
1006 587 1066 634 ad
1086 585 1318 650 capellam
1339 585 1574 649 majorem
1595 584 1643 632 in
1662 601 1758 650 qua
1777 587 1942 633 Rmus.

174 676 231 720 D.
256 671 512 720 cardinalis
533 687 572 719 s.
596 670 825 718 Praxedis
843 670 1099 719 celebravit
1120 669 1316 717 missam
1338 669 1628 717 solemnem.
1654 668 1779 715 Infra
1803 683 1949 716 evan-

173 755 370 818 gelium,
392 754 520 802 venit
541 753 602 801 ad
623 753 859 817 capellam
886 752 1173 816 magnificus
1204 755 1261 800 D.
1296 751 1627 810 Gondisalvus,
1661 751 1948 800 Ferdinandi

173 838 469 902 capitaneuS,
505 837 585 900 qui
616 842 778 884 tamen
812 836 1079 900 expectavit
1108 835 1233 884 intra
1262 835 1519 895 cancellos,
1544 839 1675 883 retro
1698 834 1952 883 scutiferos

172 935 313 984 pape,
339 934 589 982 quousque
621 919 921 981 evangelium
950 918 1186 966 finiretur.
1217 921 1336 966 Tum
1356 917 1494 966 factis
1516 917 1796 966 reverentiis
1816 917 1952 965 altari

173 1008 220 1050 et
241 1006 386 1066 Pape,
411 1002 630 1050 ascendit
651 1001 712 1049 ad
739 1001 913 1048 solium
936 1004 1063 1064 Pape
1092 1001 1190 1061 ubi,
1216 1017 1274 1049 ex
1295 995 1638 1049 commissione
1661 1003 1808 1065 Pape,
1842 1001 1950 1049 dedi

174 1085 263 1133 sibi
283 1085 446 1134 locum
467 1090 576 1149 post
598 1084 773 1132 ducem
797 1084 998 1143 Gandie,
1023 1085 1202 1133 ibidem
1230 1085 1291 1132 ad
1316 1085 1564 1133 dexteram
1595 1087 1723 1148 Pape
1747 1089 1953 1133 stantem

171 1168 218 1216 in
242 1168 385 1232 plano
408 1168 515 1216 solii
539 1168 634 1216 sive
656 1168 705 1215 in
727 1183 953 1232 supremo
976 1168 1126 1231 gradu
1138 1168 1275 1232 juxta
1297 1168 1511 1231 planum,
1528 1172 1573 1216 et
1584 1168 1643 1215 de
1660 1167 1802 1215 simili
1821 1182 1957 1215 com-

174 1251 404 1300 missione
436 1251 532 1300 dixi
564 1251 775 1300 senatori
805 1250 946 1315 Urbis
974 1251 1103 1314 quod
1130 1250 1450 1299 descenderet
1476 1250 1534 1297 de
1566 1250 1674 1298 loco
1708 1265 1795 1298 suo
1820 1251 1956 1314 juxta

173 1350 367 1383 murum
389 1339 437 1382 et
456 1335 640 1383 locaret
665 1350 715 1383 se
741 1335 802 1382 ad
825 1334 1044 1382 infimum
1077 1334 1278 1397 gradum
1306 1333 1419 1381 dicti
1445 1333 1550 1381 solii
1581 1348 1726 1396 super
1757 1346 1957 1382 conser-

138 1408 142 1412 ’
173 1422 362 1466 vatores
395 1422 443 1466 et
476 1432 587 1465 cum
616 1416 708 1465 illis
742 1418 887 1465 etiam
918 1421 1080 1478 staret,
1119 1417 1248 1481 quod
1281 1421 1328 1465 et
1358 1416 1488 1465 fecit.
1519 1419 1624 1464 Dux
1653 1416 1840 1465 locatus
1870 1417 1956 1464 fuit

174 1506 284 1550 ante
311 1501 524 1566 prelatos
546 1501 847 1562 assistentes,
879 1505 925 1549 et
952 1506 1061 1565 post
1082 1516 1213 1559 eum,
1237 1500 1390 1548 dictus
1413 1499 1693 1564 capitaneus
1720 1516 1730 1547 :
1756 1499 1847 1548 alia
1870 1500 1957 1547 ob-

176 1590 362 1635 servata
381 1589 493 1634 sunt
514 1600 650 1633 more
677 1584 833 1632 solit0.

241 1669 381 1718 Feria
409 1669 552 1717 tertia
583 1669 787 1727 Pasche,
823 1671 882 1716 28
914 1667 1092 1728 martii,
1127 1683 1225 1715 non
1258 1667 1345 1716 fuit
1377 1667 1524 1715 missa
1557 1667 1604 1715 in
1635 1667 1836 1732 capella,
1874 1669 1959 1716 sed

178 1754 264 1801 SS.
301 1755 357 1800 D.
384 1758 550 1801 noster
569 1758 764 1816 paratus
787 1767 930 1816 supra
950 1752 1224 1812 rochetum,
1253 1751 1450 1810 amictu,
1483 1751 1606 1811 alba,
1638 1751 1848 1815 cingulo,
1880 1768 1959 1799 ca-

179 1837 357 1901 pucino
389 1836 516 1897 albo,
551 1836 673 1884 stola
701 1836 914 1900 pretiosa
936 1852 1026 1899 que
1056 1835 1221 1884 debuit
1249 1852 1356 1884 esse
1379 1836 1503 1896 alba,
1535 1836 1754 1885 ascendit
1781 1852 1957 1900 equum

178 1920 341 1968 album
376 1924 440 1979 et,
480 1920 853 1984 precedentibus
889 1919 1047 1982 ipsum
1084 1918 1408 1966 cardinalibus
1445 1916 1512 1976 <et
1546 1919 1690 1977 male,
1730 1919 1959 1982 quoniam

178 2003 315 2066 sequi
347 2002 647 2068 debuerant),
679 2002 907 2066 equitavit
936 2017 1024 2065 per
1051 2017 1089 2048 s.
1116 2001 1326 2061 Celsum,
1350 2016 1516 2050 versus
1543 2000 1732 2048 Turrim
1755 2001 1959 2064 Sangui-

177 2102 338 2146 neam,
362 2086 423 2135 ad
443 2086 725 2134 Minervam.
751 2088 916 2133 Rmus.
943 2087 999 2134 D.
1025 2084 1280 2132 cardinalis
1302 2101 1341 2132 s.
1377 2084 1590 2149 Dionysii
1620 2088 1731 2132 ante
1762 2083 1957 2132 domum

178 2184 314 2217 suam
335 2168 443 2217 fieri
469 2168 704 2216 ordinavit
732 2168 1197 2231 representationem
1227 2167 1615 2216 annunciationis
1642 2168 1783 2215 beate
1810 2168 1958 2216 Marie

176 2252 391 2315 virginis,
411 2267 515 2300 rem
535 2251 650 2299 satis
669 2251 957 2315 simplicem,
979 2252 1059 2299 ubi
1078 2255 1206 2315 Papa
1220 2256 1268 2298 et
1282 2251 1551 2299 cardinales
1569 2267 1620 2299 se
1636 2251 1893 2299 firmarunt
1911 2257 1956 2299 et
1993 2244 1999 2249 ⁴

176 2340 284 2399 post
299 2351 473 2399 parum
490 2335 584 2384 iter
603 2339 713 2383 sunt
730 2334 1029 2399 prosequuti.
1052 2337 1157 2382 Dux
1176 2334 1359 2382 Gandie
1378 2334 1606 2398 equitavit
1624 2339 1735 2383 ante
1757 2337 1955 2399 Papam,

176 2423 287 2481 post
307 2419 593 2476 cardinaleS,
619 2426 744 2481 eq'uo
766 2419 975 2482 quodam
991 2418 1350 2485 pulcherrimo,
1374 2418 1434 2466 ab
1455 2418 1586 2465 omni
1607 2423 1741 2482 parte
1763 2434 1958 2482 campa-

177 2502 317 2551 nellis
348 2502 504 2565 longis
541 2502 786 2565 argenteis
824 2502 872 2549 in
906 2501 1061 2561 freno,
1098 2502 1330 2565 pectorali
1353 2506 1400 2550 et
1421 2502 1697 2565 groppiera.
1741 2501 1959 2550 Habebat

176 2585 323 2634 etiam
341 2585 442 2649 ipse
462 2585 558 2633 dux
579 2585 815 2633 collanam
835 2585 1233 2648 pretiosissimam
1256 2601 1314 2632 ex
1336 2585 1541 2648 gemmis
1563 2591 1611 2632 et
1629 2585 1791 2632 multis
1813 2583 1958 2648 perlis

177 2669 510 2732 compositam,
539 2673 587 2717 et
607 2668 655 2715 in
676 2668 831 2716 bireto
853 2668 1031 2716 monile
1050 2668 1445 2731 pulcherrimum.
1469 2668 1605 2715 Circa
1626 2668 1839 2716 Plateam
1863 2671 1958 2715 Ro-

176 2751 372 2800 tundam
398 2752 526 2800 venit
554 2767 641 2816 per
666 2752 808 2800 aliam
839 2752 963 2800 viam
991 2751 1277 2815 magnificus
1304 2751 1636 2812 Gondisalvus,
1668 2751 1956 2800 Ferdinandi

176 2835 478 2899 capitaneus3
515 2835 744 2899 equitavit
781 2836 926 2884 etiam
963 2840 1072 2899 post
1108 2850 1278 2883 omnes
1315 2834 1583 2883 cardinales
1620 2824 1681 2883 ad
1715 2835 1956 2883 sinistram

175 2918 329 2967 ducis.
367 2921 511 2983 Papa,
549 2935 627 2967 me
661 2919 720 2967 de
753 2920 848 2967 hoc
882 2918 1349 2967 commemoratione
1387 2918 1572 2967 Pasche
1605 2918 1952 2982 interrogante,

175 3002 369 3051 nolebat
391 3019 498 3051 eam
519 3003 643 3062 fieri,
666 3003 866 3051 sacrista
884 3018 995 3052 cum
1013 3018 1071 3052 eo
1091 3003 1347 3051 sentiente.
1370 3003 1612 3067 Respondi
1631 3003 1828 3050 missam
1848 3016 1955 3049 esse

176 3085 436 3148 specialem
470 3090 517 3134 et
548 3086 803 3150 integram,
835 3086 910 3135 cui
944 3102 1032 3150 per
1061 3087 1575 3135 commemorationem
1608 3085 1827 3134 satisfieri
1859 3100 1952 3133 non

175 3173 353 3232 potest,
394 3169 480 3216 sed
515 3170 644 3232 quod
676 3170 861 3234 integre
883 3170 1082 3228 dicitur;
1108 3186 1219 3218 cum
1250 3171 1427 3218 habeat
1447 3170 1694 3218 introitum
1725 3174 1772 3218 et
1793 3168 1955 3216 omnia

176 3251 283 3305 alia,
309 3255 356 3300 et
375 3255 632 3315 propterea
662 3255 791 3316 Papa
820 3253 1004 3302 remisit
1035 3254 1082 3300 in
1107 3253 1288 3317 judicio
1311 3253 1434 3300 Rmi.
1471 3255 1526 3299 D.
1552 3251 1807 3300 cardinalis
1829 3253 1954 3299 Nea-

173 3334 372 3399 politani
393 3334 473 3398 qui
495 3338 542 3382 et
563 3350 732 3383 omnes
757 3336 834 3383 alii
860 3336 1128 3384 cardinales
1157 3337 1371 3400 episcopi
1396 3339 1442 3383 et
1470 3335 1736 3399 presbyteri
1759 3349 1951 3382 mecum

176 3420 447 3477 senserunt,
471 3432 610 3480 quOS‚
636 3418 773 3464 nobis
794 3418 854 3465 ad
874 3418 1134 3467 Minervam
1159 3418 1501 3481 equitantibus,
1529 3417 1819 3480 interrogavi
1843 3432 1951 3479 spe-
