2202 3900
162 390 371 434 [Decembre
389 390 480 433 1496]
605 389 775 428 RERUM
806 388 1109 427 URBANARUM
1143 388 1495 429 COMMENTARII.
1877 399 1947 435 343

157 495 255 544 lam
294 495 586 560 predictam;
622 497 670 543 et
695 492 967 541 ·Grimanus
1009 496 1056 540 et
1092 492 1374 554 Farnesius,
1408 494 1676 544 cardinales
1719 497 1939 560 predicti,

156 578 344 627 iverunt
365 579 427 627 ad
446 577 788 627 consistorium
816 575 915 636 ubi,
946 575 1075 624 facta
1088 576 1305 640 pontifici
1326 578 1593 627 reverentia
1616 579 1774 640 solita,
1800 582 1942 631 sede-

157 668 268 710 runt
295 663 344 710 in
375 677 546 711 eorum
575 676 772 710 scamno
804 675 913 708 cum
943 659 1117 708 ceteris
1149 659 1365 709 diaconis
1399 662 1737 712 cardinalibus
1764 667 1938 713 Parum

153 750 264 810 post
287 746 438 795 secuti
467 749 579 793 sunt
599 747 965 793 Beneventanus
988 748 1036 791 et
1058 743 1476 794 vicecancellarius
1506 749 1783 810 Capuanum
1811 749 1939 797 inter

153 847 206 880 se
235 831 449 880 medium
479 829 740 886 ducentes3
765 827 864 891 qui,
895 827 1034 875 factis
1057 843 1116 875 ex
1136 843 1272 876 more
1294 830 1572 878 reverentiis
1593 831 1827 894 pontifici,
1851 848 1937 896 pe-

151 915 262 963 dem
284 920 333 963 et
352 930 550 962 manum
566 912 825 970 osculatUS,
845 910 905 959 ad
923 911 1019 959 oris
1035 912 1255 960 osculum
1271 928 1299 960 a
1316 914 1547 976 pontifice
1566 914 1741 962 deinde
1760 915 1820 962 ab
1837 931 1937 964 om-

150 999 290 1046 nibus
320 997 644 1046 cardinalibus
674 996 723 1043 in
757 1011 927 1043 eorum
955 995 1075 1043 locis
1109 996 1346 1044 stantibus
1377 997 1597 1046 similiter
1622 998 1684 1046 ad
1714 1000 1933 1047 osculum

151 1086 371 1146 receptus
399 1086 500 1139 est;
525 1085 572 1129 et
594 1080 789 1128 tandem
804 1079 853 1126 in
866 1079 1036 1149 ultimo
1050 1079 1176 1139 loco,
1195 1084 1306 1144 post
1327 1096 1498 1130 omnes
1520 1081 1753 1130 diaconos
1776 1083 1935 1131 cardi-

148 1167 300 1226 nales,
324 1167 534 1224 locatus;
564 1170 612 1213 et
630 1164 742 1228 quia
755 1163 974 1211 banchus
990 1162 1310 1211 diaconorum
1326 1165 1643 1213 cardinalium
1663 1181 1814 1230 capax
1836 1183 1934 1215 non

149 1256 252 1300 erat
273 1251 333 1299 ad
359 1252 516 1315 ipsum
546 1249 898 1313 recipiendum,
924 1249 1139 1297 ascendit
1167 1250 1226 1296 ad
1254 1250 1403 1298 finem
1428 1250 1604 1299 banchi
1632 1251 1938 1316 presbytero-

149 1351 255 1382 rum
275 1334 590 1382 cardinalium
606 1334 734 1381 idem
758 1335 1010 1395 Capuanus
1037 1336 1084 1380 et
1109 1348 1218 1380 cum
1241 1348 1299 1380 eo
1315 1337 1482 1381 Rmus.
1506 1337 1562 1381 D.
1592 1334 1651 1390 de
1674 1336 1930 1394 Farnesio;

148 1419 229 1482 qui
252 1418 396 1466 ambo
431 1417 480 1464 in
507 1417 604 1464 fine
635 1416 748 1464 dicti
770 1415 947 1462 banchi
965 1415 1360 1479 presbyterorum
1389 1417 1706 1464 cardinalium
1729 1433 1780 1466 se
1802 1418 1936 1467 loca-

147 1506 258 1550 runt
287 1506 398 1565 post
441 1504 633 1549 Rmum.
672 1502 728 1547 D.
766 1498 1062 1546 cardinalem
1103 1499 1410 1560 Perusinum,
1445 1500 1521 1548 cui
1560 1502 1815 1564 Capuanus
1848 1502 1934 1549 fuit

146 1585 431 1650 proximior.
455 1588 574 1633 Tum
596 1587 653 1632 D.
674 1582 904 1646 AngeluS,
930 1582 1206 1641 advocatus,
1231 1583 1311 1646 qui
1333 1583 1527 1632 interim
1550 1584 1679 1647 quod
1699 1584 1936 1647 premissa

148 1669 321 1718 fierent
360 1686 389 1718 a
421 1685 506 1717 sua
533 1666 863 1732 propositione
895 1671 1183 1726 cessaverat,
1215 1683 1318 1715 rem
1354 1683 1489 1716 suam
1519 1671 1806 1732 prosecutus
1838 1674 1929 1718 est.

154 1753 386 1801 Ordinata
402 1753 558 1800 adhuc
576 1755 678 1799 erat
697 1755 868 1813 quarta
882 1750 1160 1798 commissio
1173 1767 1260 1815 per
1280 1754 1335 1799 D.
1354 1752 1660 1816 Alphonsum
1676 1755 1929 1812 Revevam,

147 1836 455 1895 advocatum,
479 1833 818 1899 proponenda3
843 1833 929 1881 sed
955 1836 1012 1881 D.
1043 1837 1226 1893 noster,
1250 1850 1422 1898 parum
1457 1840 1694 1899 gravatus,
1727 1836 1934 1899 premis-

148 1920 212 1968 sis
244 1919 469 1984 peractis,
499 1918 616 1965 mihi
634 1917 709 1965 -ad
736 1932 788 1966 se
818 1922 986 1964 vocato
1013 1917 1260 1965 mandavit·
1285 1923 1506 1981 quartam
1537 1918 1933 1967 commissionem

147 2003 429 2067 hujusmodi
460 2001 664 2066 proponi
692 2017 790 2048 non
817 2000 1013 2049 debere.
1039 2001 1233 2064 Signata
1259 2002 1406 2065 igitur
1426 2002 1565 2050 tertia
1587 2002 1931 2050 commissione

147 2087 381 2150 predicta,
401 2089 711 2135 accesserunt
729 2084 789 2132 ad
808 2083 1090 2148 pontificem
1112 2084 1302 2133 diaconi
1325 2085 1595 2133 cardinales
1617 2086 1926 2135 assistentes:

146 2170 353 2218 surrexit
381 2169 614 2232 pontifex,
637 2173 685 2216 et
718 2167 779 2216 ad
809 2183 1052 2216 cameram
1084 2168 1244 2227 rediit,
1266 2168 1346 2216 ubi
1374 2169 1585 2217 dimissis
1612 2170 1928 2233 paramentis,

145 2269 314 2301 omnes
333 2252 601 2301 cardinales
620 2254 803 2317 antiqui
824 2255 1104 2317 Capuanum
1126 2253 1251 2302 inter
1273 2255 1543 2303 Senensem
1565 2258 1612 2303 et
1629 2255 1932 2303 vicecancel-

116 2372 118 2374 ψ
140 2337 314 2385 larium
334 2338 383 2385 in
405 2337 574 2385 ultimo
592 2337 701 2385 loco
720 2337 1027 2386 incedentem
1049 2353 1201 2400 usque
1224 2337 1285 2385 ad
1302 2353 1547 2385 cameram
1571 2354 1708 2386 suam
1724 2338 1932 2402 primam

142 2422 191 2469 in
221 2421 350 2469 dicto
377 2421 554 2485 palatio
577 2421 625 2468 in
656 2420 1040 2468 deambulatorio
1065 2420 1114 2467 in
1142 2420 1412 2484 semiplano
1445 2437 1638 2471 camere
1663 2423 1929 2486 apostolice

143 2505 235 2553 sito
256 2505 461 2569 positam
481 2505 799 2563 associarunt,
817 2504 916 2563 ubi,
934 2504 1141 2568 peractis
1161 2520 1220 2552 ex
1238 2519 1372 2552 more
1394 2506 1561 2568 gratiis
1581 2507 1758 2555 ceteris
1778 2506 1932 2554 cardi-

143 2588 332 2636 nalibus
353 2604 440 2652 per
462 2590 760 2651 Capuanum,
784 2591 1092 2635 recesserunt
1113 2597 1302 2636 omnes.
1329 2589 1583 2638 Premissis
1606 2590 1930 2639 interfuerunt

143 2688 279 2719 xvim
300 2671 483 2735 antiqui
506 2671 794 2730 cardinales,
818 2670 1041 2719 videlicet
1065 2687 1074 2718 :

206 2755 569 2819 Neapolitanus,
603 2772 641 2803 s.
672 2754 862 2818 Angeli,
893 2754 1256 2814 Recanatensis,
1291 2755 1538 2819 episcopi3
1575 2773 1614 2804 s.
1647 2757 1925 2816 Clementis,

140 2839 437 2896 Parmensis,
464 2841 849 2897 Beneventanus,
879 2853 917 2886 s.
944 2837 1190 2896 Praxedis,
1224 2854 1263 2884 s.
1294 2838 1532 2903 Dionysii,
1553 2839 1925 2899 Alexandrinus,

140 2922 509 2986 Agrigentinus,
547 2922 828 2980 Perusinus,
864 2921 1166 2986 presbyteri;
1202 2921 1655 2982 vicecancellarius,
1691 2923 1923 2981 Medices,

140 3021 179 3052 s.
206 3006 438 3065 Severini,
461 3006 764 3066 Valentinus,
790 3005 1064 3065 Cesarinus,
1091 3005 1369 3064 Grimanus,
1389 3006 1648 3054 Farnesius
1682 3008 1809 3065 etde
1832 3009 1925 3054 Lu—

143 3092 274 3148 nate,
296 3089 506 3138 diaconi.

203 3171 344 3219 Feria
374 3177 560 3235 quarta,
582 3173 708 3221 festo
739 3189 778 3220 s.
809 3173 994 3221 Thome
1026 3172 1249 3236 apostoli,
1276 3176 1329 3219 21
1364 3171 1658 3229 decembris,
1684 3172 1839 3221 dictus
1862 3176 1919 3220 D.

141 3253 396 3301 cardinalis
429 3257 697 3318 Capuanus,
728 3260 836 3319 post
867 3256 1124 3320 prandium
1151 3256 1331 3319 incepit
1362 3256 1554 3303 visitare
1583 3256 1853 3305 cardinales
1878 3259 1926 3304 et

141 3337 346 3385 visitavit
361 3337 608 3400 juniorem
627 3343 831 3388 tantum.

205 3420 345 3468 Feria
376 3421 558 3483 quinta,
584 3420 708 3470 festo
731 3439 769 3470 s.
795 3423 980 3472 Thome
1007 3423 1230 3487 apostoli,
1261 3425 1320 3470 22
1350 3422 1640 3482 decembris,
1668 3426 1833 3470 Rmus.
1860 3424 1917 3468 D.

143 3504 397 3552 cardinalis
418 3504 477 3553 de
499 3504 698 3553 Sabellis
718 3506 768 3552 in
790 3522 899 3554 sero
914 3506 980 3553 ad
1003 3506 1180 3554 Urbem
1201 3506 1341 3553 rediit
1363 3521 1390 3553 a
1413 3506 1510 3552 suis
1530 3506 1759 3553 duntaxat
1780 3519 1914 3551 asso-
