2216 3886
136 314 364 356 [Avril1498]
585 313 752 350 RERUM
785 312 1087 349 URBANARUM
1121 312 1465 351 COMMENTARH.
1837 290 1915 354 '4453

139 422 211 465 est
231 416 459 466 meretrix
478 416 700 476 honesta,
723 418 940 465 Cursetta
957 415 1248 479 nun‘cupata,
1274 431 1367 479 que
1386 414 1673 464 familiarem
1695 419 1914 465 Maurum

138 499 306 548 habuit
328 500 373 547 in
398 499 608 549 vestibus
630 505 677 548 et
697 499 862 548 habitu
883 498 1103 546 muliebri
1126 499 1449 558 incedentem,
1475 499 1552 562 qui
1574 514 1625 548 se
1650 500 1911 548 Barbaram

143 583 403 648 Hispanam
439 583 709 647 appellabat
742 588 789 631 et
822 597 928 632 eam
961 582 1125 631 nescio
1159 583 1401 646 quomodo
1435 583 1656 646 cognovit
1690 586 1738 630 et
1769 599 1914 647 prop-

141 672 274 715 terea
297 667 439 715 ambo
462 667 602 714 simul
622 682 709 730 per
735 666 914 715 Urbem
935 665 1065 714 ducti
1086 666 1132 714 in
1156 666 1454 726 scandalum,
1478 666 1582 730 ipsa
1602 670 1732 715 veste
1753 667 1913 716 velluli

139 749 264 813 nigri
304 766 456 813 usque
495 749 556 797 ad
594 755 770 798 terram
801 749 952 798 libere
989 750 1091 797 sine
1131 750 1291 812 aliqua
1321 749 1527 813 ligatura
1559 766 1569 798 ε
1606 750 1710 813 ipse
1749 755 1911 799 autem

139 835 333 881 Maurus
358 833 406 880 in
434 832 601 881 habitu
629 833 725 881 sive
745 833 955 881 vestibus
977 832 1209 891 mulieris,
1240 837 1291 879 ut
1318 837 1439 891 erat,
1463 832 1672 881 brachiis
1696 832 1745 880 in
1773 848 1916 897 supe-

140 916 254 963 riori
280 920 435 980 parte,
459 916 553 964 hoc
578 921 650 964 est
673 932 817 980 supra
838 916 1043 974 cubitOS,
1069 931 1098 963 a
1117 919 1255 978 tergo
1283 915 1472 965 fortiter
1497 915 1657 963 tractis
1688 919 1736 963 et
1759 915 1916 978 ligatis

139 1004 187 1048 et
208 999 378 1063 pannis
401 999 498 1048 sive
519 997 729 1047 vestibus
751 997 974 1045 omnibus
998 1013 1148 1060 usque
1174 996 1234 1044 ad
1254 996 1503 1045 camisiam
1527 998 1742 1058 elevatiS,
1767 1014 1917 1062 usque

140 1083 198 1131 ad
226 1082 526 1141 umbilicum,
556 1086 604 1129 ut
627 1080 686 1128 ab
713 1080 937 1128 omnibus
965 1080 1067 1143 ejus
1095 1079 1303 1128 testiculi
1335 1079 1430 1127 sive
1453 1080 1680 1144 genitalia
1698 1081 1920 1130 videren—

141 1171 217 1213 tur
247 1170 295 1214 et
326 1165 464 1213 dolus
492 1165 595 1228 ejus
624 1168 894 1228 appareret.
930 1163 1116 1211 Circulo
1148 1179 1235 1227 per
1261 1163 1503 1212 civitatem
1535 1180 1622 1228 per
1651 1181 1735 1214 eos
1769 1165 1917 1225 facto,

139 1248 337 1296 dimissa
357 1252 430 1296 est
452 1250 695 1307 Cursetta3
720 1250 915 1294 Maurus
935 1262 1047 1295 vero
1069 1247 1118 1294 in
1139 1262 1360 1295 carceres
1382 1247 1602 1296 detrusus
1629 1253 1677 1296 et
1702 1249 1915 1308 tandem,

139 1331 216 1380 die
240 1331 425 1380 sabbati
458 1336 482 1378 7
514 1330 753 1394 presentis
783 1329 964 1378 mensis
984 1329 1164 1392 aprilis,
1197 1329 1256 1377 de
1287 1330 1560 1378 carceribus
1590 1331 1753 1378 Turris
1783 1333 1916 1380 None

140 1431 250 1463 cum
274 1414 459 1462 duobus
478 1413 582 1461 aliis
596 1412 862 1461 latronibus
884 1412 1105 1471 eductus,
1123 1413 1415 1476 precedente
1438 1428 1521 1461 eos
1536 1414 1743 1476 quodam
1762 1413 1916 1461 sbirro

139 1499 273 1546 asino
295 1497 533 1546 insidente
558 1501 604 1544 et
626 1496 746 1544 duos
776 1496 1022 1544 testiculos
1049 1495 1098 1543 in
1128 1496 1401 1545 summitate
1429 1496 1568 1544 unius
1597 1512 1750 1546 canne
1782 1496 1917 1546 defe-

140 1585 275 1630 rente
297 1581 471 1645 ligatos
498 1580 578 1644 qui
600 1579 791 1628 cuidam
818 1580 989 1639 Judeo,
1015 1595 1074 1628 ex
1100 1596 1194 1644 quo
1215 1580 1471 1629 mulierem
1494 1580 1808 1629 christianam
1833 1595 1917 1628 co-

138 1705 234 1754 quod
254 1704 336 1741 talis
357 1704 485 1741 effecta
500 1708 557 1741 est
573 1703 646 1740 vita
667 1704 895 1740 sacerdotum
922 1707 958 1740 et
983 1702 1183 1749 curialium,
1207 1709 1247 1742 ut
1271 1705 1333 1742 vix
1359 1705 1558 1753 reperiatur
1584 1705 1645 1753 qui
1673 1705 1910 1743 concubinam

141 1775 215 1800 non
236 1763 368 1800 retinet
384 1762 442 1800 vel
469 1763 597 1800 saltem
622 1762 847 1799 meretricem
873 1763 918 1798 ad
945 1761 1088 1799 laudem
1115 1763 1182 1799 Dei
1205 1768 1240 1801 et
1265 1764 1350 1801 fidei
1371 1764 1604 1802 christianiae.
1623 1764 1669 1802 Et
1695 1776 1737 1801 ea
1761 1765 1852 1802 forte
1872 1766 1917 1802 dc

141 1835 253 1860 causa
272 1826 459 1859 numerate
481 1827 567 1859 sunt
591 1821 799 1858 meretrices
826 1833 907 1870 quae
933 1825 1021 1858 tunc
1046 1822 1189 1871 publice
1209 1823 1335 1860 Romae
1362 1828 1461 1870 sunt,
1482 1828 1523 1860 ut
1541 1835 1586 1860 ex
1608 1836 1691 1861 vero
1707 1824 1917 1863 testimonio

141 1882 298 1920 habetur
315 1882 362 1919 ad
382 1893 570 1918 numerum
597 1893 663 1918 sex
689 1880 836 1923 millium
864 1885 899 1917 et
923 1880 1215 1929 octingentarum
1231 1883 1471 1925 meretricum,
1495 1883 1657 1932 exceptis
1678 1882 1749 1918 illis
1770 1894 1852 1931 quae
1879 1884 1916 1921 in

138 1941 382 1979 concubinatu
409 1945 553 1978 suntet
580 1940 652 1977 illis
678 1952 759 1988 qua}
791 1952 865 1978 non
898 1945 984 1977 sunt
1011 1942 1156 1991 ‘publice
1186 1944 1251 1980 sed
1282 1948 1435 1990 secreto,
1463 1956 1545 1980 cum
1576 1943 1737 1992 quinque
1764 1944 1822 1981 vel
1852 1957 1917 1981 sex

137 2013 261 2038 earum
280 2004 472 2037 exerceant
491 1999 682 2037 artificium
702 2004 738 2037 et
759 2012 983 2048 unaquaeque
1004 2013 1128 2038 earum
1147 2002 1203 2039 vel
1223 2015 1335 2039 unum
1354 2003 1408 2040 vel
1427 2002 1551 2051 plures
1573 2003 1731 2040 habeant
1751 2003 1914 2043 lenones,

137 2061 399 2098 Consideratur
423 2059 530 2095 modo
556 2058 710 2107 qualiter
738 2059 881 2096 vivatur
912 2061 1036 2097 Romae
1072 2061 1134 2098 ubi
1160 2066 1269 2110 caput
1294 2062 1379 2098 fidei
1402 2067 1472 2107 est,
1501 2066 1537 2099 et
1562 2063 1743 2110 quomodo
1769 2067 1920 2111 regatur

136 2120 264 2158 civitas
287 2119 433 2157 Christi.
452 2134 470 2151 υ
488 2120 592 2156 Diar.
615 2120 765 2163 Int’ess„
788 2119 881 2155 dans
899 2120 1048 2166 Eccard,
1070 2124 1096 2157 t.
1120 2121 1165 2166 II,
1187 2121 1254 2158 col.
1279 2122 1382 2157 1996.
1407 2121 1507 2158 Cette
1522 2121 1683 2158 decision
1703 2123 1752 2158 du
1771 2121 1916 2168 vicaire,

135 2180 223 2217 etait
240 2179 423 2216 d'ailleurs
444 2177 620 2215 contraire
640 2189 712 2214 aux
738 2177 807 2214 lois
828 2179 872 2214 de
892 2171 1055 2227 l'Eglise,
1089 2180 1151 2228 qui
1177 2180 1368 2217 autorisait
1392 2180 1425 2217 le
1450 2179 1669 2217 concubinat
1694 2181 1758 2217 des
1778 2185 1917 2229 pretres

136 2244 172 2276 et
192 2239 256 2276 des
286 2238 442 2287 lai'ques,
461 2242 686 2286 moyennant
713 2237 856 2275 salaire.
880 2253 898 2272 «
925 2238 1118 2276 Absolutio
1139 2251 1204 2287 pro
1229 2239 1487 2276 concubinario
1507 2244 1543 2277 et
1561 2240 1787 2288 dispensatIO
1808 2252 1920 2290 super

136 2298 419 2347 irregularitate;
449 2301 486 2333 et
523 2297 592 2333 hoc
624 2301 749 2334 contra
775 2297 1018 2345 provinciales
1046 2303 1082 2336 et
1107 2298 1290 2336 sinodales
1317 2299 1620 2345 Constitutiones,
1648 2304 1734 2346 etc„
1762 2313 1800 2348 g.
1829 2300 1916 2346 VlI;

136 2357 317 2395 absolutio
337 2369 402 2406 pro
422 2357 527 2402 laico,
557 2368 666 2404 super
692 2358 835 2403 eodem,
858 2370 895 2406 g.
926 2358 1004 2396 VII.
1029 2373 1048 2392 »
1078 2362 1173 2396 Tame
1198 2361 1410 2396 cancellarie
1433 2361 1630 2406 apostolice
1655 2364 1690 2396 cl
1717 2364 1799 2397 tame
1818 2371 1918 2397 sacre

132 2418 437 2463 penitenciarie...
462 2417 566 2461 1520,
590 2415 740 2462 (Paris),
763 2416 823 2454 fol.
846 2418 905 2454 36.
927 2417 984 2454 Un
1005 2418 1205 2455 manuscrit
1224 2419 1269 2455 de
1290 2419 1490 2456 Hartmann
1513 2418 1680 2465 SchedeL
1704 2422 1877 2456 conserve
1897 2421 1918 2455 a

136 2475 170 2511 la
194 2470 453 2523 bibliotheque
470 2475 593 2523 royale
619 2475 664 2511 de
690 2475 840 2511 Munich
868 2488 876 2512 :
904 2478 1105 2524 Epitaphia
1132 2480 1418 2515 clarissimarum
1444 2480 1637 2515 mulierum
1663 2490 1731 2526 que
1757 2480 1917 2515 virtute.-

135 2539 214 2572 arte
239 2535 363 2581 aliqua
389 2538 474 2570 nota
494 2535 715 2574 claruerant,
746 2534 907 2572 contient
931 2548 1002 2572 une
1029 2537 1121 2573 serie
1147 2538 1426 2586 d'epigrammes
1453 2537 1515 2586 qui
1541 2537 1726 2573 celebrent,
1744 2539 1766 2573 a
1785 2537 1820 2573 la
1845 2537 1916 2573 fois

135 2593 188 2629 les
210 2593 361 2638 saintes,
384 2596 581 2641 patronnes
601 2594 645 2630 de
666 2586 828 2641 l‘Einse,
849 2599 886 2631 et
904 2595 957 2632 les
979 2596 1205 2634 courtisanes
1227 2597 1422 2644 fameuses,
1443 2609 1567 2633 muses
1594 2597 1660 2633 des
1682 2597 1913 2635 beaux-arts.

137 2653 243 2700 (Voy.
268 2651 528 2700 Gregorovius,
551 2654 701 2690 Lucrece
720 2654 868 2699 Borma,
892 2658 917 2691 t.
944 2655 972 2700 I,
995 2656 1052 2693 ch.
1076 2658 1142 2703 xl).
1165 2655 1278 2692 L’une
1298 2657 1342 2692 de
1369 2668 1430 2692 ces
1459 2656 1656 2701 dernieres,
1685 2656 1824 2692 celebre
1851 2668 1917 2705 par

138 2724 180 2748 sa
199 2711 331 2748 beaute
351 2716 388 2749 et
411 2723 453 2748 sa
481 2711 637 2758 science,
659 2717 806 2750 mourut
830 2716 852 2750 a
876 2714 923 2750 26
943 2726 1022 2756 ans,
1047 2719 1082 2752 et
1108 2715 1161 2752 fut
1187 2719 1349 2752 enterree
1376 2728 1420 2752 en
1448 2716 1587 2764 grande
1612 2727 1743 2764 pompe
1769 2716 1862 2752 dans
1883 2715 1918 2752 la

136 2770 298 2820 chapelle
317 2771 362 2807 de
395 2771 511 2808 Santa
534 2772 729 2821 Gregoria;
757 2772 792 2809 la
815 2773 933 2821 pierre
960 2774 1116 2811 tombale
1136 2780 1238 2823 porte
1264 2780 1357 2812 cette
1384 2775 1553 2823 epitaphe
1576 2787 1585 2812 ε
1615 2791 1643 2817 (ι,
1662 2775 1811 2811 harnam
1830 2786 1916 2811 con-

136 2842 259 2867 *risANA
279 2842 420 2867 ROMANA
445 2843 523 2874 QUAE
544 2843 650 2868 mom
675 2843 788 2869 ΤΑΝτο
814 2845 960 2878 NOMINE,
989 2846 1093 2871 mna-3
1118 2848 1222 2871 mma
1249 2846 1430 2872 MORTALES
1450 2847 1578 2872 Forma:
1600 2847 1769 2872 sesemen
1796 2847 1915 2872 nam-r.

136 2890 242 2940 Vum·
261 2901 296 2927 Α.
318 2901 417 2926 xxw.
440 2903 475 2926 n.
497 2903 546 2926 x11
567 2890 669 2927 Ossur
690 2903 775 2928 mcxi
801 2905 858 2928 Dm
878 2906 927 2930 xv
951 2894 1043 2932 Auo.
1067 2910 1085 2928 »
1106 2895 1199 2943 Voy.
1224 2895 1482 2943 Gregorovius,
1502 2896 1626 2932 Storia
1646 2896 1742 2932 della
1768 2896 1857 2931 cirta
1878 2895 1918 2934 di

137 2950 260 2990 Roma,
282 2953 309 2986 t.
330 2949 429 2996 VIII,
450 2961 486 2998 p.
515 2951 596 2988 349.
621 2965 641 2984 «
667 2951 836 2988 Pontifex
863 2952 1084 2999 (Alexander
1106 2953 1175 3002 Vl)
1203 2953 1240 2990 in
1265 2953 1392 3002 primis
1420 2953 1697 3001 cardinalesque
1724 2952 1918 3000 caeterique

135 3007 276 3055 prelati,
298 3009 467 3056 quodque
487 3010 605 3057 magis
627 3010 843 3048 detestabile
864 3016 921 3049 est
947 3024 992 3048 ne
1012 3012 1130 3049 dicam
1157 3013 1358 3050 execrabile
1386 3013 1610 3050 concubinas
1636 3012 1747 3056 alere,
1771 3011 1917 3059 illisque

137 3065 237 3103 abuti
256 3070 319 3102 aut
339 3067 506 3114 specioso
527 3068 725 3106 Ganimede
745 3071 800 3108 fas
821 3082 904 3107 esse
931 3071 1156 3119 impudentIa
1181 3073 1387 3111 vendicant.
1412 3075 1688 3119 Incestasseque
1710 3069 1821 3106 filiam
1841 3069 1914 3105 Lu-

137 3124 283 3161 cretiam
315 3124 560 3162 Alexandrum
585 3129 793 3175 pontificem
823 3130 935 3178 vulgo
965 3130 1188 3170 increbuit...
1217 3133 1356 3170 Paulus
1389 3134 1421 3170 II
1453 3145 1498 3168 ex
1526 3131 1730 3168 concubina
1770 3132 1916 3167 domum

136 3183 288 3231 replevit
308 3187 343 3220 et
360 3184 466 3231 quasi
484 3186 750 3233 sterquilinium
768 3189 864 3226 facta
883 3193 940 3226 est
962 3190 1069 3226 sedes
1101 3191 1312 3231 Barionis...
1337 3207 1356 3226 «
1377 3194 1494 3229 Marci
1514 3191 1642 3227 Attilii
1661 3191 1788 3226 Aleoeii
1807 3190 1918 3226 Arrc-

139 3245 210 3280 tini
235 3243 412 3289 epistolae‚
440 3247 524 3289 etc.,
553 3244 646 3281 dans
679 3246 824 3293 Baluze,
848 3250 1080 3285 Miscellanea
1111 3251 1248 3296 (1764),
1276 3255 1303 3288 t.
1332 3251 1392 3295 IV,
1422 3261 1458 3297 p.
1485 3249 1568 3285 519.
1598 3248 1669 3283 Sur
1700 3247 1734 3283 la
1765 3247 1822 3284 vie
1849 3248 1915 3283 des

135 3301 361 3339 courtisanes
388 3303 409 3336 ῑι
429 3301 556 3347 Rome,
579 3315 663 3352 voy.
691 3305 724 3342 le
750 3307 919 3355 dialogue
941 3308 986 3343 de
1011 3307 1174 3346 Charron
1200 3311 1244 3346 de
1273 3311 1475 3353 PontanuS,
1503 3307 1622 3355 Opera
1648 3305 1767 3353 (Alele,
1791 3307 1913 3353 1519),

138 3366 164 3399 t.
186 3362 230 3405 II,
251 3360 312 3398 sol.
331 3361 390 3406 63,
418 3372 453 3399 v.
477 3364 514 3397 et
539 3361 655 3409 suiv.;
682 3364 736 3402 les
761 3368 1064 3412 Raqyionamenti
1095 3367 1140 3404 de
1174 3368 1336 3414 l'Aretin,
1359 3372 1394 3404 et
1423 3367 1476 3403 les
1497 3367 1679 3403 Comedies
1707 3366 1755 3401 du
1783 3369 1913 3410 meme,

138 3420 302 3468 publices
321 3431 386 3467 par
407 3420 446 3456 Ρ.
470 3419 634 3467 Lacroix,
656 3423 775 3468 Paris,
798 3426 902 3469 1845,
925 3437 960 3472 p.
982 3425 1054 3461 372
1075 3430 1110 3463 et
1130 3425 1223 3463 suiv.
