<?xml version="1.0" encoding="UTF-8"?>
<!DOCTYPE html PUBLIC "-//W3C//DTD XHTML 1.0 Transitional//EN"
    "http://www.w3.org/TR/xhtml1/DTD/xhtml1-transitional.dtd">
<html xmlns="http://www.w3.org/1999/xhtml" xml:lang="en" lang="en">
 <head>
  <title>
</title>
<meta http-equiv="Content-Type" content="text/html;charset=utf-8" />
  <meta name='ocr-system' content='tesseract 3.04.00' />
  <meta name='ocr-capabilities' content='ocr_page ocr_carea ocr_par ocr_line ocrx_word'/>
</head>
<body>
  <div class='ocr_page' id='page_1' title='image "./diariumsivererum02burcuoft_0436.png"; bbox 0 0 2248 3906; ppageno 0'>
   <div class='ocr_carea' id='block_1_1' title="bbox 321 314 2091 362">
    <p class='ocr_par' dir='ltr' id='par_1_1' title="bbox 321 314 2091 362">
     <span class='ocr_line' id='line_1_1' title="bbox 321 314 2091 362; baseline -0.002 -7"><span class='ocrx_word' id='word_1_1' title='bbox 321 320 392 355; x_wconf 76' lang='lat'><strong>424</strong></span> <span class='ocrx_word' id='word_1_2' title='bbox 934 315 1165 353; x_wconf 69' lang='grc' dir='ltr'><strong>ιῘΟΗΑΝΝΙΞ</strong></span> <span class='ocrx_word' id='word_1_3' title='bbox 1198 314 1490 360; x_wconf 82' lang='lat' dir='ltr'><strong>BURCHARDI,</strong></span> <span class='ocrx_word' id='word_1_4' title='bbox 1763 316 1971 356; x_wconf 73' lang='lat' dir='ltr'><strong>[Decembre</strong></span> <span class='ocrx_word' id='word_1_5' title='bbox 1996 322 2091 362; x_wconf 77' lang='lat'><strong>1498]</strong></span> 
     </span>
    </p>
   </div>
   <div class='ocr_carea' id='block_1_2' title="bbox 318 417 2136 3471">
    <p class='ocr_par' dir='ltr' id='par_1_2' title="bbox 318 417 2092 964">
     <span class='ocr_line' id='line_1_2' title="bbox 321 417 2090 476; baseline -0.001 -8"><span class='ocrx_word' id='word_1_6' title='bbox 321 420 450 468; x_wconf 85' lang='lat' dir='ltr'><strong>tabat</strong></span> <span class='ocrx_word' id='word_1_7' title='bbox 485 423 542 468; x_wconf 92' lang='lat' dir='ltr'><strong>D.</strong></span> <span class='ocrx_word' id='word_1_8' title='bbox 582 419 871 467; x_wconf 89' lang='lat' dir='ltr'><strong>Philibertus</strong></span> <span class='ocrx_word' id='word_1_9' title='bbox 915 418 1162 476; x_wconf 86' lang='lat' dir='ltr'><strong>Naturelli,</strong></span> <span class='ocrx_word' id='word_1_10' title='bbox 1199 418 1344 466; x_wconf 91' lang='lat' dir='ltr'><strong>etiam</strong></span> <span class='ocrx_word' id='word_1_11' title='bbox 1378 421 1536 466; x_wconf 87' lang='lat' dir='ltr'><strong>orator</strong></span> <span class='ocrx_word' id='word_1_12' title='bbox 1585 417 1880 465; x_wconf 76' lang='lat' dir='ltr'><strong>serenissimi</strong></span> <span class='ocrx_word' id='word_1_13' title='bbox 1914 420 2090 466; x_wconf 88' lang='lat' dir='ltr'><strong>Roma-</strong></span> 
     </span>
     <span class='ocr_line' id='line_1_3' title="bbox 318 499 2090 565; baseline -0.001 -14"><span class='ocrx_word' id='word_1_14' title='bbox 318 519 493 551; x_wconf 90' lang='lat' dir='ltr'><strong>norum</strong></span> <span class='ocrx_word' id='word_1_15' title='bbox 537 503 681 565; x_wconf 82' lang='lat' dir='ltr'><strong>regiS,</strong></span> <span class='ocrx_word' id='word_1_16' title='bbox 723 502 910 550; x_wconf 90' lang='lat' dir='ltr'><strong>medius</strong></span> <span class='ocrx_word' id='word_1_17' title='bbox 950 501 1075 548; x_wconf 89' lang='lat' dir='ltr'><strong>inter</strong></span> <span class='ocrx_word' id='word_1_18' title='bbox 1117 504 1357 547; x_wconf 87' lang='lat' dir='ltr'><strong>oratorem</strong></span> <span class='ocrx_word' id='word_1_19' title='bbox 1395 503 1691 550; x_wconf 76' lang='lat' dir='ltr'>Venetorum</span> <span class='ocrx_word' id='word_1_20' title='bbox 1731 515 1759 546; x_wconf 90' lang='lat' dir='ltr'><strong>a</strong></span> <span class='ocrx_word' id='word_1_21' title='bbox 1801 499 2003 547; x_wconf 81' lang='lat' dir='ltr'><strong>sinistris</strong></span> <span class='ocrx_word' id='word_1_22' title='bbox 2043 507 2090 549; x_wconf 88' lang='lat' dir='ltr'><strong>et</strong></span> 
     </span>
     <span class='ocr_line' id='line_1_4' title="bbox 321 582 2087 648; baseline -0.001 -15"><span class='ocrx_word' id='word_1_23' title='bbox 321 590 572 634; x_wconf 84' lang='lat' dir='ltr'><strong>oratorem.</strong></span> <span class='ocrx_word' id='word_1_24' title='bbox 596 586 723 648; x_wconf 89' lang='lat' dir='ltr'><strong>regis</strong></span> <span class='ocrx_word' id='word_1_25' title='bbox 760 583 1058 647; x_wconf 81' lang='lat' dir='ltr'><strong>Neapolitani</strong></span> <span class='ocrx_word' id='word_1_26' title='bbox 1093 598 1119 629; x_wconf 94' lang='lat' dir='ltr'><strong>a</strong></span> <span class='ocrx_word' id='word_1_27' title='bbox 1152 582 1346 630; x_wconf 70' lang='lat' dir='ltr'><strong>dextris</strong></span> <span class='ocrx_word' id='word_1_28' title='bbox 1389 586 1501 630; x_wconf 88' lang='lat' dir='ltr'><strong>Post</strong></span> <span class='ocrx_word' id='word_1_29' title='bbox 1538 583 1661 643; x_wconf 91' lang='lat' dir='ltr'><strong>illos,</strong></span> <span class='ocrx_word' id='word_1_30' title='bbox 1701 583 1870 646; x_wconf 89' lang='lat' dir='ltr'><strong>prelati</strong></span> <span class='ocrx_word' id='word_1_31' title='bbox 1907 583 2087 646; x_wconf 89' lang='lat' dir='ltr'><strong>palatii,</strong></span> 
     </span>
     <span class='ocr_line' id='line_1_5' title="bbox 319 665 2091 729; baseline -0.001 -13"><span class='ocrx_word' id='word_1_32' title='bbox 319 669 432 717; x_wconf 91' lang='lat' dir='ltr'><strong>licet</strong></span> <span class='ocrx_word' id='word_1_33' title='bbox 460 667 603 725; x_wconf 89' lang='lat' dir='ltr'><strong>male,</strong></span> <span class='ocrx_word' id='word_1_34' title='bbox 640 667 751 729; x_wconf 86' lang='lat' dir='ltr'><strong>quia</strong></span> <span class='ocrx_word' id='word_1_35' title='bbox 781 666 988 729; x_wconf 91' lang='lat' dir='ltr'><strong>primum</strong></span> <span class='ocrx_word' id='word_1_36' title='bbox 1022 665 1182 712; x_wconf 89' lang='lat' dir='ltr'><strong>locum</strong></span> <span class='ocrx_word' id='word_1_37' title='bbox 1213 680 1324 712; x_wconf 90' lang='lat' dir='ltr'><strong>cum</strong></span> <span class='ocrx_word' id='word_1_38' title='bbox 1357 665 1626 714; x_wconf 86' lang='lat' dir='ltr'><strong>oratoribus</strong></span> <span class='ocrx_word' id='word_1_39' title='bbox 1652 666 1881 729; x_wconf 77' lang='lat' dir='ltr'><strong>predictis</strong></span> <span class='ocrx_word' id='word_1_40' title='bbox 1911 666 2091 715; x_wconf 90' lang='lat' dir='ltr'><strong>habere</strong></span> 
     </span>
     <span class='ocr_line' id='line_1_6' title="bbox 321 747 2091 812; baseline 0.001 -15"><span class='ocrx_word' id='word_1_41' title='bbox 321 751 591 798; x_wconf 90' lang='lat' dir='ltr'><strong>debuerunt</strong></span> <span class='ocrx_word' id='word_1_42' title='bbox 624 753 670 797; x_wconf 88' lang='lat' dir='ltr'><strong>et</strong></span> <span class='ocrx_word' id='word_1_43' title='bbox 695 748 790 806; x_wconf 91' lang='lat' dir='ltr'><strong>alii,</strong></span> <span class='ocrx_word' id='word_1_44' title='bbox 815 748 914 796; x_wconf 90' lang='lat' dir='ltr'><strong>bini</strong></span> <span class='ocrx_word' id='word_1_45' title='bbox 948 752 996 796; x_wconf 88' lang='lat' dir='ltr'><strong>et</strong></span> <span class='ocrx_word' id='word_1_46' title='bbox 1028 747 1144 806; x_wconf 91' lang='lat' dir='ltr'><strong>bini,</strong></span> <span class='ocrx_word' id='word_1_47' title='bbox 1175 748 1348 796; x_wconf 88' lang='lat' dir='ltr'><strong>ducem</strong></span> <span class='ocrx_word' id='word_1_48' title='bbox 1382 749 1538 812; x_wconf 90' lang='lat' dir='ltr'><strong>ipsum</strong></span> <span class='ocrx_word' id='word_1_49' title='bbox 1572 749 1632 797; x_wconf 89' lang='lat' dir='ltr'><strong>ad</strong></span> <span class='ocrx_word' id='word_1_50' title='bbox 1658 749 1922 812; x_wconf 87' lang='lat' dir='ltr'><strong>hospitium</strong></span> <span class='ocrx_word' id='word_1_51' title='bbox 1953 766 2091 798; x_wconf 90' lang='lat' dir='ltr'><strong>suum</strong></span> 
     </span>
     <span class='ocr_line' id='line_1_7' title="bbox 322 831 2092 896; baseline 0.001 -16"><span class='ocrx_word' id='word_1_52' title='bbox 322 832 637 890; x_wconf 79' lang='lat' dir='ltr'><strong>associarunt,</strong></span> <span class='ocrx_word' id='word_1_53' title='bbox 679 837 726 879; x_wconf 89' lang='lat' dir='ltr'><strong>et</strong></span> <span class='ocrx_word' id='word_1_54' title='bbox 756 847 866 879; x_wconf 92' lang='lat' dir='ltr'><strong>cum</strong></span> <span class='ocrx_word' id='word_1_55' title='bbox 896 831 987 878; x_wconf 93' lang='lat' dir='ltr'><strong>illis</strong></span> <span class='ocrx_word' id='word_1_56' title='bbox 1025 831 1118 878; x_wconf 89' lang='lat' dir='ltr'><strong>dux</strong></span> <span class='ocrx_word' id='word_1_57' title='bbox 1155 847 1214 879; x_wconf 88' lang='lat' dir='ltr'><strong>ex</strong></span> <span class='ocrx_word' id='word_1_58' title='bbox 1245 846 1380 880; x_wconf 89' lang='lat' dir='ltr'><strong>more</strong></span> <span class='ocrx_word' id='word_1_59' title='bbox 1420 833 1594 895; x_wconf 77' lang='lat' dir='ltr'><strong>gratias</strong></span> <span class='ocrx_word' id='word_1_60' title='bbox 1637 834 1831 896; x_wconf 82' lang='lat' dir='ltr'><strong>egisset,</strong></span> <span class='ocrx_word' id='word_1_61' title='bbox 1876 849 2092 883; x_wconf 81' lang='lat' dir='ltr'><strong>recesse-</strong></span> 
     </span>
     <span class='ocr_line' id='line_1_8' title="bbox 319 921 635 964; baseline -0.006 0"><span class='ocrx_word' id='word_1_62' title='bbox 319 921 429 964; x_wconf 90' lang='lat' dir='ltr'><strong>runt</strong></span> <span class='ocrx_word' id='word_1_63' title='bbox 450 931 635 963; x_wconf 90' lang='lat' dir='ltr'><strong>omnes.</strong></span> 
     </span>
    </p>

    <p class='ocr_par' dir='ltr' id='par_1_3' title="bbox 320 995 2097 1393">
     <span class='ocr_line' id='line_1_9' title="bbox 384 995 2087 1064; baseline 0 -17"><span class='ocrx_word' id='word_1_64' title='bbox 384 999 525 1047; x_wconf 89' lang='lat' dir='ltr'><strong>Feria</strong></span> <span class='ocrx_word' id='word_1_65' title='bbox 559 997 718 1056; x_wconf 87' lang='lat' dir='ltr'><strong>tertia,</strong></span> <span class='ocrx_word' id='word_1_66' title='bbox 757 1000 816 1044; x_wconf 76' lang='lat'><strong>26</strong></span> <span class='ocrx_word' id='word_1_67' title='bbox 848 995 1136 1055; x_wconf 85' lang='lat' dir='ltr'><strong>decembriS,</strong></span> <span class='ocrx_word' id='word_1_68' title='bbox 1172 996 1295 1044; x_wconf 90' lang='lat' dir='ltr'><strong>festo</strong></span> <span class='ocrx_word' id='word_1_69' title='bbox 1330 1013 1367 1044; x_wconf 93' lang='lat' dir='ltr'><strong>s.</strong></span> <span class='ocrx_word' id='word_1_70' title='bbox 1413 1000 1662 1063; x_wconf 84' lang='lat' dir='ltr'><strong>Stephani,</strong></span> <span class='ocrx_word' id='word_1_71' title='bbox 1703 1001 2087 1064; x_wconf 81' lang='lat' dir='ltr'><strong>protomartyris,</strong></span> 
     </span>
     <span class='ocr_line' id='line_1_10' title="bbox 327 1079 2095 1142; baseline 0 -12"><span class='ocrx_word' id='word_1_72' title='bbox 327 1086 493 1130; x_wconf 90' lang='lat' dir='ltr'><strong>Rmus.</strong></span> <span class='ocrx_word' id='word_1_73' title='bbox 516 1083 585 1142; x_wconf 78' lang='lat' dir='ltr'><strong>D.</strong></span> <span class='ocrx_word' id='word_1_74' title='bbox 620 1079 876 1128; x_wconf 89' lang='lat' dir='ltr'><strong>cardinalis</strong></span> <span class='ocrx_word' id='word_1_75' title='bbox 914 1095 952 1126; x_wconf 92' lang='lat' dir='ltr'><strong>s.</strong></span> <span class='ocrx_word' id='word_1_76' title='bbox 985 1079 1212 1127; x_wconf 86' lang='lat' dir='ltr'><strong>Praxedis</strong></span> <span class='ocrx_word' id='word_1_77' title='bbox 1240 1081 1499 1131; x_wconf 87' lang='lat' dir='ltr'><strong>celebravit</strong></span> <span class='ocrx_word' id='word_1_78' title='bbox 1525 1083 1721 1131; x_wconf 90' lang='lat' dir='ltr'><strong>missam</strong></span> <span class='ocrx_word' id='word_1_79' title='bbox 1750 1083 2015 1132; x_wconf 89' lang='lat' dir='ltr'><strong>solemnem</strong></span> <span class='ocrx_word' id='word_1_80' title='bbox 2046 1084 2095 1130; x_wconf 92' lang='lat' dir='ltr'><strong>in</strong></span> 
     </span>
     <span class='ocr_line' id='line_1_11' title="bbox 321 1162 2091 1230; baseline -0.001 -16"><span class='ocrx_word' id='word_1_81' title='bbox 321 1165 506 1230; x_wconf 90' lang='lat' dir='ltr'><strong>capella</strong></span> <span class='ocrx_word' id='word_1_82' title='bbox 537 1164 719 1228; x_wconf 89' lang='lat' dir='ltr'><strong>majore</strong></span> <span class='ocrx_word' id='word_1_83' title='bbox 751 1162 912 1226; x_wconf 91' lang='lat' dir='ltr'><strong>palatii</strong></span> <span class='ocrx_word' id='word_1_84' title='bbox 937 1162 1186 1225; x_wconf 87' lang='lat' dir='ltr'><strong>apostolici</strong></span> <span class='ocrx_word' id='word_1_85' title='bbox 1211 1164 1338 1227; x_wconf 91' lang='lat' dir='ltr'><strong>apud</strong></span> <span class='ocrx_word' id='word_1_86' title='bbox 1366 1181 1404 1212; x_wconf 91' lang='lat' dir='ltr'><strong>s.</strong></span> <span class='ocrx_word' id='word_1_87' title='bbox 1437 1167 1651 1223; x_wconf 89' lang='lat' dir='ltr'><strong>Petrum,</strong></span> <span class='ocrx_word' id='word_1_88' title='bbox 1682 1166 1811 1228; x_wconf 90' lang='lat' dir='ltr'><strong>Papa</strong></span> <span class='ocrx_word' id='word_1_89' title='bbox 1842 1169 2091 1228; x_wconf 89' lang='lat' dir='ltr'><strong>presente;</strong></span> 
     </span>
     <span class='ocr_line' id='line_1_12' title="bbox 320 1246 2097 1311; baseline -0.001 -14"><span class='ocrx_word' id='word_1_90' title='bbox 320 1249 411 1297; x_wconf 89' lang='lat' dir='ltr'><strong>alia</strong></span> <span class='ocrx_word' id='word_1_91' title='bbox 442 1248 604 1297; x_wconf 89' lang='lat' dir='ltr'><strong>omnia</strong></span> <span class='ocrx_word' id='word_1_92' title='bbox 648 1251 758 1293; x_wconf 89' lang='lat' dir='ltr'><strong>sunt</strong></span> <span class='ocrx_word' id='word_1_93' title='bbox 791 1246 1039 1293; x_wconf 83' lang='lat' dir='ltr'><strong>observata</strong></span> <span class='ocrx_word' id='word_1_94' title='bbox 1070 1261 1203 1295; x_wconf 87' lang='lat' dir='ltr'><strong>more</strong></span> <span class='ocrx_word' id='word_1_95' title='bbox 1235 1247 1373 1295; x_wconf 88' lang='lat' dir='ltr'><strong>solito</strong></span> <span class='ocrx_word' id='word_1_96' title='bbox 1405 1266 1414 1296; x_wconf 77' lang='grc' dir='ltr'>ε</span> <span class='ocrx_word' id='word_1_97' title='bbox 1446 1249 1712 1297; x_wconf 86' lang='lat' dir='ltr'><strong>orationem</strong></span> <span class='ocrx_word' id='word_1_98' title='bbox 1739 1248 1854 1296; x_wconf 89' lang='lat' dir='ltr'><strong>fecit</strong></span> <span class='ocrx_word' id='word_1_99' title='bbox 1886 1247 2097 1311; x_wconf 86' lang='lat' dir='ltr'><strong>Raphael</strong></span> 
     </span>
     <span class='ocr_line' id='line_1_13' title="bbox 326 1332 849 1393; baseline -0.004 -13"><span class='ocrx_word' id='word_1_100' title='bbox 326 1332 659 1391; x_wconf 90' lang='lat' dir='ltr'><strong>Brandolinus,</strong></span> <span class='ocrx_word' id='word_1_101' title='bbox 686 1345 849 1393; x_wconf 79' lang='lat' dir='ltr'><strong>eques,</strong></span> 
     </span>
    </p>

    <p class='ocr_par' dir='ltr' id='par_1_4' title="bbox 322 1416 2136 1882">
     <span class='ocr_line' id='line_1_14' title="bbox 387 1416 2089 1480; baseline 0.001 -17"><span class='ocrx_word' id='word_1_102' title='bbox 387 1416 527 1463; x_wconf 89' lang='lat' dir='ltr'><strong>Feria</strong></span> <span class='ocrx_word' id='word_1_103' title='bbox 543 1418 727 1478; x_wconf 88' lang='lat' dir='ltr'><strong>quarta,</strong></span> <span class='ocrx_word' id='word_1_104' title='bbox 752 1418 809 1463; x_wconf 76' lang='lat'><strong>27</strong></span> <span class='ocrx_word' id='word_1_105' title='bbox 829 1416 1119 1475; x_wconf 87' lang='lat' dir='ltr'><strong>decembris,</strong></span> <span class='ocrx_word' id='word_1_106' title='bbox 1141 1416 1264 1464; x_wconf 86' lang='lat' dir='ltr'><strong>festo</strong></span> <span class='ocrx_word' id='word_1_107' title='bbox 1283 1433 1323 1463; x_wconf 90' lang='lat' dir='ltr'><strong>s.</strong></span> <span class='ocrx_word' id='word_1_108' title='bbox 1342 1416 1573 1464; x_wconf 89' lang='lat' dir='ltr'><strong>Johannis</strong></span> <span class='ocrx_word' id='word_1_109' title='bbox 1590 1417 1900 1480; x_wconf 84' lang='lat' dir='ltr'><strong>evangeliste,</strong></span> <span class='ocrx_word' id='word_1_110' title='bbox 1923 1420 2089 1465; x_wconf 89' lang='lat' dir='ltr'><strong>Rmus.</strong></span> 
     </span>
     <span class='ocr_line' id='line_1_15' title="bbox 323 1498 2095 1563; baseline 0.001 -16"><span class='ocrx_word' id='word_1_111' title='bbox 323 1503 380 1547; x_wconf 90' lang='lat' dir='ltr'><strong>D.</strong></span> <span class='ocrx_word' id='word_1_112' title='bbox 407 1498 660 1546; x_wconf 89' lang='lat' dir='ltr'><strong>cardinalis</strong></span> <span class='ocrx_word' id='word_1_113' title='bbox 680 1514 719 1546; x_wconf 87' lang='lat' dir='ltr'><strong>s.</strong></span> <span class='ocrx_word' id='word_1_114' title='bbox 745 1500 909 1548; x_wconf 88' lang='lat' dir='ltr'><strong>Crucis</strong></span> <span class='ocrx_word' id='word_1_115' title='bbox 931 1499 1187 1548; x_wconf 86' lang='lat' dir='ltr'><strong>celebravit</strong></span> <span class='ocrx_word' id='word_1_116' title='bbox 1207 1500 1405 1547; x_wconf 89' lang='lat' dir='ltr'><strong>missam</strong></span> <span class='ocrx_word' id='word_1_117' title='bbox 1428 1499 1695 1548; x_wconf 91' lang='lat' dir='ltr'><strong>solemnem</strong></span> <span class='ocrx_word' id='word_1_118' title='bbox 1715 1499 1765 1548; x_wconf 93' lang='lat' dir='ltr'><strong>in</strong></span> <span class='ocrx_word' id='word_1_119' title='bbox 1786 1499 1969 1563; x_wconf 88' lang='lat' dir='ltr'><strong>capella</strong></span> <span class='ocrx_word' id='word_1_120' title='bbox 1988 1515 2095 1563; x_wconf 88' lang='lat' dir='ltr'><strong>pre—</strong></span> 
     </span>
     <span class='ocr_line' id='line_1_16' title="bbox 325 1583 2089 1647; baseline 0.001 -16"><span class='ocrx_word' id='word_1_121' title='bbox 325 1583 438 1642; x_wconf 83' lang='lat' dir='ltr'><strong>fata,</strong></span> <span class='ocrx_word' id='word_1_122' title='bbox 469 1585 596 1646; x_wconf 87' lang='lat' dir='ltr'><strong>Papa</strong></span> <span class='ocrx_word' id='word_1_123' title='bbox 615 1587 855 1645; x_wconf 88' lang='lat' dir='ltr'><strong>presente.</strong></span> <span class='ocrx_word' id='word_1_124' title='bbox 889 1586 1172 1632; x_wconf 89' lang='lat' dir='ltr'><strong>Sermonem</strong></span> <span class='ocrx_word' id='word_1_125' title='bbox 1194 1584 1306 1632; x_wconf 88' lang='lat' dir='ltr'><strong>fecit</strong></span> <span class='ocrx_word' id='word_1_126' title='bbox 1327 1583 1558 1647; x_wconf 89' lang='lat' dir='ltr'><strong>repetitor</strong></span> <span class='ocrx_word' id='word_1_127' title='bbox 1576 1583 1860 1647; x_wconf 86' lang='lat' dir='ltr'><strong>paggiorum</strong></span> <span class='ocrx_word' id='word_1_128' title='bbox 1882 1583 2006 1631; x_wconf 85' lang='lat' dir='ltr'><strong>Rmi.</strong></span> <span class='ocrx_word' id='word_1_129' title='bbox 2033 1586 2089 1632; x_wconf 91' lang='lat' dir='ltr'><strong>D.</strong></span> 
     </span>
     <span class='ocr_line' id='line_1_17' title="bbox 327 1667 2094 1731; baseline -0.001 -16"><span class='ocrx_word' id='word_1_130' title='bbox 327 1667 582 1716; x_wconf 88' lang='lat' dir='ltr'><strong>cardinalis</strong></span> <span class='ocrx_word' id='word_1_131' title='bbox 605 1667 840 1726; x_wconf 90' lang='lat' dir='ltr'><strong>Perusini,</strong></span> <span class='ocrx_word' id='word_1_132' title='bbox 872 1667 1009 1716; x_wconf 91' lang='lat' dir='ltr'><strong>docte</strong></span> <span class='ocrx_word' id='word_1_133' title='bbox 1037 1668 1373 1731; x_wconf 90' lang='lat' dir='ltr'><strong>compositum,</strong></span> <span class='ocrx_word' id='word_1_134' title='bbox 1406 1671 1566 1716; x_wconf 87' lang='lat' dir='ltr'><strong>tamen</strong></span> <span class='ocrx_word' id='word_1_135' title='bbox 1585 1682 1684 1714; x_wconf 92' lang='lat' dir='ltr'><strong>non</strong></span> <span class='ocrx_word' id='word_1_136' title='bbox 1704 1670 1956 1729; x_wconf 89' lang='lat' dir='ltr'><strong>acceptum</strong></span> <span class='ocrx_word' id='word_1_137' title='bbox 1989 1682 2094 1714; x_wconf 89' lang='lat' dir='ltr'><strong>om—</strong></span> 
     </span>
     <span class='ocr_line' id='line_1_18' title="bbox 322 1745 2136 1815; baseline 0 -18"><span class='ocrx_word' id='word_1_138' title='bbox 322 1751 481 1809; x_wconf 90' lang='lat' dir='ltr'><strong>nibus,</strong></span> <span class='ocrx_word' id='word_1_139' title='bbox 519 1750 629 1813; x_wconf 92' lang='lat' dir='ltr'><strong>quia</strong></span> <span class='ocrx_word' id='word_1_140' title='bbox 661 1750 850 1798; x_wconf 90' lang='lat' dir='ltr'><strong>dicendi</strong></span> <span class='ocrx_word' id='word_1_141' title='bbox 885 1751 981 1799; x_wconf 90' lang='lat' dir='ltr'><strong>sive</strong></span> <span class='ocrx_word' id='word_1_142' title='bbox 1015 1750 1598 1815; x_wconf 33' lang='lat' dir='ltr'><strong>pronunciandissmodum</strong></span> <span class='ocrx_word' id='word_1_143' title='bbox 1630 1745 1728 1796; x_wconf 89' lang='lat' dir='ltr'><strong>non</strong></span> <span class='ocrx_word' id='word_1_144' title='bbox 1760 1748 1928 1797; x_wconf 89' lang='lat' dir='ltr'><strong>habuit</strong></span> <span class='ocrx_word' id='word_1_145' title='bbox 1961 1765 1971 1797; x_wconf 92' lang='lat'>:</span> <span class='ocrx_word' id='word_1_146' title='bbox 2003 1749 2096 1797; x_wconf 86' lang='lat' dir='ltr'><strong>alia</strong></span> <span class='ocrx_word' id='word_1_147' title='bbox 2133 1779 2136 1782; x_wconf 88' lang='lat'><strong>·</strong></span> 
     </span>
     <span class='ocr_line' id='line_1_19' title="bbox 324 1833 1039 1882; baseline 0.001 -1"><span class='ocrx_word' id='word_1_148' title='bbox 324 1849 458 1881; x_wconf 90' lang='lat' dir='ltr'><strong>more</strong></span> <span class='ocrx_word' id='word_1_149' title='bbox 481 1833 621 1881; x_wconf 93' lang='lat' dir='ltr'><strong>solito</strong></span> <span class='ocrx_word' id='word_1_150' title='bbox 643 1837 752 1881; x_wconf 93' lang='lat' dir='ltr'><strong>sunt</strong></span> <span class='ocrx_word' id='word_1_151' title='bbox 773 1833 1039 1882; x_wconf 83' lang='lat' dir='ltr'><strong>observata.</strong></span> 
     </span>
    </p>

    <p class='ocr_par' dir='ltr' id='par_1_5' title="bbox 320 1915 2094 3471">
     <span class='ocr_line' id='line_1_20' title="bbox 390 1915 2094 1975; baseline 0.001 -12"><span class='ocrx_word' id='word_1_152' title='bbox 390 1917 521 1975; x_wconf 90' lang='lat' dir='ltr'><strong>Heri,</strong></span> <span class='ocrx_word' id='word_1_153' title='bbox 555 1915 714 1964; x_wconf 91' lang='lat' dir='ltr'><strong>nullus</strong></span> <span class='ocrx_word' id='word_1_154' title='bbox 748 1918 1037 1965; x_wconf 88' lang='lat' dir='ltr'><strong>RRmorum.</strong></span> <span class='ocrx_word' id='word_1_155' title='bbox 1071 1920 1171 1965; x_wconf 91' lang='lat' dir='ltr'><strong>DD.</strong></span> <span class='ocrx_word' id='word_1_156' title='bbox 1201 1917 1516 1965; x_wconf 89' lang='lat' dir='ltr'><strong>cardinalium</strong></span> <span class='ocrx_word' id='word_1_157' title='bbox 1545 1917 1674 1965; x_wconf 93' lang='lat' dir='ltr'><strong>venit</strong></span> <span class='ocrx_word' id='word_1_158' title='bbox 1706 1916 1767 1964; x_wconf 91' lang='lat' dir='ltr'><strong>ad</strong></span> <span class='ocrx_word' id='word_1_159' title='bbox 1787 1917 1985 1964; x_wconf 91' lang='lat' dir='ltr'><strong>missam</strong></span> <span class='ocrx_word' id='word_1_160' title='bbox 2014 1932 2094 1964; x_wconf 93' lang='lat' dir='ltr'><strong>so-</strong></span> 
     </span>
     <span class='ocr_line' id='line_1_21' title="bbox 322 2000 2090 2064; baseline -0.001 -15"><span class='ocrx_word' id='word_1_161' title='bbox 322 2003 533 2049; x_wconf 89' lang='lat' dir='ltr'><strong>lemnem</strong></span> <span class='ocrx_word' id='word_1_162' title='bbox 572 2000 622 2047; x_wconf 91' lang='lat' dir='ltr'><strong>in</strong></span> <span class='ocrx_word' id='word_1_163' title='bbox 661 2000 844 2064; x_wconf 89' lang='lat' dir='ltr'><strong>capella</strong></span> <span class='ocrx_word' id='word_1_164' title='bbox 878 2001 1094 2064; x_wconf 89' lang='lat' dir='ltr'><strong>predicta</strong></span> <span class='ocrx_word' id='word_1_165' title='bbox 1130 2001 1451 2060; x_wconf 88' lang='lat' dir='ltr'><strong>celebratam;</strong></span> <span class='ocrx_word' id='word_1_166' title='bbox 1491 2005 1748 2063; x_wconf 88' lang='lat' dir='ltr'><strong>propterea</strong></span> <span class='ocrx_word' id='word_1_167' title='bbox 1787 2002 1870 2048; x_wconf 89' lang='lat' dir='ltr'><strong>SS.</strong></span> <span class='ocrx_word' id='word_1_168' title='bbox 1912 2003 1969 2048; x_wconf 93' lang='lat' dir='ltr'><strong>D.</strong></span> <span class='ocrx_word' id='word_1_169' title='bbox 2011 2002 2090 2059; x_wconf 90' lang='lat' dir='ltr'><strong>N.,</strong></span> 
     </span>
     <span class='ocr_line' id='line_1_22' title="bbox 322 2083 2091 2147; baseline -0.001 -15"><span class='ocrx_word' id='word_1_170' title='bbox 322 2085 469 2133; x_wconf 90' lang='lat' dir='ltr'><strong>missa</strong></span> <span class='ocrx_word' id='word_1_171' title='bbox 489 2084 639 2143; x_wconf 85' lang='lat' dir='ltr'><strong>finita,</strong></span> <span class='ocrx_word' id='word_1_172' title='bbox 671 2083 911 2131; x_wconf 89' lang='lat' dir='ltr'><strong>commisit</strong></span> <span class='ocrx_word' id='word_1_173' title='bbox 939 2089 989 2131; x_wconf 90' lang='lat' dir='ltr'><strong>ut</strong></span> <span class='ocrx_word' id='word_1_174' title='bbox 1011 2084 1131 2132; x_wconf 88' lang='lat' dir='ltr'><strong>irem</strong></span> <span class='ocrx_word' id='word_1_175' title='bbox 1159 2085 1219 2132; x_wconf 92' lang='lat' dir='ltr'><strong>ad</strong></span> <span class='ocrx_word' id='word_1_176' title='bbox 1247 2087 1450 2132; x_wconf 85' lang='lat' dir='ltr'><strong>RRmos.</strong></span> <span class='ocrx_word' id='word_1_177' title='bbox 1483 2085 1584 2131; x_wconf 88' lang='lat' dir='ltr'><strong>DD.</strong></span> <span class='ocrx_word' id='word_1_178' title='bbox 1611 2100 1649 2130; x_wconf 79' lang='lat' dir='ltr'><strong>S.</strong></span> <span class='ocrx_word' id='word_1_179' title='bbox 1674 2083 1861 2147; x_wconf 86' lang='lat' dir='ltr'><strong>Angeli,</strong></span> <span class='ocrx_word' id='word_1_180' title='bbox 1897 2083 2091 2131; x_wconf 86' lang='lat' dir='ltr'><strong>Ulixbo-</strong></span> 
     </span>
     <span class='ocr_line' id='line_1_23' title="bbox 322 2165 2088 2231; baseline -0.003 -15"><span class='ocrx_word' id='word_1_181' title='bbox 322 2183 540 2225; x_wconf 91' lang='lat' dir='ltr'><strong>nensem,</strong></span> <span class='ocrx_word' id='word_1_182' title='bbox 578 2170 960 2214; x_wconf 88' lang='lat' dir='ltr'><strong>Recanatensem</strong></span> <span class='ocrx_word' id='word_1_183' title='bbox 991 2168 1244 2231; x_wconf 84' lang='lat' dir='ltr'><strong>episcopos</strong></span> <span class='ocrx_word' id='word_1_184' title='bbox 1277 2167 1543 2215; x_wconf 87' lang='lat' dir='ltr'><strong>cardinales</strong></span> <span class='ocrx_word' id='word_1_185' title='bbox 1572 2171 1618 2215; x_wconf 92' lang='lat' dir='ltr'><strong>et</strong></span> <span class='ocrx_word' id='word_1_186' title='bbox 1646 2165 1713 2215; x_wconf 90' lang='lat' dir='ltr'><strong>eis</strong></span> <span class='ocrx_word' id='word_1_187' title='bbox 1741 2165 1954 2212; x_wconf 90' lang='lat' dir='ltr'><strong>dicerem</strong></span> <span class='ocrx_word' id='word_1_188' title='bbox 1983 2179 2088 2212; x_wconf 89' lang='lat' dir='ltr'><strong>esse</strong></span> 
     </span>
     <span class='ocr_line' id='line_1_24' title="bbox 322 2249 2086 2314; baseline -0.002 -16"><span class='ocrx_word' id='word_1_189' title='bbox 322 2251 532 2299; x_wconf 90' lang='lat' dir='ltr'><strong>dedecus</strong></span> <span class='ocrx_word' id='word_1_190' title='bbox 551 2250 677 2298; x_wconf 92' lang='lat' dir='ltr'><strong>sedis</strong></span> <span class='ocrx_word' id='word_1_191' title='bbox 696 2250 957 2313; x_wconf 90' lang='lat' dir='ltr'><strong>apostolice</strong></span> <span class='ocrx_word' id='word_1_192' title='bbox 979 2251 1176 2298; x_wconf 88' lang='lat' dir='ltr'><strong>missam</strong></span> <span class='ocrx_word' id='word_1_193' title='bbox 1195 2251 1436 2314; x_wconf 91' lang='lat' dir='ltr'><strong>publicam</strong></span> <span class='ocrx_word' id='word_1_194' title='bbox 1458 2255 1505 2299; x_wconf 93' lang='lat' dir='ltr'><strong>et</strong></span> <span class='ocrx_word' id='word_1_195' title='bbox 1527 2250 1795 2298; x_wconf 88' lang='lat' dir='ltr'><strong>solemnem</strong></span> <span class='ocrx_word' id='word_1_196' title='bbox 1815 2250 1863 2297; x_wconf 91' lang='lat' dir='ltr'><strong>in</strong></span> <span class='ocrx_word' id='word_1_197' title='bbox 1885 2249 2086 2312; x_wconf 89' lang='lat' dir='ltr'><strong>capella,</strong></span> 
     </span>
     <span class='ocr_line' id='line_1_25' title="bbox 322 2330 2087 2397; baseline -0.001 -17"><span class='ocrx_word' id='word_1_198' title='bbox 322 2338 545 2397; x_wconf 87' lang='lat' dir='ltr'><strong>presente</strong></span> <span class='ocrx_word' id='word_1_199' title='bbox 567 2335 694 2396; x_wconf 88' lang='lat' dir='ltr'><strong>Papa</strong></span> <span class='ocrx_word' id='word_1_200' title='bbox 724 2337 771 2380; x_wconf 94' lang='lat' dir='ltr'><strong>et</strong></span> <span class='ocrx_word' id='word_1_201' title='bbox 792 2333 995 2396; x_wconf 88' lang='lat' dir='ltr'><strong>collegio</strong></span> <span class='ocrx_word' id='word_1_202' title='bbox 1023 2336 1312 2382; x_wconf 88' lang='lat' dir='ltr'><strong>RRmorum.</strong></span> <span class='ocrx_word' id='word_1_203' title='bbox 1345 2337 1445 2381; x_wconf 92' lang='lat' dir='ltr'><strong>DD.</strong></span> <span class='ocrx_word' id='word_1_204' title='bbox 1478 2333 1811 2391; x_wconf 85' lang='lat' dir='ltr'><strong>cardinalium,</strong></span> <span class='ocrx_word' id='word_1_205' title='bbox 1835 2330 2087 2391; x_wconf 86' lang='lat' dir='ltr'><strong>celebrari,</strong></span> 
     </span>
     <span class='ocr_line' id='line_1_26' title="bbox 324 2414 2091 2479; baseline -0.002 -15"><span class='ocrx_word' id='word_1_206' title='bbox 324 2416 546 2464; x_wconf 90' lang='lat' dir='ltr'><strong>omnibus</strong></span> <span class='ocrx_word' id='word_1_207' title='bbox 569 2416 807 2479; x_wconf 90' lang='lat' dir='ltr'><strong>episcopis</strong></span> <span class='ocrx_word' id='word_1_208' title='bbox 836 2415 1155 2463; x_wconf 88' lang='lat' dir='ltr'><strong>cardinalibus</strong></span> <span class='ocrx_word' id='word_1_209' title='bbox 1177 2416 1474 2474; x_wconf 90' lang='lat' dir='ltr'><strong>absentibus,</strong></span> <span class='ocrx_word' id='word_1_210' title='bbox 1508 2415 1716 2463; x_wconf 87' lang='lat' dir='ltr'><strong>maxime</strong></span> <span class='ocrx_word' id='word_1_211' title='bbox 1738 2430 1848 2462; x_wconf 90' lang='lat' dir='ltr'><strong>cum</strong></span> <span class='ocrx_word' id='word_1_212' title='bbox 1870 2429 1997 2462; x_wconf 91' lang='lat' dir='ltr'><strong>nunc</strong></span> <span class='ocrx_word' id='word_1_213' title='bbox 2027 2414 2091 2462; x_wconf 89' lang='lat' dir='ltr'><strong>ibi</strong></span> 
     </span>
     <span class='ocr_line' id='line_1_27' title="bbox 325 2497 2093 2560; baseline -0.002 -13"><span class='ocrx_word' id='word_1_214' title='bbox 325 2504 453 2547; x_wconf 91' lang='lat' dir='ltr'><strong>esset</strong></span> <span class='ocrx_word' id='word_1_215' title='bbox 474 2499 821 2546; x_wconf 88' lang='lat' dir='ltr'><strong>illustrissimus</strong></span> <span class='ocrx_word' id='word_1_216' title='bbox 844 2502 901 2547; x_wconf 88' lang='lat' dir='ltr'><strong>D.</strong></span> <span class='ocrx_word' id='word_1_217' title='bbox 927 2499 1019 2548; x_wconf 89' lang='lat' dir='ltr'><strong>dux</strong></span> <span class='ocrx_word' id='word_1_218' title='bbox 1043 2499 1326 2547; x_wconf 90' lang='lat' dir='ltr'><strong>Stetinensis</strong></span> <span class='ocrx_word' id='word_1_219' title='bbox 1351 2498 1573 2558; x_wconf 78' lang='lat' dir='ltr'><strong>forensis,</strong></span> <span class='ocrx_word' id='word_1_220' title='bbox 1599 2502 1662 2556; x_wconf 92' lang='lat' dir='ltr'><strong>et,</strong></span> <span class='ocrx_word' id='word_1_221' title='bbox 1689 2498 1725 2545; x_wconf 92' lang='lat' dir='ltr'><strong>si</strong></span> <span class='ocrx_word' id='word_1_222' title='bbox 1747 2497 1866 2544; x_wconf 92' lang='lat' dir='ltr'><strong>mihi</strong></span> <span class='ocrx_word' id='word_1_223' title='bbox 1891 2512 2093 2560; x_wconf 91' lang='lat' dir='ltr'><strong>respon-</strong></span> 
     </span>
     <span class='ocr_line' id='line_1_28' title="bbox 325 2579 2094 2645; baseline -0.002 -16"><span class='ocrx_word' id='word_1_224' title='bbox 325 2583 508 2631; x_wconf 92' lang='lat' dir='ltr'><strong>dissent</strong></span> <span class='ocrx_word' id='word_1_225' title='bbox 538 2598 589 2630; x_wconf 88' lang='lat' dir='ltr'><strong>se</strong></span> <span class='ocrx_word' id='word_1_226' title='bbox 618 2582 772 2630; x_wconf 87' lang='lat' dir='ltr'><strong>fessos</strong></span> <span class='ocrx_word' id='word_1_227' title='bbox 800 2598 905 2630; x_wconf 87' lang='lat' dir='ltr'><strong>esse</strong></span> <span class='ocrx_word' id='word_1_228' title='bbox 932 2598 1017 2630; x_wconf 90' lang='lat' dir='ltr'><strong>seu</strong></span> <span class='ocrx_word' id='word_1_229' title='bbox 1044 2581 1167 2629; x_wconf 82' lang='lat' dir='ltr'><strong>male</strong></span> <span class='ocrx_word' id='word_1_230' title='bbox 1202 2581 1458 2645; x_wconf 92' lang='lat' dir='ltr'><strong>dispositos</strong></span> <span class='ocrx_word' id='word_1_231' title='bbox 1493 2597 1552 2629; x_wconf 88' lang='lat' dir='ltr'><strong>ex</strong></span> <span class='ocrx_word' id='word_1_232' title='bbox 1580 2581 1728 2628; x_wconf 87' lang='lat' dir='ltr'><strong>missa</strong></span> <span class='ocrx_word' id='word_1_233' title='bbox 1757 2584 1804 2628; x_wconf 92' lang='lat' dir='ltr'><strong>et</strong></span> <span class='ocrx_word' id='word_1_234' title='bbox 1826 2579 1985 2628; x_wconf 81' lang='lat' dir='ltr'><strong>officio</strong></span> <span class='ocrx_word' id='word_1_235' title='bbox 2011 2595 2094 2628; x_wconf 86' lang='lat' dir='ltr'><strong>ex-</strong></span> 
     </span>
     <span class='ocr_line' id='line_1_29' title="bbox 324 2663 2093 2729; baseline -0.001 -15"><span class='ocrx_word' id='word_1_236' title='bbox 324 2671 462 2714; x_wconf 87' lang='lat' dir='ltr'><strong>terno</strong></span> <span class='ocrx_word' id='word_1_237' title='bbox 492 2665 694 2728; x_wconf 87' lang='lat' dir='ltr'><strong>prolixo,</strong></span> <span class='ocrx_word' id='word_1_238' title='bbox 731 2665 822 2712; x_wconf 91' lang='lat' dir='ltr'><strong>illis</strong></span> <span class='ocrx_word' id='word_1_239' title='bbox 854 2665 1198 2729; x_wconf 88' lang='lat' dir='ltr'><strong>responderem</strong></span> <span class='ocrx_word' id='word_1_240' title='bbox 1228 2665 1492 2713; x_wconf 83' lang='lat' dir='ltr'><strong>Sanctitam</strong></span> <span class='ocrx_word' id='word_1_241' title='bbox 1528 2680 1663 2712; x_wconf 89' lang='lat' dir='ltr'><strong>suam</strong></span> <span class='ocrx_word' id='word_1_242' title='bbox 1694 2680 1785 2727; x_wconf 88' lang='lat' dir='ltr'><strong>que</strong></span> <span class='ocrx_word' id='word_1_243' title='bbox 1817 2663 2014 2711; x_wconf 87' lang='lat' dir='ltr'><strong>missam</strong></span> <span class='ocrx_word' id='word_1_244' title='bbox 2046 2668 2093 2712; x_wconf 89' lang='lat' dir='ltr'><strong>et</strong></span> 
     </span>
     <span class='ocr_line' id='line_1_30' title="bbox 325 2748 2092 2812; baseline -0.001 -18"><span class='ocrx_word' id='word_1_245' title='bbox 325 2749 535 2796; x_wconf 87' lang='lat' dir='ltr'><strong>officium</strong></span> <span class='ocrx_word' id='word_1_246' title='bbox 557 2749 824 2812; x_wconf 89' lang='lat' dir='ltr'><strong>peregisset</strong></span> <span class='ocrx_word' id='word_1_247' title='bbox 845 2754 893 2797; x_wconf 91' lang='lat' dir='ltr'><strong>et</strong></span> <span class='ocrx_word' id='word_1_248' title='bbox 913 2749 1070 2811; x_wconf 92' lang='lat' dir='ltr'><strong>ipsum</strong></span> <span class='ocrx_word' id='word_1_249' title='bbox 1092 2748 1229 2796; x_wconf 88' lang='lat' dir='ltr'><strong>annis</strong></span> <span class='ocrx_word' id='word_1_250' title='bbox 1250 2752 1298 2796; x_wconf 90' lang='lat' dir='ltr'><strong>et</strong></span> <span class='ocrx_word' id='word_1_251' title='bbox 1316 2748 1450 2796; x_wconf 91' lang='lat' dir='ltr'><strong>senio</strong></span> <span class='ocrx_word' id='word_1_252' title='bbox 1471 2753 1715 2811; x_wconf 89' lang='lat' dir='ltr'><strong>gravatum</strong></span> <span class='ocrx_word' id='word_1_253' title='bbox 1737 2763 1843 2796; x_wconf 92' lang='lat' dir='ltr'><strong>esse</strong></span> <span class='ocrx_word' id='word_1_254' title='bbox 1865 2752 1912 2796; x_wconf 93' lang='lat' dir='ltr'><strong>et</strong></span> <span class='ocrx_word' id='word_1_255' title='bbox 1935 2752 2092 2794; x_wconf 87' lang='lat' dir='ltr'><strong>tamen</strong></span> 
     </span>
     <span class='ocr_line' id='line_1_31' title="bbox 326 2829 2091 2893; baseline -0.001 -16"><span class='ocrx_word' id='word_1_256' title='bbox 326 2846 519 2893; x_wconf 87' lang='lat' dir='ltr'><strong>semper</strong></span> <span class='ocrx_word' id='word_1_257' title='bbox 537 2831 827 2890; x_wconf 87' lang='lat' dir='ltr'><strong>interfuisse,</strong></span> <span class='ocrx_word' id='word_1_258' title='bbox 850 2846 1008 2879; x_wconf 89' lang='lat' dir='ltr'><strong>nonne</strong></span> <span class='ocrx_word' id='word_1_259' title='bbox 1031 2831 1202 2878; x_wconf 88' lang='lat' dir='ltr'><strong>merito</strong></span> <span class='ocrx_word' id='word_1_260' title='bbox 1225 2831 1376 2893; x_wconf 88' lang='lat' dir='ltr'><strong>magis</strong></span> <span class='ocrx_word' id='word_1_261' title='bbox 1396 2831 1485 2893; x_wconf 93' lang='lat' dir='ltr'><strong>ipsi</strong></span> <span class='ocrx_word' id='word_1_262' title='bbox 1511 2830 1775 2878; x_wconf 87' lang='lat' dir='ltr'><strong>cardinales</strong></span> <span class='ocrx_word' id='word_1_263' title='bbox 1798 2844 1885 2893; x_wconf 88' lang='lat' dir='ltr'><strong>pro</strong></span> <span class='ocrx_word' id='word_1_264' title='bbox 1905 2829 2091 2876; x_wconf 89' lang='lat' dir='ltr'><strong>honore</strong></span> 
     </span>
     <span class='ocr_line' id='line_1_32' title="bbox 325 2912 2091 2977; baseline 0.001 -18"><span class='ocrx_word' id='word_1_265' title='bbox 325 2913 451 2960; x_wconf 87' lang='lat' dir='ltr'><strong>dicte</strong></span> <span class='ocrx_word' id='word_1_266' title='bbox 485 2913 611 2961; x_wconf 90' lang='lat' dir='ltr'><strong>sedis</strong></span> <span class='ocrx_word' id='word_1_267' title='bbox 645 2917 690 2961; x_wconf 85' lang='lat' dir='ltr'><strong>et</strong></span> <span class='ocrx_word' id='word_1_268' title='bbox 722 2913 783 2960; x_wconf 92' lang='lat' dir='ltr'><strong>ad</strong></span> <span class='ocrx_word' id='word_1_269' title='bbox 809 2913 999 2960; x_wconf 89' lang='lat' dir='ltr'><strong>laudem</strong></span> <span class='ocrx_word' id='word_1_270' title='bbox 1032 2918 1079 2960; x_wconf 86' lang='lat' dir='ltr'><strong>et</strong></span> <span class='ocrx_word' id='word_1_271' title='bbox 1108 2914 1308 2976; x_wconf 89' lang='lat' dir='ltr'><strong>gloriam</strong></span> <span class='ocrx_word' id='word_1_272' title='bbox 1328 2912 1683 2977; x_wconf 76' lang='lat' dir='ltr'><strong>[omnipotentis</strong></span> <span class='ocrx_word' id='word_1_273' title='bbox 1717 2913 1803 2961; x_wconf 92' lang='lat' dir='ltr'><strong>Dei</strong></span> <span class='ocrx_word' id='word_1_274' title='bbox 1834 2917 1880 2960; x_wconf 88' lang='lat' dir='ltr'><strong>et</strong></span> <span class='ocrx_word' id='word_1_275' title='bbox 1911 2913 2091 2960; x_wconf 90' lang='lat' dir='ltr'><strong>bonum</strong></span> 
     </span>
     <span class='ocr_line' id='line_1_33' title="bbox 326 2993 2092 3060; baseline 0.002 -19"><span class='ocrx_word' id='word_1_276' title='bbox 326 2994 598 3058; x_wconf 90' lang='lat' dir='ltr'><strong>exemplum</strong></span> <span class='ocrx_word' id='word_1_277' title='bbox 629 2993 845 3042; x_wconf 88' lang='lat' dir='ltr'><strong>fidelium</strong></span> <span class='ocrx_word' id='word_1_278' title='bbox 882 2994 1273 3042; x_wconf 84' lang='lat' dir='ltr'><strong>interessentium</strong></span> <span class='ocrx_word' id='word_1_279' title='bbox 1303 2995 1577 3043; x_wconf 82' lang='lat' dir='ltr'><strong>interfuisse</strong></span> <span class='ocrx_word' id='word_1_280' title='bbox 1607 2995 1915 3044; x_wconf 79' lang='lat' dir='ltr'><strong>debuissent?</strong></span> <span class='ocrx_word' id='word_1_281' title='bbox 1943 2998 2092 3060; x_wconf 89' lang='lat' dir='ltr'><strong>Prop-</strong></span> 
     </span>
     <span class='ocr_line' id='line_1_34' title="bbox 323 3077 2091 3142; baseline 0.001 -18"><span class='ocrx_word' id='word_1_282' title='bbox 323 3081 457 3125; x_wconf 85' lang='lat' dir='ltr'><strong>terea</strong></span> <span class='ocrx_word' id='word_1_283' title='bbox 492 3092 576 3125; x_wconf 90' lang='lat' dir='ltr'><strong>eos</strong></span> <span class='ocrx_word' id='word_1_284' title='bbox 614 3077 927 3125; x_wconf 90' lang='lat' dir='ltr'><strong>admonerem</strong></span> <span class='ocrx_word' id='word_1_285' title='bbox 967 3077 1025 3124; x_wconf 90' lang='lat' dir='ltr'><strong>ad</strong></span> <span class='ocrx_word' id='word_1_286' title='bbox 1063 3077 1351 3126; x_wconf 83' lang='lat' dir='ltr'><strong>veniendum</strong></span> <span class='ocrx_word' id='word_1_287' title='bbox 1387 3078 1615 3141; x_wconf 89' lang='lat' dir='ltr'><strong>deinceps</strong></span> <span class='ocrx_word' id='word_1_288' title='bbox 1655 3083 1706 3126; x_wconf 89' lang='lat' dir='ltr'><strong>ut</strong></span> <span class='ocrx_word' id='word_1_289' title='bbox 1745 3078 1863 3126; x_wconf 89' lang='lat' dir='ltr'><strong>ordo</strong></span> <span class='ocrx_word' id='word_1_290' title='bbox 1904 3078 2091 3142; x_wconf 89' lang='lat' dir='ltr'><strong>collegii</strong></span> 
     </span>
     <span class='ocr_line' id='line_1_35' title="bbox 325 3159 2093 3226; baseline 0.002 -19"><span class='ocrx_word' id='word_1_291' title='bbox 325 3160 592 3223; x_wconf 88' lang='lat' dir='ltr'><strong>completus</strong></span> <span class='ocrx_word' id='word_1_292' title='bbox 613 3159 843 3208; x_wconf 84' lang='lat' dir='ltr'><strong>videatur.</strong></span> <span class='ocrx_word' id='word_1_293' title='bbox 875 3162 985 3208; x_wconf 91' lang='lat' dir='ltr'><strong>Feci</strong></span> <span class='ocrx_word' id='word_1_294' title='bbox 1009 3161 1177 3209; x_wconf 89' lang='lat' dir='ltr'><strong>eadem</strong></span> <span class='ocrx_word' id='word_1_295' title='bbox 1207 3161 1300 3221; x_wconf 80' lang='lat' dir='ltr'><strong>die,</strong></span> <span class='ocrx_word' id='word_1_296' title='bbox 1331 3162 1531 3224; x_wconf 89' lang='lat' dir='ltr'><strong>prandio</strong></span> <span class='ocrx_word' id='word_1_297' title='bbox 1553 3167 1764 3226; x_wconf 89' lang='lat' dir='ltr'><strong>peracto,</strong></span> <span class='ocrx_word' id='word_1_298' title='bbox 1795 3162 1925 3225; x_wconf 91' lang='lat' dir='ltr'><strong>quod</strong></span> <span class='ocrx_word' id='word_1_299' title='bbox 1945 3165 2093 3211; x_wconf 88' lang='lat' dir='ltr'><strong>Sanc-</strong></span> 
     </span>
     <span class='ocr_line' id='line_1_36' title="bbox 323 3242 2090 3303; baseline 0.003 -14"><span class='ocrx_word' id='word_1_300' title='bbox 323 3243 429 3290; x_wconf 88' lang='lat' dir='ltr'><strong>titas</strong></span> <span class='ocrx_word' id='word_1_301' title='bbox 451 3242 568 3290; x_wconf 90' lang='lat' dir='ltr'><strong>mihi</strong></span> <span class='ocrx_word' id='word_1_302' title='bbox 591 3243 923 3303; x_wconf 89' lang='lat' dir='ltr'><strong>commiserat;</strong></span> <span class='ocrx_word' id='word_1_303' title='bbox 952 3248 999 3291; x_wconf 86' lang='lat' dir='ltr'><strong>et</strong></span> <span class='ocrx_word' id='word_1_304' title='bbox 1019 3243 1164 3292; x_wconf 92' lang='lat' dir='ltr'><strong>hodie</strong></span> <span class='ocrx_word' id='word_1_305' title='bbox 1184 3248 1414 3291; x_wconf 87' lang='lat' dir='ltr'><strong>venerunt</strong></span> <span class='ocrx_word' id='word_1_306' title='bbox 1436 3244 1582 3292; x_wconf 87' lang='lat' dir='ltr'><strong>iidem</strong></span> <span class='ocrx_word' id='word_1_307' title='bbox 1611 3245 1774 3293; x_wconf 90' lang='lat' dir='ltr'><strong>RRmi.</strong></span> <span class='ocrx_word' id='word_1_308' title='bbox 1807 3249 1907 3294; x_wconf 92' lang='lat' dir='ltr'><strong>DD.</strong></span> <span class='ocrx_word' id='word_1_309' title='bbox 1933 3244 2090 3294; x_wconf 89' lang='lat' dir='ltr'><strong>cardi-</strong></span> 
     </span>
     <span class='ocr_line' id='line_1_37' title="bbox 322 3325 2090 3390; baseline 0.002 -18"><span class='ocrx_word' id='word_1_310' title='bbox 322 3325 455 3372; x_wconf 89' lang='lat' dir='ltr'><strong>nales</strong></span> <span class='ocrx_word' id='word_1_311' title='bbox 489 3326 700 3390; x_wconf 89' lang='lat' dir='ltr'><strong>episcopi</strong></span> <span class='ocrx_word' id='word_1_312' title='bbox 731 3326 792 3375; x_wconf 90' lang='lat' dir='ltr'><strong>ad</strong></span> <span class='ocrx_word' id='word_1_313' title='bbox 825 3343 944 3390; x_wconf 91' lang='lat' dir='ltr'><strong>quos</strong></span> <span class='ocrx_word' id='word_1_314' title='bbox 982 3327 1218 3375; x_wconf 83' lang='lat' dir='ltr'><strong>Sanctitas</strong></span> <span class='ocrx_word' id='word_1_315' title='bbox 1253 3343 1338 3375; x_wconf 90' lang='lat' dir='ltr'><strong>sua</strong></span> <span class='ocrx_word' id='word_1_316' title='bbox 1364 3344 1441 3375; x_wconf 91' lang='lat' dir='ltr'><strong>me</strong></span> <span class='ocrx_word' id='word_1_317' title='bbox 1478 3329 1697 3388; x_wconf 88' lang='lat' dir='ltr'><strong>miserat;</strong></span> <span class='ocrx_word' id='word_1_318' title='bbox 1737 3333 1784 3377; x_wconf 96' lang='lat' dir='ltr'><strong>et</strong></span> <span class='ocrx_word' id='word_1_319' title='bbox 1816 3329 1960 3377; x_wconf 82' lang='lat' dir='ltr'><strong>misse</strong></span> <span class='ocrx_word' id='word_1_320' title='bbox 1996 3343 2090 3376; x_wconf 84' lang='lat' dir='ltr'><strong>una</strong></span> 
     </span>
     <span class='ocr_line' id='line_1_38' title="bbox 320 3407 1824 3471; baseline 0.001 -16"><span class='ocrx_word' id='word_1_321' title='bbox 320 3407 465 3471; x_wconf 77' lang='lat' dir='ltr'><strong>[cum]</strong></span> <span class='ocrx_word' id='word_1_322' title='bbox 490 3408 748 3457; x_wconf 87' lang='lat' dir='ltr'><strong>Sanctitate</strong></span> <span class='ocrx_word' id='word_1_323' title='bbox 772 3425 857 3458; x_wconf 89' lang='lat' dir='ltr'><strong>sua</strong></span> <span class='ocrx_word' id='word_1_324' title='bbox 882 3415 928 3458; x_wconf 87' lang='lat' dir='ltr'><strong>et</strong></span> <span class='ocrx_word' id='word_1_325' title='bbox 954 3409 1126 3457; x_wconf 89' lang='lat' dir='ltr'><strong>ceteris</strong></span> <span class='ocrx_word' id='word_1_326' title='bbox 1149 3410 1467 3458; x_wconf 87' lang='lat' dir='ltr'><strong>cardinalibus</strong></span> <span class='ocrx_word' id='word_1_327' title='bbox 1490 3410 1824 3459; x_wconf 76' lang='lat' dir='ltr'><strong>interfuerunt.</strong></span> 
     </span>
    </p>
   </div>
  </div>
 </body>
</html>
