2202 3926
295 345 342 383 44
906 342 1139 381 JOHANNlS
1173 344 1472 392 BURCHARDI,
1852 348 1970 389 Ι[ΜὶῑῐῈ
1994 352 2088 394 1493]

297 453 423 502 facta
451 452 562 498 ante
587 448 754 508 altare,
786 447 1068 497 solemniter
1095 448 1407 500 benedicere.
1444 450 1690 515 Respondi
1720 453 1972 502 Sanctitati
2000 468 2082 501 sue

296 533 456 582 minus
488 532 749 582 'convenire
788 548 845 582 ac
876 532 1074 581 omnino
1107 537 1242 582 extra
1276 534 1571 582 ordinarium
1601 550 1727 595 esse,
1752 552 1839 600 pro
1869 552 1927 584 eo
1958 536 2088 600 quod

296 616 434 676 nihil,
458 615 681 665 videlicet
702 630 860 679 neque
892 615 1040 663 missa
1066 631 1223 679 neque
1251 633 1472 681 vespere,
1501 617 1575 665 vel
1604 617 1719 680 quid
1750 618 1904 668 simile
1935 620 2087 669 bene-

297 700 558 750 dictionem
587 700 740 764 ipsam
771 699 1073 763 precederet.
1108 699 1214 747 Dixi
1242 703 1466 763 preterea
1493 700 1745 749 Sanctitati
1775 718 1879 762 sue,
1903 703 2085 752 bonum

298 789 344 834 et
367 784 640 847 regularem
663 783 884 832 ordinem
905 781 1179 831 institutum
1203 786 1381 848 Papam
1404 784 1506 832 sine
1533 784 1676 833 mitra
1697 786 1932 848 equitare,
1956 788 2085 851 quod

298 867 564 917 cardinales
586 868 747 931 ipsum
770 866 905 931 sequi
937 866 1162 927 debeant,
1188 868 1410 931 quodque
1439 868 1598 917 minus
1627 870 1880 920 conveniat
1907 870 2085 936 Papam

296 959 514 1017 tempore
537 950 942 1015 quadragesimali
964 951 1011 999 in
1033 951 1234 1015 capucio
1263 951 1371 1000 albo
1397 956 1442 1002 et
1465 952 1586 1001 stola
1605 953 1826 1016 preciosa
1846 953 2080 1017 equitare,

299 1037 385 1086 sed
411 1036 459 1085 in
482 1035 717 1101 capucino
749 1035 899 1085 rubeo
932 1039 979 1084 et
1010 1035 1130 1084 stola
1161 1034 1368 1086 violatia.
1404 1036 1670 1101 Respondit
1703 1038 1822 1086 mihi
1845 1038 2085 1087 Sanctitas

266 1148 269 1151 >
299 1136 385 1168 sua
419 1119 548 1183 quod
588 1119 730 1167 vellet
765 1119 1032 1167 cardinales
1069 1118 1226 1183 ipsum
1259 1121 1523 1184 precedere
1558 1127 1604 1172 et
1633 1139 1730 1171 non
1763 1125 1898 1189 sequi
1939 1129 1984 1174 et
2018 1125 2084 1174 uti

299 1203 500 1268 capucio
535 1203 664 1264 albo,
708 1219 807 1253 non
840 1204 992 1253 rubeo
1029 1219 1187 1266 neque
1229 1204 1351 1254 stola
1378 1204 1593 1266 violatia,
1635 1206 1721 1256 sed
1758 1207 2086 1271 pulcherrima

297 1287 443 1351 perlis
466 1290 650 1336 ornata.
674 1289 872 1336 Paratus
891 1287 1035 1352 igitur
1056 1287 1117 1337 ad
1132 1287 1429 1357 voluntatem
1448 1304 1584 1338 suam
1602 1289 1652 1338 in
1671 1305 1865 1340 camera
1880 1296 2083 1350 secreta,

298 1371 427 1421 venit
447 1371 497 1420 in
524 1387 769 1421 cameram
795 1373 1053 1437 papagalli,
1088 1372 1186 1433 ubi,
1219 1372 1384 1423 habito
1412 1390 1500 1438 per
1529 1390 1672 1423 unam
1700 1375 1872 1425 horam
1900 1376 2086 1425 consis-

301 1457 443 1515 tori0,
481 1457 700 1507 ascendit
744 1472 922 1520 equum
968 1457 1130 1506 album
1173 1461 1475 1522 coopertum,
1516 1459 1575 1508 de
1612 1459 1772 1509 veluto
1813 1461 2086 1510 cremesino

302 1544 524 1589 ornatum
544 1546 592 1590 et
612 1541 985 1606 precedentibus
1007 1557 1150 1591 cruce
1173 1546 1220 1590 et
1242 1542 1584 1600 cardinalibus,
1612 1544 1928 1607 sequentibus
1950 1546 2086 1595 cubi-

301 1625 494 1675 culariis
513 1626 732 1685 secretis,
757 1626 931 1674 mediis
953 1625 1288 1675 assistentibus
1311 1642 1366 1675 ac
1389 1626 1492 1675 aliis
1513 1628 1729 1691 prelatis,
1763 1645 1899 1678 more
1922 1629 2081 1687 solito,

301 1710 431 1759 venit
453 1709 514 1758 ad
535 1725 760 1774 campum
781 1709 938 1769 Flore,
969 1709 1180 1772 plateam
1209 1712 1231 1757 J
1239 1710 1491 1771 udeorum,
1524 1711 1720 1760 domum
1749 1713 2005 1762 cardinalis
2026 1715 2086 1763 de

303 1794 523 1854 SabelliS,
548 1794 807 1845 ecclesiam
830 1797 994 1842 sancte
1016 1793 1166 1841 Marie
1196 1793 1254 1842 de
1277 1794 1627 1855 consolatione,
1653 1796 1911 1845 ecclesiam
1933 1798 2085 1846 sancti

300 1878 515 1938 Adriani,
546 1877 607 1926 ad
636 1877 1081 1928 sanctamMariam
1109 1877 1363 1940 majorem,
1398 1878 1479 1925 ubi
1509 1884 1642 1927 extra
1664 1885 1852 1943 portam
1881 1880 2085 1929 ecclesie

300 1978 464 2010 versus
505 1965 720 2010 sanctam
763 1960 1098 2010 Potentianam
1134 1960 1560 2024 processionaliter
1604 1979 1693 2027 per
1734 1963 1916 2013 clerum
1958 1964 2084 2013 illius

300 2046 495 2095 basilice
517 2053 738 2112 receptus
767 2048 871 2096 fuit.
910 2049 1036 2095 Crux
1061 2062 1147 2110 per
1179 2045 1473 2095 cardinalem
1501 2047 1560 2094 de
1587 2047 1788 2095 Sabellis
1818 2047 2087 2112 archipres-

216 2132 221 2137 ’
298 2129 520 2194 byterum
543 2131 763 2195 ejusdem
794 2131 992 2179 basilice
1018 2130 1106 2178 sibi
1127 2134 1353 2194 porrecta
1380 2130 1658 2191 osculanda,
1683 2131 1813 2179 clero
1838 2135 2078 2191 cantante,

296 2214 423 2262 Eece
463 2215 676 2263 sacerdos
716 2230 921 2278 maynus
966 2221 1071 2271 ete„
1117 2213 1245 2262 facta
1284 2213 1502 2262 oratione
1550 2213 1598 2262 in
1639 2214 1903 2264 faldistorio
1951 2219 2085 2264 extra

298 2297 445 2346 altare
469 2298 558 2347 sibi
578 2302 765 2362 parat0,
787 2297 992 2346 accessit
1010 2296 1070 2345 ad
1091 2296 1259 2356 altare,
1285 2295 1529 2344 osculatus
1552 2299 1624 2345 est
1645 2297 1778 2357 illud,
1804 2302 1851 2346 et
1875 2297 2085 2361 desuper

297 2382 469 2430 obtulit
499 2382 701 2430 ducatos
732 2382 780 2429 in
812 2397 929 2429 auro
964 2381 1153 2440 decem,
1190 2395 1268 2428 me
1291 2380 1542 2429 Sanctitati
1577 2397 1661 2429 sue
1700 2381 1748 2429 id
1781 2374 2082 2431 commemo-

298 2468 452 2512 rante.
479 2463 684 2523 Deinde,
719 2463 830 2526 quia
860 2463 928 2511 sic
954 2464 1117 2524 voluit,
1148 2464 1327 2528 populo
1352 2464 1636 2514 solemniter
1660 2466 1923 2526 benedixit,
1953 2470 2082 2516 stans

295 2548 355 2597 ad
387 2547 621 2611 populum
657 2563 840 2607 versus,
884 2563 1027 2595 cruce
1069 2547 1270 2596 inferius
1317 2552 1426 2596 ante
1462 2549 1623 2613 ipsum
1651 2553 1810 2616 tenta,
1851 2553 1994 2613 prout
2033 2550 2082 2599 in

296 2631 494 2680 basilica
528 2631 679 2680 sancti
713 2631 842 2680 Petri
875 2630 1184 2691 observatur;
1221 2632 1438 2680 ascendit
1467 2633 1640 2682 deinde
1671 2633 1920 2697 palatium,
1957 2634 2081 2683 facta

298 2713 429 2776 prius
453 2712 671 2762 oratione
705 2718 815 2762 ante
843 2712 1105 2778 imaginem
1129 2714 1268 2763 beate
1305 2715 1455 2763 Marie
1483 2715 1679 2779 virginis
1712 2732 1800 2780 per
1832 2733 1872 2764 s.
1903 2719 2082 2765 Lucam

296 2797 537 2861 depictam
561 2796 643 2861 (1),
669 2796 769 2856 ubi,
790 2799 891 2847 viso
915 2813 1062 2862 opere
1085 2803 1243 2863 ceptO,
1275 2799 1416 2849 rediit
1437 2799 1496 2850 ad
1522 2800 1769 2850 basilicam
1791 2802 2076 2865 predictam.

341 2946 375 2983 1.
405 2945 433 2982 Il
453 2945 562 2994 s’agit
582 2946 626 2982 de
647 2946 681 2983 la
705 2949 835 2994 Vierye
855 2951 877 2984 ὰ
898 2950 1066 2994 l'Enfant
1085 2950 1189 2985 Jesus
1215 2947 1337 2996 peinte
1363 2958 1429 2995 par
1454 2947 1552 2983 Luca
1579 2948 1707 2993 Santo,
1729 2948 1790 2996 qui
1816 2948 1925 2985 vivait
1950 2951 1971 2985 a
1996 2949 2078 2986 Flo-

293 3017 398 3043 rence
419 3017 465 3041 au
484 3011 537 3042 211⁰
559 3005 682 3042 siecle.
711 3007 897 3043 Burchard
918 3020 963 3045 ne
991 3007 1056 3046 fait
1082 3019 1152 3055 que
1177 3007 1298 3043 suivre
1327 3006 1500 3054 l’opinion
1522 3007 1565 3043 de
1587 3018 1654 3044 son
1673 3011 1792 3055 temps
1813 3008 1875 3056 qui
1896 3008 2083 3047 attribuait

293 3068 384 3102 cette
404 3064 571 3112 peinture
591 3067 613 3102 a
632 3064 884 3115 l'evangeliste
912 3067 1008 3103 saint
1034 3067 1122 3104 Luc.
1151 3066 1252 3103 Cette
1280 3077 1415 3111 erreur,
1440 3069 1652 3102 entretenue
1678 3077 1743 3114 par
1768 3065 1821 3102 les
1849 3066 1955 3103 ecrits
1977 3067 2079 3105 d'au-

292 3130 391 3162 teurs
411 3124 574 3171 estimes,
594 3123 663 3163 tels
683 3136 754 3173 que
774 3125 965 3171 Panvinio‚
988 3128 1037 3163 De
1052 3127 1255 3174 praecipuis
1276 3126 1378 3162 urbis
1397 3126 1517 3162 Romae
1536 3127 1850 3173 sanctioribusque
1871 3128 2076 3166 basilicis...

292 3185 429 3231 Romae,
453 3185 559 3229 1570,
592 3183 688 3231 in-8,
721 3197 759 3233 p.
793 3185 890 3231 243;
926 3184 1041 3222 Paulo
1074 3186 1117 3221 de
1137 3185 1302 3233 Angelis,
1331 3186 1499 3221 Basilicae
1532 3185 1674 3222 Sanctae
1701 3188 1829 3222 Μανία]
1854 3189 2009 3234 MaJ'oris
2035 3189 2079 3224 de

295 3246 431 3284 Urbe...
467 3247 692 3292 descripti&
720 3245 862 3290 Romae,
885 3245 991 3290 1621,
1012 3244 1090 3290 fol.‚
1111 3244 1170 3282 liv.
1199 3244 1281 3290 XII,
1304 3244 1362 3282 ch.
1396 3258 1420 3290 1,
1450 3248 1535 3289 etc.‚
1558 3244 1612 3281 sut
1642 3245 1778 3282 resutee
1814 3258 1858 3282 en
1891 3248 1983 3283 1625
2014 3259 2079 3295 par

293 3306 439 3342 Gretser
471 3306 563 3342 dans
591 3316 657 3341 son
689 3305 893 3351 Syntayma
926 3306 970 3342 de
997 3305 1221 3350 imayinibus
1252 3315 1326 3342 ηοη
1355 3306 1579 3350 manufactis
1613 3306 1727 3352 (leque
1755 3307 1841 3342 aliis
1870 3318 1892 3342 a
1917 3307 1954 3344 S.
1983 3308 2077 3342 Lura

287 3366 416 3413 pictis,
438 3364 517 3410 fol.‚
547 3364 634 3413 qu’il
660 3364 778 3401 reunit
796 3364 878 3412 plus
903 3364 983 3401 tard
1003 3366 1024 3400 a
1045 3376 1103 3400 ses
1130 3375 1272 3400 oeuvres
1300 3364 1511 3412 completes,
1539 3364 1756 3411 Ratisbone,
1780 3366 1823 3401 17
1849 3365 1919 3403 vol.
1942 3365 2075 3407 in-fol.,

291 3430 319 3462 t.
347 3424 428 3470 XV,
456 3424 511 3462 ch.
535 3437 620 3461 xviii
654 3429 689 3460 et
715 3437 790 3469 xix,
819 3436 854 3472 p.
878 3425 960 3461 205.
983 3425 1082 3460 Pour
1107 3423 1188 3471 plus
1213 3424 1256 3459 de
1283 3423 1427 3468 details,
1456 3435 1539 3471 voy.
1564 3424 1688 3461 Manni
1711 3438 1720 3460 ι
1742 3426 1808 3461 Del
1839 3436 1922 3461 vero
1939 3427 2077 3472 pictore

295 3486 388 3522 Lura
408 3485 517 3520 Sanco
536 3496 555 3520 e
576 3485 634 3520 del
655 3488 772 3530 tempo
792 3485 850 3519 del
869 3495 934 3520 suo
953 3485 1088 3530 fiorirr,
1112 3482 1342 3519 dissertation
1365 3482 1440 3518 in-8
1461 3483 1504 3519 sle
1525 3485 1570 3520 ‘24
1591 3495 1676 3532 pag.
1699 3485 1842 3533 publiee
1861 3487 1882 3520 a
1903 3483 2075 3520 Florence
