2202 3926
166 341 364 384 [Mai1494]
609 337 778 377 RERUM
811 336 1112 375 URBANARUM
1145 336 1494 375 COMMENTARH.
1571 330 1575 334 ’
1876 340 1943 376 169
2006 372 2007 375 ,

229 447 283 493 In
303 443 489 508 capella
502 443 738 492 hodierna
757 441 926 507 prelati
947 441 1107 489 locum
1128 440 1403 488 habuerunt
1423 440 1473 487 in
1492 439 1702 487 scamnis
1725 440 1773 487 in
1792 457 1938 504 oppo-

167 528 258 576 sito
277 527 382 575 solii
399 528 494 576 sive
516 526 710 575 thalami
726 526 910 591 positiS,
929 526 1135 574 barones
1154 540 1268 573 vero
1287 529 1416 582 ante,
1439 527 1485 571 et
1499 524 1638 587 juxta
1654 522 1939 582 thalamum,

167 610 420 659 domicelle
441 626 552 659 vero
577 616 625 658 et
648 610 875 658 mulieres
897 614 1008 658 ante
1030 612 1076 657 et
1100 609 1236 673 juxta
1259 622 1456 655 scamna
1476 607 1790 670 prelatorum.
1817 608 1941 656 Fue-

167 699 276 742 runt
296 709 494 757 vespere
516 694 564 741 in
588 693 758 742 eadem
786 693 986 757 capella,
1011 692 1184 755 quibus
1210 691 1397 754 legatus
1420 695 1467 738 et
1491 705 1571 738 rex
1599 690 1939 749 interfuerunt,

167 780 213 824 et
233 777 445 841 prefatus
463 778 717 842 episcopus
733 775 1036 824 Gravinensis
1052 775 1157 822 illos
1172 773 1528 838 particulariter
1542 766 1830 823 decantavit.
1858 775 1943 821 Or-
2006 782 2009 784 ’

166 861 323 924 gania,
340 877 433 924 que
452 861 659 924 triplicia
674 860 848 907 suntin
870 860 973 922 ipsa
995 858 1179 922 capella
1199 862 1247 906 et
1264 872 1432 904 omnes
1454 858 1641 920 prelati,
1662 874 1760 905 non
1782 861 1939 906 tamen

166 945 323 1004 simul,
349 944 434 993 sed
449 944 592 992 modo
611 952 774 1000 unum,
798 942 942 989 modo
962 942 1107 989 alium
1122 941 1384 988 salmurum
1399 956 1564 988 versus
1582 941 1790 988 vicissim
1807 956 1943 989 sona-

166 1030 304 1088 bant;
330 1042 477 1075 unum
503 1042 692 1074 versum
714 1025 971 1073 cantabant
991 1028 1265 1083 cantantes3
1285 1024 1430 1071 alium
1443 1023 1663 1087 pulsabat
1679 1024 1938 1088 organista,

164 1111 285 1158 adeo
322 1109 451 1173 quod
482 1124 682 1172 vespere
712 1107 993 1172 hujusmodi
1027 1107 1088 1154 ad
1123 1106 1240 1155 duas
1270 1108 1415 1156 horas
1446 1108 1753 1157 duraverunt.
1786 1110 1941 1157 Parati

166 1194 356 1242 fuerunt
377 1193 425 1240 in
447 1192 618 1240 eadem
639 1191 825 1255 capella
845 1197 959 1238 tunc
981 1190 1075 1238 duo
1101 1190 1314 1249 thalami,
1339 1207 1462 1239 unus
1487 1206 1572 1255 pro
1594 1191 1753 1254 legato
1775 1207 1940 1240 versus

164 1293 315 1327 cornu
334 1275 554 1341 epistole,
573 1275 694 1345 alius
714 1290 882 1323 versus
905 1290 1055 1322 cornu
1071 1274 1303 1338 evangelii
1323 1289 1410 1337 pro
1434 1290 1565 1337 rege,
1585 1275 1645 1322 ad
1666 1276 1802 1339 cujus
1818 1277 1944 1339 regis

165 1361 516 1410 ordinationem
537 1375 635 1407 non
658 1359 843 1407 sueram
867 1363 1081 1407 vocatuS.
1112 1361 1214 1406 Hoc
1235 1358 1401 1407 videns
1423 1358 1519 1406 dixi
1550 1357 1678 1421 regie
1702 1359 1944 1422 majestati

166 1447 211 1495 id
231 1461 330 1497 non
351 1444 631 1502 convenire,
651 1459 761 1491 cum
783 1459 896 1490 suus
919 1442 1158 1490 thalamus
1190 1446 1318 1491 esset
1345 1441 1605 1505 indigniori
1631 1441 1739 1489 loco
1765 1444 1946 1491 consti-

165 1533 310 1588 tutus,
334 1543 492 1591 neque
517 1527 663 1575 etiam
694 1526 1013 1575 mutationem
1045 1526 1321 1585 convenire,
1347 1526 1432 1574 sed
1453 1525 1610 1589 potius
1642 1525 1773 1589 quod
1803 1526 1945 1573 simul

163 1612 305 1660 ambo
332 1612 420 1676 ipsi
443 1612 492 1659 in
513 1610 686 1659 eodem
708 1610 921 1658 thalamo
945 1626 996 1658 se
1016 1610 1250 1658 locarent.
1277 1609 1412 1657 Unde
1435 1624 1520 1657 rex
1551 1608 1710 1657 statim
1739 1609 1943 1658 descen-

163 1696 302 1756 dens,
324 1696 537 1759 legatum
558 1709 725 1743 secum
746 1694 881 1742 duxit
902 1695 963 1743 ad
990 1710 1132 1742 suum
1158 1693 1442 1751 thalamum,
1469 1708 1678 1756 cumque
1706 1709 1814 1742 mea
1836 1709 1946 1742 sen-

164 1780 321 1829 tentia
343 1779 506 1827 habita
539 1778 782 1837 ascendit3
817 1782 863 1826 et
908 1778 1020 1826 inde
1055 1778 1194 1826 sedes
1227 1777 1389 1841 paravi
1419 1782 1467 1825 et
1499 1777 1768 1826 faldistoria
1798 1783 1941 1842 prout

165 1863 386 1927 superius
413 1862 526 1910 dixi.
553 1861 805 1909 Excusavit
833 1877 884 1910 se
915 1877 1000 1908 rex
1032 1865 1079 1909 et
1106 1862 1263 1924 maj0r
1293 1861 1570 1924 capellanus
1593 1878 1725 1922 suus,
1748 1863 1829 1926 qui
1851 1864 1944 1911 hoc

163 1945 485 2004 ordinaverat,
511 1944 726 1993 dicentes
758 1945 825 1993 sic
852 1944 968 1992 alias
995 1944 1297 2008 temporibus
1324 1945 1639 1992 cardinalium
1660 1946 1942 2010 Agrigensis

164 2035 212 2080 et
237 2030 296 2077 de
323 2028 565 2092 Aragonia
591 2033 638 2076 et
660 2028 863 2076 aliorum
882 2028 1030 2076 fuisse
1059 2028 1394 2085 observatum3
1421 2027 1549 2090 quod
1572 2028 1610 2075 si
1633 2029 1792 2089 fuerit,
1818 2030 1943 2078 male

164 2112 267 2160 fuit.
293 2113 350 2159 Et
378 2110 524 2159 finitis
550 2111 640 2159 illis
667 2111 898 2175 vesperis,
925 2111 1187 2175 dispositus
1208 2110 1296 2158 fuit
1324 2111 1403 2158 ille
1433 2112 1672 2160 secundus
1701 2113 1941 2161 thalamus

162 2211 327 2243 versus
347 2210 498 2243 cornu
517 2194 718 2258 epistole
739 2195 943 2258 posituS,
962 2198 1010 2243 et
1028 2195 1206 2243 ibidem
1229 2210 1428 2243 scamna
1445 2210 1531 2258 pro
1549 2195 1745 2259 prelatis
1763 2197 1936 2260 posita,

160 2278 453 2343 pro'quibus
487 2279 619 2341 prius
651 2278 808 2326 nullus
846 2278 1095 2327 ordinatus
1129 2282 1231 2326 erat
1262 2278 1398 2326 locus
1435 2295 1443 2325 :
1485 2278 1740 2342 episcopus
1773 2279 1940 2328 habuit

161 2366 365 2426 quatuor
408 2362 702 2426 capellanos,
738 2377 907 2410 omnes
950 2361 1300 2425 superpelliciis
1342 2366 1389 2410 et
1422 2361 1707 2425 pluvialibus
1746 2363 1941 2411 indutos

162 2461 367 2510 quorum
389 2462 512 2493 unus
530 2445 723 2505 baculo,
742 2445 862 2493 alius
882 2445 940 2494 de
961 2445 1118 2504 mitra,
1136 2445 1254 2494 alius
1273 2446 1332 2494 de
1350 2445 1472 2494 libro
1492 2450 1538 2494 et
1557 2446 1676 2494 alius
1693 2446 1782 2494 sibi
1801 2447 1943 2495 assis-

161 2530 292 2579 tebat
321 2533 368 2578 et
395 2529 647 2578 serviebat.
678 2529 919 2577 Dominus
954 2530 1204 2589 vobiscum,
1231 2534 1277 2578 et
1299 2544 1470 2578 omnes
1496 2546 1505 2577 ε
1537 2530 1604 2578 Et
1636 2546 1743 2578 cum
1773 2531 1943 2593 spiritu

161 2623 242 2662 tuo
251 2632 267 2675 ,-
294 2614 512 2672 Ονθηιῑιε,
538 2613 656 2661 dixit
677 2613 738 2661 ad
758 2612 991 2676 populum
1011 2628 1197 2672 versuS,
1213 2613 1426 2662 detracta
1446 2612 1603 2660 mitra.
1623 2616 1729 2676 lpse
1751 2614 1942 2676 episco-

159 2714 250 2762 pus
271 2698 522 2745 incensum
545 2696 704 2761 posuit
726 2696 775 2744 in
796 2696 958 2745 medio
981 2696 1162 2756 altaris,
1187 2701 1235 2744 et
1256 2684 1367 2744 cum
1388 2696 1531 2743 mitra
1548 2696 1698 2743 altare
1720 2696 1942 2744 incensa-

159 2781 246 2840 vit;
271 2781 330 2829 de
351 2780 524 2843 quibus
547 2779 771 2827 omnibus
790 2779 937 2827 finitis
958 2780 1188 2843 vesperis,
1207 2779 1424 2843 regulam
1448 2779 1555 2826 dedi
1578 2779 1668 2849 ipsi
1691 2780 1938 2843 episcopo.

227 2865 502 2914 Servierunt
528 2865 623 2912 hoc
643 2879 785 2912 mane
812 2864 861 2911 in
892 2863 1040 2911 missa
1061 2866 1118 2911 D.
1143 2863 1401 2911 Honofrius
1436 2863 1618 2911 Nicolai
1653 2867 1700 2911 et
1727 2864 1943 2927 Raphael

161 2949 220 2997 de
247 2951 389 2997 Mena
419 2949 648 2997 diaconus
671 2947 854 3012 capelle
888 2948 970 2995 SS.
998 2950 1053 2994 D.
1078 2949 1134 2995 N.
1159 2963 1281 3011 pape
1302 2965 1312 3005 ;
1335 2947 1376 2995 ei
1405 2947 1454 2994 in
1479 2962 1533 2994 ea
1557 2947 1719 2995 omnia
1750 2947 1942 2995 suerunt

161 3045 296 3080 more
316 3032 499 3096 capelle
529 3035 692 3080 nostre
725 3031 994 3080 observata.
1037 3030 1187 3078 Sedes
1214 3031 1361 3094 legati
1392 3036 1439 3079 et
1466 3031 1594 3094 regis
1624 3035 1759 3079 erant
1787 3046 1942 3078 came-

163 3114 287 3162 rales
320 3115 422 3163 sine
455 3115 676 3163 scabellis
714 3120 761 3163 et
798 3113 1065 3163 faldistoria
1107 3120 1243 3162 erant
1281 3114 1450 3162 sedilia
1483 3114 1681 3177 regalia,
1721 3114 1941 3162 cussinos

161 3196 390 3245 habentia
407 3197 515 3245 loco
538 3199 875 3247 scabellorum.

229 3279 367 3327 Feria
396 3281 608 3328 secunda
638 3285 694 3328 12
725 3282 837 3331 dicti
866 3283 1048 3332 mensis
1069 3282 1199 3341 maii,
1235 3283 1271 3329 si
1305 3286 1435 3329 recte
1466 3280 1683 3338 memini,
1715 3295 1799 3327 rex
1830 3279 1942 3327 fecit

87 3361 91 3368 ’
162 3363 414 3427 prandium
436 3363 679 3426 publicum
704 3365 863 3428 legato
886 3367 934 3414 in
960 3367 1064 3414 aula
1093 3381 1270 3429 magna
1298 3366 1412 3413 dicti
1436 3365 1587 3413 Castri
1609 3365 1740 3413 Novi.
1776 3367 1941 3412 Mensa

164 3452 327 3510 parata
362 3450 463 3495 erat
494 3446 539 3492 in
569 3447 727 3495 medio
752 3449 858 3496 aule
883 3450 1019 3511 juxta
1052 3465 1242 3497 murum
1271 3450 1331 3497 ad
1362 3449 1610 3496 dexteram
1638 3448 1935 3504 intrantium,
