2228 3938
263 368 286 401 8
866 363 1097 400 JOHANNIS
1131 364 1425 410 BURCHARDI,
1711 367 1920 407 [Decembre
1943 368 2035 406 1492]

265 469 415 517 sancti
449 469 595 527 Petri,
630 483 688 516 eo
719 468 865 531 quod,
892 471 944 515 ut
972 468 1178 531 ipsemet
1209 468 1341 527 dixit,
1372 469 1532 516 timuit
1565 484 1625 515 ne
1663 468 1742 516 illa
1774 468 2039 517 bombarda

264 551 432 599 fuisset
459 551 649 614 signum
678 551 841 598 datum
879 550 1108 598 cardinali
1143 551 1294 598 sancti
1323 551 1450 598 Petri
1478 551 1539 599 ad
1564 551 1768 600 Vincula
1795 557 1847 599 ut
1880 553 2037 615 ipsum

263 638 454 698 caperet
476 634 523 681 in
546 634 672 682 dicto
690 635 815 681 loco.
843 637 896 680 Et
917 634 1069 681 noluit
1091 633 1154 679 ibi
1177 634 1372 691 intrare,
1396 633 1480 680 sed
1498 633 1816 681 incontinenti
1839 635 2038 683 recessit

263 734 371 767 cum
404 722 502 766 toto
537 718 640 781 ejus
668 717 925 773 comitatu;
954 715 1035 776 qui
1062 730 1159 762 non
1188 715 1290 763 sine
1318 731 1495 778 magno
1531 731 1702 764 eorum
1725 716 2035 766 incommodo

263 800 437 849 reversi
461 805 569 847 sunt
587 799 647 847 ad
668 798 865 856 Urbem,
891 813 948 845 eo
971 798 1083 860 quia
1105 797 1430 861 adhucjejuni
1455 804 1590 846 erant
1614 798 1718 863 (1).]

327 1050 580 1099 Dominica
599 1051 754 1114 prima
774 1050 1022 1108 adventus,
1049 1053 1075 1096 2
1101 1049 1392 1107 decembriS,
1418 1051 1474 1096 R.
1502 1050 1554 1096 P.
1583 1051 1640 1096 D.
1667 1049 2037 1098 Bartholomeus

262 1135 516 1199 episcopus
535 1133 863 1197 SegobiensiS,
887 1134 1048 1198 palatii
1072 1135 1154 1180 SS.
1176 1135 1231 1180 D.
1253 1135 1308 1180 N.
1331 1132 1562 1194 magister
1575 1132 1764 1191 domus,
1786 1132 1834 1179 in
1856 1133 2042 1195 capella

262 1219 444 1282 majore
481 1218 699 1281 ejusdem
738 1218 901 1281 palatii
935 1218 1062 1281 apud
1102 1220 1321 1264 sanctum
1370 1219 1558 1263 Petrum
1597 1216 1802 1262 cantavit
1843 1216 2039 1263 missam

263 1303 548 1360 solemnem,
571 1304 697 1365 Papa
726 1305 772 1349 et
799 1301 1122 1350 cardinalibus
1149 1299 1470 1363 presentibus.
1498 1301 1784 1347 Sermonem
1809 1299 1923 1348 fecit
1945 1316 2042 1347 ma-

265 1386 411 1449 gister
431 1384 698 1432 Ludovicus
728 1384 785 1431 de
812 1384 1052 1441 Valentia,
1081 1387 1369 1446 procurator
1389 1382 1569 1429 ordinis
1591 1382 1969 1445 predicatorum,
1994 1388 2041 1431 et

266 1467 428 1515 omnia
454 1472 564 1515 sunt
590 1481 725 1514 more
757 1466 897 1514 solito
919 1466 1187 1514 observata.
1213 1465 1370 1513 Finita
1390 1465 1553 1523 missa,
1577 1467 1661 1513 SS.
1687 1468 1743 1513 D.
1770 1468 1826 1514 N.
1852 1466 1900 1513 in
1921 1466 2041 1515 solio

266 1550 440 1599 sedens
469 1549 712 1598 benedixit
749 1566 899 1597 unum
927 1564 1118 1608 ensem,
1150 1550 1227 1596 me
1264 1549 1419 1612 ipsum
1454 1554 1669 1608 tenente,
1705 1555 1752 1597 et
1783 1550 1961 1598 creavit
1994 1550 2042 1597 in

265 1636 467 1684 militem
497 1635 650 1683 sancti
681 1634 807 1682 Petri
834 1638 890 1683 D.
923 1633 1157 1681 Thomam
1191 1633 1247 1680 de
1282 1633 1602 1692 Minerhettis,
1629 1634 1782 1681 civem
1812 1638 1858 1681 et
1886 1638 2043 1681 orato-

265 1735 368 1767 rem
395 1718 783 1766 Florentinorum
812 1717 893 1780 qui
917 1732 1070 1779 nuper
1099 1732 1185 1780 pro
1216 1717 1474 1779 prestanda
1503 1717 1777 1765 obedientia
1801 1733 1911 1764 cum
1938 1717 2042 1764 aliis

265 1801 473 1864 quinque
520 1800 948 1864 supranominatis,
985 1802 1186 1847 Romam
1234 1800 1387 1858 venit,
1421 1801 1664 1848 consuetis
1711 1800 2000 1848 ceremoniis
2028 1816 2037 1846 :

265 1884 455 1932 donavit
487 1884 530 1932 ei
568 1900 717 1931 unum
752 1884 941 1947 signum
982 1899 1092 1931 cum
1132 1882 1284 1930 tribus
1324 1883 1487 1945 perlis,
1527 1883 1700 1931 deinde
1734 1884 1863 1931 idem
1893 1898 2042 1930 novus

264 1968 401 2015 miles
422 1968 626 2032 portavit
649 1967 889 2029 quoddam
910 1966 1113 2029 pluviale
1135 1968 1262 2028 Pape
1286 1981 1437 2028 usque
1458 1965 1519 2014 ad
1539 1982 1782 2014 cameram
1804 1966 2041 2030 papagalli

264 2067 397 2099 more
419 2052 576 2099 solito.

330 2133 509 2181 Eadem
534 2134 609 2182 die
633 2134 711 2199 (2)
738 2135 868 2182 circa
887 2134 1059 2182 horam
1079 2134 1248 2192 XXIII,
1270 2147 1357 2195 per
1380 2137 1568 2196 portam
1589 2132 1813 2182 Viridarii
1837 2132 2041 2181 intrave-

266 2221 373 2264 runt
398 2218 575 2265 Urbem
598 2221 802 2280 quatuor
824 2222 1036 2266 oratores
1058 2220 1343 2278 Januenses,
1367 2217 1589 2266 videlicet
1615 2233 1624 2264 :
1648 2216 1935 2279 spectabiles
1955 2217 2041 2264 viri

266 2303 366 2348 DD.
401 2300 607 2348 Jacobus
651 2300 847 2363 Spinola
878 2301 1125 2364 utriusque
1161 2302 1283 2365 juris
1318 2302 1512 2359 doctor,
1544 2300 1790 2347 ,Iohannes
1827 2299 2041 2362 Baptista

263 2383 504 2442 Adurnus,
530 2383 702 2431 Paulus
731 2384 789 2430 de
818 2384 973 2432 Flisco
1002 2389 1049 2432 et
1078 2385 1306 2433 Silvester
1332 2387 1505 2432 lnurea
1530 2384 1660 2431 cives
1686 2386 1952 2430 Januenses
1978 2382 2039 2447 (3)

265 2467 346 2530 qui
367 2467 602 2514 afamiliis
625 2469 708 2515 SS.
740 2470 797 2515 D.
827 2470 882 2514 N.
911 2483 965 2515 ac
994 2471 1281 2516 RRmorum.
1317 2470 1416 2515 DD.
1458 2466 1770 2514 cardinalium
1798 2482 1931 2514 more
1960 2482 2039 2513 so-

263 2550 348 2597 lito
365 2550 563 2613 recepti,
586 2555 632 2598 et
651 2566 803 2613 usque
824 2550 884 2598 ad
901 2551 1097 2598 domum
1112 2551 1307 2614 hospitii
1324 2566 1492 2598 eorum
1512 2550 1793 2612 angularem
1823 2550 2043 2597 videlicet

266 2634 534 2697 oppositam
557 2634 687 2681 curie
710 2633 897 2681 Sabelle
920 2634 1132 2696 regionis
1155 2634 1355 2697 Regule,
1382 2633 1607 2681 associati
1629 2632 1841 2680 fuerunt.

332 2717 518 2765 Primus
546 2717 771 2780 equitavit
798 2717 924 2765 inter
949 2717 1067 2765 duos
1096 2717 1304 2780 prelatos
1334 2716 1498 2780 palatii
1526 2715 1738 2774 medins;
1770 2716 1871 2779 pari
1899 2715 2043 2763 modo

314 2884 346 2920 1.
378 2883 427 2918 Ce
453 2894 613 2930 passage
639 2887 738 2919 entre
767 2883 944 2929 crochets,
979 2882 1042 2930 qui
1071 2886 1128 2919 est
1159 2882 1393 2928 d'Infessura,
1421 2886 1478 2918 est
1503 2882 1622 2918 donne
1649 2893 1715 2929 par
1739 2881 1792 2917 les
1811 2892 1900 2917 mSS.
1923 2879 2041 2927 effigi,

266 2943 307 2987 L,
340 2943 368 2987 Ι,
392 2943 449 2987 11,
479 2943 573 2978 5522
606 2946 641 2978 et
670 2943 784 2978 13734
825 2945 901 2990 (ces
941 2943 1038 2978 deux
1064 2942 1226 2978 derniers
1247 2945 1496 2979 commencent
1527 2940 1610 2989 plus
1637 2941 1737 2984 haut,
1770 2942 1792 2975 a
1823 2939 1856 2974 la
1883 2939 1966 2975 date
1993 2940 2042 2976 du

265 3002 311 3037 25
328 3000 456 3048 juillet.
479 3001 571 3049 Voy.
595 3001 627 3037 le
647 3001 798 3037 Journal
818 3001 1039 3037 d'Infessura
1059 3002 1150 3037 dans
1171 3002 1321 3046 Eccard,
1344 3001 1411 3038 col.
1437 3001 1559 3045 2006).
1583 2999 1632 3035 Le
1651 2997 1794 3034 dernier
1813 2998 2043 3046 paragrapho

264 3072 421 3107 marique
442 3060 533 3096 dans
554 3060 585 3096 le
608 3061 716 3109 Chigi
737 3061 799 3109 qui
820 3065 922 3109 porte
943 3072 987 3096 en
1008 3060 1213 3096 manchette
1237 3073 1244 3097 :
1266 3062 1325 3097 Em
1344 3062 1477 3097 diariis
1497 3059 1641 3103 Stefani
1659 3059 1856 3102 Infessure.
1881 3058 1929 3093 Le
1949 3069 2039 3094 mss.

266 3120 310 3155 de
343 3119 527 3164 Florence,
565 3121 645 3165 149,
681 3121 775 3157 ainsi
803 3132 873 3168 que
911 3120 944 3156 le
976 3120 1069 3156 5160
1098 3131 1142 3155 ne
1173 3124 1422 3156 commencent
1452 3119 1561 3167 qu’au
1596 3119 1620 3154 2
1651 3118 1855 3162 decembre,
1889 3118 2042 3165 premier

265 3178 454 3214 dimanche
486 3179 530 3214 de
558 3178 709 3216 l'Avent.
739 3179 936 3224 Toutefois,
965 3179 989 3214 il
1008 3190 1029 3214 a
1049 3190 1137 3226 paru
1164 3179 1251 3215 utile
1271 3180 1315 3215 de
1337 3178 1542 3226 reproduire
1562 3181 1656 3213 cette
1683 3176 1947 3225 interpolation,
1977 3177 2039 3225 qui

264 3238 364 3273 vient
384 3237 542 3273 combler
561 3238 594 3274 la
620 3238 746 3275 lacune
773 3240 838 3276 des
858 3251 948 3275 mss.
977 3239 1021 3274 de
1042 3239 1226 3274 Burchard
1249 3242 1284 3274 et
1303 3239 1363 3285 qui
1386 3242 1459 3273 sert
1485 3237 1765 3272 d'introduction
1786 3249 1831 3272 an
1853 3236 2042 3285 pontificat

266 3296 506 3333 d’Alexandre
527 3297 557 3333 V
562 3298 587 3333 I.

310 3358 346 3394 2.
375 3357 425 3392 Le
444 3360 542 3392 texte
563 3357 736 3392 d’Eceard
758 3369 965 3394 eommence
986 3357 1043 3403 ici,
1067 3358 1172 3404 Corp.
1195 3359 1292 3394 Hist.
1315 3358 1409 3393 med.
1431 3358 1512 3401 aevi,
1535 3360 1561 3393 t.
1586 3356 1630 3400 II,
1653 3355 1719 3393 col.
1743 3356 1849 3393 2017.

311 3416 345 3452 3.
373 3415 466 3463 Voy.
502 3415 689 3461 Mnratori‚
723 3419 804 3454 Rer.
845 3419 926 3454 Ital.
968 3418 1120 3463 Script„
1153 3420 1180 3454 t.
1209 3416 1339 3462 XXIV,
1375 3415 1442 3454 col.
1470 3416 1554 3462 532,
1588 3416 1829 3452 Bartholomei
1847 3415 2035 3458 Seneqaroe

264 3476 518 3511 commentaria
540 3475 582 3510 de
602 3476 707 3511 rebus
727 3476 989 3512 Genuensibus.
