2216 3886
294 300 366 334 536
906 297 1137 334 JOHANle'
1171 296 1466 341 BURCHARDJ,
1560 349 1566 355 ‘
1743 298 1950 338 {Decembre
1976 302 2067 340 1499]

298 398 427 446 tione
450 398 619 462 jubilei
652 403 700 446 et
729 402 954 460 apertura
982 402 1117 460 porte
1151 413 1294 445 auree
1325 397 1521 445 basilice
1553 415 1591 443 s.
1627 398 1752 444 Petri
1782 399 1899 446 mihi
1933 400 2061 449 vide—

297 486 430 528 retur
450 480 739 537 faciendum,
770 480 996 542 respondi
1026 480 1275 527 Sanctitati
1303 495 1387 527 sue
1412 478 1527 526 mihi
1551 479 1695 527 videri
1722 482 1766 525 ut
1795 484 2061 527 muratores

299 567 543 626 rupturam
576 566 714 624 porte
747 561 1026 609 ordinarent
1054 562 1120 609 ita
1152 568 1201 609 ut
1232 562 1456 610 facillime
1489 561 1719 625 perforari
1750 568 1946 624 possent
1978 577 2063 624 pro

296 645 507 707 vesperis
535 645 583 690 in
618 644 893 692 Sanctitatis
922 660 1006 692 sue
1038 645 1297 708 presentia,
1323 649 1369 692 et
1399 651 1596 708 propter
1621 644 1840 707 pulveres
1869 647 1915 689 et
1941 646 2063 690 tem-

296 742 401 788 pus,
440 726 655 772 futurum
690 726 938 775 Sanctitati
973 743 1056 775 sue
1093 727 1454 775 incommodum
1490 733 1633 790 atque
1667 727 1812 774 etiam
1844 724 2065 772 cardina-

294 808 419 855 libus
457 813 711 871 expectare
754 814 936 857 tantam
979 815 1258 873 rupturam;
1304 818 1558 874 propterea
1592 809 1710 856 mihi
1748 808 1897 856 videri
1938 807 2067 870 quod

296 891 530 938 Sanctitas
567 908 653 939 sua
689 891 737 938 in
773 892 932 955 vigilia
963 910 1050 956 pro
1087 894 1297 956 vesperis
1332 894 1390 940 ad
1422 893 1669 941 basilicam
1706 890 2060 949 descendendo,

295 989 405 1021 cum
429 978 589 1022 essent
618 979 729 1022 ante
750 980 938 1038 portam
968 992 1179 1035 auream,
1205 975 1339 1023 daret
1360 975 1510 1023 ictum
1531 974 1703 1022 malleo
1725 977 1769 1021 et
1797 978 2065 1020 muratores

295 1061 536 1119 rupturam
575 1061 1009 1120 prosequerentur3
1052 1058 1244 1106 interim
1284 1057 1519 1106 Sanctitas
1562 1073 1649 1104 sua
1686 1056 1967 1120 precederet
2006 1055 2066 1103 ad

293 1138 440 1186 altare
478 1139 659 1202 majuS,
697 1139 1039 1189 inchoarentur
1072 1146 1118 1189 et
1148 1145 1558 1204 prosequerentur
1595 1155 1791 1203 vespere
1828 1154 1976 1202 usque
2007 1138 2068 1186 ad

297 1221 466 1281 tinem;
498 1221 670 1283 quibus
701 1222 866 1282 finitis,
905 1224 1056 1272 exiret
1083 1229 1271 1287 portam
1299 1223 1507 1271 mediam
1536 1223 1751 1286 ejusdem
1778 1222 1990 1279 basilice,
2022 1226 2068 1269 et

295 1322 382 1368 per
407 1310 594 1369 portam
625 1323 838 1364 auream,
864 1307 987 1354 sacta
1007 1305 1137 1368 prius
1165 1306 1397 1364 oratione,
1427 1305 1610 1369 primus
1636 1305 1852 1365 intraret,
1885 1308 1932 1353 et
1958 1308 2068 1368 post

295 1405 403 1438 eum
427 1390 711 1448 cardinaleS,
739 1396 785 1438 et
807 1390 904 1447 alii,
937 1405 1047 1436 cum
1071 1388 1141 1435 vix
1167 1392 1330 1452 posset
1356 1393 1491 1452 porta
1512 1388 1631 1452 ipsa,
1659 1388 1871 1452 vesperis
1893 1387 2066 1435 duran-

296 1472 440 1530 tibus,
474 1473 707 1535 perforari
738 1478 784 1521 et
814 1473 937 1520 bene
965 1471 1205 1531 inundari,
1238 1476 1285 1519 et
1315 1471 1445 1534 quod
1474 1471 1715 1535 magistris
1746 1476 1793 1518 et
1821 1470 2063 1518 laborato·

298 1555 425 1603 ribus
454 1571 509 1603 ac
540 1556 923 1618 quibuscumque
957 1555 1062 1602 aliis
1093 1555 1181 1601 sub
1207 1570 1333 1618 pena
1361 1554 1631 1602 amissionis
1664 1554 1755 1602 vite
1783 1569 1868 1600 seu
1897 1552 2064 1615 capitis

295 1639 609 1686 truncationis
638 1639 855 1686 mandari
886 1654 945 1685 ne
974 1638 1078 1700 quis
1099 1653 1185 1700 per
1207 1642 1396 1700 portam
1418 1637 1570 1699 ipsam
1596 1637 1794 1684 intraret
1820 1636 1893 1683 vel
1914 1635 2065 1683 exiret

296 1726 404 1768 ante
439 1722 750 1769 Sanctitatem
780 1737 931 1779 suam,
964 1719 1049 1767 sed
1075 1719 1152 1766 alii
1179 1720 1426 1782 perforent
1456 1719 1514 1766 ab
1541 1719 1688 1777 intus,
1719 1718 1797 1766 alii
1825 1717 1884 1765 ab
1912 1720 2062 1774 extra,

296 1807 342 1850 et
361 1819 532 1866 corpus
554 1807 691 1866 porte
713 1803 873 1866 palatii
896 1803 955 1850 ab
977 1803 1103 1849 intra
1120 1802 1449 1849 laborantibus
1470 1806 1706 1866 preesset,
1730 1805 1776 1849 et
1797 1800 2069 1864 provideret

295 1900 356 1932 ne
379 1885 483 1946 quis
510 1885 709 1932 intraret
730 1885 804 1932 vel
832 1884 1000 1942 exiret,
1031 1889 1082 1931 ut
1106 1884 1362 1948 prefertur,
1396 1885 1524 1950 quod
1551 1885 1599 1931 in
1623 1884 1778 1948 vigilia
1801 1884 2018 1948 predicta
2040 1899 2067 1930 a

298 1967 498 2015 meridie
522 1983 675 2030 usque
706 1984 800 2031 quo
831 1967 1066 2016 Sanctitas
1095 1983 1180 2014 sua
1208 1972 1395 2031 portam
1423 1983 1618 2015 auream
1650 1967 1937 2036 intravisset,
1961 1965 2068 2030 pul-

298 2055 464 2097 sentur
485 2065 653 2098 omnes
684 2066 916 2114 campane
939 2051 1154 2098 omnium
1182 2050 1514 2110 ecclesiarum,
1539 2050 1848 2114 capellarum,
1874 2065 2069 2098 monas-

300 2133 531 2180 teriorum
568 2138 616 2180 et
653 2133 869 2196 Capitolii
905 2133 1062 2181 Urbis.
1104 2128 1442 2181 Ordinaveram
1476 2137 1613 2180 etex
1646 2132 1872 2195 psalterio
1910 2135 2067 2179 certos

296 2215 555 2263 versiculos
585 2216 896 2279 collegeram,
931 2222 976 2264 et
999 2220 1182 2265 certam
1210 2215 1478 2264 orationem
1500 2230 1866 2279 composueram
1893 2229 2068 2262 conve-

296 2298 509 2346 nientem
545 2315 632 2361 per
665 2299 978 2347 Sanctitatem
1009 2315 1144 2347 suam
1178 2302 1288 2347 ante
1321 2303 1595 2362 aperturam
1628 2302 1763 2362 porte
1793 2296 2064 2356 dicendam,

300 2397 391 2443 que
415 2381 557 2429 etiam
581 2382 827 2429 Sanctitati
853 2398 937 2430 sue
958 2382 1071 2445 legi,
1095 2381 1370 2445 hujusmodi
1391 2382 1569 2430 tenoris
1595 2399 1603 2428 :

363 2464 412 2523 ᾧ.
452 2463 556 2511 Hec
576 2473 643 2511 est
663 2465 758 2512 dies
778 2482 920 2528 quam
940 2466 1057 2530 fecit
1081 2465 1327 2523 Dominus,

361 2547 413 2606 ἡ.
452 2546 739 2595 Exultemus
761 2556 804 2595 et
825 2549 1020 2595 letemur
1040 2549 1088 2595 in
1112 2565 1181 2595 ea.

364 2629 412 2687 is.
453 2629 671 2677 Laudate
689 2631 968 2690 Dominum,
995 2647 1151 2678 omnes
1175 2640 1351 2695 qentes,

362 2712 413 2770 ἡ).
453 2711 669 2761 Lamlale
690 2731 814 2771 eccm,
840 2731 997 2761 onmes
1010 2715 1182 2776 populi
1189 2753 1197 2762 .

364 2796 412 2851 5¹.
454 2795 496 2841 A
506 2796 648 2860 fferte
667 2797 873 2844 Domino
893 2798 1093 2859 {florium
1115 2806 1158 2843 et
1177 2799 1414 2856 honorem,

364 2877 414 2935 lig.
449 2878 491 2924 Α
502 2878 658 2924 dorato
677 2878 939 2925 Dominam
961 2879 1008 2925 in
1029 2880 1146 2926 atrio
1167 2887 1324 2926 &coacto
1346 2879 1467 2941 ejas.

372 2961 416 3018 ἶν’.
455 2959 766 3023 illatqnile'cate
785 2961 1047 3007 Dwm'mme
1069 2977 1238 3016 meum,

367 3043 417 3100 ft).
457 3042 526 3088 Et
544 3043 804 3090 (waltemus
825 3059 992 3090 nomen
1015 3043 1117 3105 ejas
1139 3044 1186 3090 in
1212 3043 1262 3090 id
1279 3043 1448 3105 ipsum.

371 3127 416 3183 jv.
455 3125 651 3187 Aperite
671 3126 959 3188 maisnilum-cas
971 3126 1176 3188 justitie,

367 3209 416 3267 si.
455 3208 707 3270 lnyressecx
729 3210 776 3255 in
799 3225 891 3267 cccx,
917 3210 1166 3272 confitebor
1184 3209 1409 3257 Domino.

371 3307 415 3350 v.
455 3291 559 3338 Hec
571 3301 712 3354 porlcc
734 3292 942 3350 Domini,

366 3376 416 3435 li).
455 3373 584 3419 Jeesle'
606 3374 847 3421 inlrabzctzt
869 3376 916 3422 ite
938 3391 1055 3422 eam.
