<?xml version="1.0" encoding="UTF-8"?>
<!DOCTYPE html PUBLIC "-//W3C//DTD XHTML 1.0 Transitional//EN"
    "http://www.w3.org/TR/xhtml1/DTD/xhtml1-transitional.dtd">
<html xmlns="http://www.w3.org/1999/xhtml" xml:lang="en" lang="en">
 <head>
  <title>
</title>
<meta http-equiv="Content-Type" content="text/html;charset=utf-8" />
  <meta name='ocr-system' content='tesseract 3.04.00' />
  <meta name='ocr-capabilities' content='ocr_page ocr_carea ocr_par ocr_line ocrx_word'/>
</head>
<body>
  <div class='ocr_page' id='page_1' title='image "./diariumsivererum02burcuoft_0579.png"; bbox 0 0 2216 3886; ppageno 0'>
   <div class='ocr_carea' id='block_1_1' title="bbox 164 326 1943 371">
    <p class='ocr_par' dir='ltr' id='par_1_1' title="bbox 164 326 1943 371">
     <span class='ocr_line' id='line_1_1' title="bbox 164 326 1943 371; baseline 0.002 -12"><span class='ocrx_word' id='word_1_1' title='bbox 164 331 328 371; x_wconf 58' lang='lat' dir='ltr'>[net-»bin¹</span> <span class='ocrx_word' id='word_1_2' title='bbox 354 330 445 369; x_wconf 67' lang='lat'><strong>¹299]</strong></span> <span class='ocrx_word' id='word_1_3' title='bbox 615 327 780 364; x_wconf 62' lang='lat' dir='ltr'>lit-:lum</span> <span class='ocrx_word' id='word_1_4' title='bbox 814 326 1113 362; x_wconf 65' lang='lat' dir='ltr'>I&#39;RBANARI‘M</span> <span class='ocrx_word' id='word_1_5' title='bbox 1142 326 1491 362; x_wconf 53' lang='lat' dir='ltr'>COMMENTARH.</span> <span class='ocrx_word' id='word_1_6' title='bbox 1876 329 1943 363; x_wconf 58' lang='lat'>‚367</span> 
     </span>
    </p>
   </div>
   <div class='ocr_carea' id='block_1_2' title="bbox 136 428 1943 3259">
    <p class='ocr_par' dir='ltr' id='par_1_2' title="bbox 164 428 1943 744">
     <span class='ocr_line' id='line_1_2' title="bbox 165 428 1942 495; baseline -0.001 -16"><span class='ocrx_word' id='word_1_7' title='bbox 165 436 387 495; x_wconf 87' lang='lat' dir='ltr'>quantur,</span> <span class='ocrx_word' id='word_1_8' title='bbox 412 431 619 495; x_wconf 86' lang='lat' dir='ltr'>pudibus</span> <span class='ocrx_word' id='word_1_9' title='bbox 640 436 802 479; x_wconf 89' lang='lat' dir='ltr'>autem</span> <span class='ocrx_word' id='word_1_10' title='bbox 834 445 918 477; x_wconf 74' lang='lat' dir='ltr'>scu</span> <span class='ocrx_word' id='word_1_11' title='bbox 949 428 1199 493; x_wconf 78' lang='lat' dir='ltr'>pedestres</span> <span class='ocrx_word' id='word_1_12' title='bbox 1233 429 1555 487; x_wconf 77' lang='lat' dir='ltr'>ambularent,</span> <span class='ocrx_word' id='word_1_13' title='bbox 1580 429 1711 492; x_wconf 89' lang='lat' dir='ltr'>quod</span> <span class='ocrx_word' id='word_1_14' title='bbox 1737 429 1942 478; x_wconf 89' lang='lat' dir='ltr'>debeant</span> 
     </span>
     <span class='ocr_line' id='line_1_3' title="bbox 164 512 1943 579; baseline -0.001 -17"><span class='ocrx_word' id='word_1_15' title='bbox 164 515 307 563; x_wconf 88' lang='lat' dir='ltr'>etiam</span> <span class='ocrx_word' id='word_1_16' title='bbox 345 530 495 563; x_wconf 89' lang='lat' dir='ltr'>onera</span> <span class='ocrx_word' id='word_1_17' title='bbox 531 515 794 579; x_wconf 84' lang='lat' dir='ltr'>reipublice</span> <span class='ocrx_word' id='word_1_18' title='bbox 839 529 950 562; x_wconf 91' lang='lat' dir='ltr'>cum</span> <span class='ocrx_word' id='word_1_19' title='bbox 994 514 1099 577; x_wconf 88' lang='lat' dir='ltr'>ipso</span> <span class='ocrx_word' id='word_1_20' title='bbox 1134 513 1352 576; x_wconf 84' lang='lat' dir='ltr'>principe</span> <span class='ocrx_word' id='word_1_21' title='bbox 1393 517 1696 578; x_wconf 88' lang='lat' dir='ltr'>supportare,</span> <span class='ocrx_word' id='word_1_22' title='bbox 1745 512 1943 578; x_wconf 87' lang='lat' dir='ltr'>ipseque</span> 
     </span>
     <span class='ocr_line' id='line_1_4' title="bbox 165 596 1941 663; baseline -0.001 -18"><span class='ocrx_word' id='word_1_23' title='bbox 165 598 388 663; x_wconf 89' lang='lat' dir='ltr'>princeps</span> <span class='ocrx_word' id='word_1_24' title='bbox 411 613 581 647; x_wconf 92' lang='lat' dir='ltr'>eorum</span> <span class='ocrx_word' id='word_1_25' title='bbox 601 598 819 646; x_wconf 90' lang='lat' dir='ltr'>humeris</span> <span class='ocrx_word' id='word_1_26' title='bbox 838 597 1026 646; x_wconf 83' lang='lat' dir='ltr'>facilius</span> <span class='ocrx_word' id='word_1_27' title='bbox 1050 596 1313 661; x_wconf 80' lang='lat' dir='ltr'>reipublice</span> <span class='ocrx_word' id='word_1_28' title='bbox 1342 612 1490 645; x_wconf 90' lang='lat' dir='ltr'>onera</span> <span class='ocrx_word' id='word_1_29' title='bbox 1512 601 1672 661; x_wconf 88' lang='lat' dir='ltr'>gerat;</span> <span class='ocrx_word' id='word_1_30' title='bbox 1694 597 1941 661; x_wconf 90' lang='lat' dir='ltr'>purpurati</span> 
     </span>
     <span class='ocr_line' id='line_1_5' title="bbox 164 680 1653 744; baseline 0.001 -15"><span class='ocrx_word' id='word_1_31' title='bbox 164 697 298 742; x_wconf 84' lang='lat' dir='ltr'>vero,</span> <span class='ocrx_word' id='word_1_32' title='bbox 325 686 375 730; x_wconf 92' lang='lat' dir='ltr'>ut</span> <span class='ocrx_word' id='word_1_33' title='bbox 396 682 649 731; x_wconf 84' lang='lat' dir='ltr'>videantur</span> <span class='ocrx_word' id='word_1_34' title='bbox 663 686 853 730; x_wconf 87' lang='lat' dir='ltr'>ceteros</span> <span class='ocrx_word' id='word_1_35' title='bbox 872 681 1091 730; x_wconf 89' lang='lat' dir='ltr'>doctrina</span> <span class='ocrx_word' id='word_1_36' title='bbox 1111 684 1159 729; x_wconf 92' lang='lat' dir='ltr'>et</span> <span class='ocrx_word' id='word_1_37' title='bbox 1179 680 1350 728; x_wconf 86' lang='lat' dir='ltr'>virtute</span> <span class='ocrx_word' id='word_1_38' title='bbox 1369 680 1653 744; x_wconf 83' lang='lat' dir='ltr'>precellere.</span> 
     </span>
    </p>

    <p class='ocr_par' dir='ltr' id='par_1_3' title="bbox 152 765 1943 1582">
     <span class='ocr_line' id='line_1_6' title="bbox 229 765 1942 830; baseline 0.001 -17"><span class='ocrx_word' id='word_1_39' title='bbox 229 765 430 814; x_wconf 89' lang='lat' dir='ltr'>Pallium</span> <span class='ocrx_word' id='word_1_40' title='bbox 467 767 563 814; x_wconf 89' lang='lat' dir='ltr'>sive</span> <span class='ocrx_word' id='word_1_41' title='bbox 603 765 913 830; x_wconf 86' lang='lat' dir='ltr'>supercilium</span> <span class='ocrx_word' id='word_1_42' title='bbox 949 765 1036 813; x_wconf 90' lang='lat' dir='ltr'>sub</span> <span class='ocrx_word' id='word_1_43' title='bbox 1074 780 1171 829; x_wconf 90' lang='lat' dir='ltr'>quo</span> <span class='ocrx_word' id='word_1_44' title='bbox 1206 780 1290 812; x_wconf 86' lang='lat' dir='ltr'>rex</span> <span class='ocrx_word' id='word_1_45' title='bbox 1322 765 1424 828; x_wconf 92' lang='lat' dir='ltr'>ipse</span> <span class='ocrx_word' id='word_1_46' title='bbox 1461 765 1699 814; x_wconf 84' lang='lat' dir='ltr'>insidebat</span> <span class='ocrx_word' id='word_1_47' title='bbox 1736 781 1795 813; x_wconf 86' lang='lat' dir='ltr'>ex</span> <span class='ocrx_word' id='word_1_48' title='bbox 1825 776 1942 814; x_wconf 88' lang='lat' dir='ltr'>auro</span> 
     </span>
     <span class='ocr_line' id='line_1_7' title="bbox 162 849 1942 914; baseline 0.001 -18"><span class='ocrx_word' id='word_1_49' title='bbox 162 854 390 898; x_wconf 85' lang='lat' dir='ltr'>contexto</span> <span class='ocrx_word' id='word_1_50' title='bbox 417 865 646 899; x_wconf 87' lang='lat' dir='ltr'>mensura</span> <span class='ocrx_word' id='word_1_51' title='bbox 672 865 934 899; x_wconf 86' lang='lat' dir='ltr'>cannarum</span> <span class='ocrx_word' id='word_1_52' title='bbox 955 866 1002 898; x_wconf 80' lang='lat' dir='ltr'>vi</span> <span class='ocrx_word' id='word_1_53' title='bbox 1027 849 1089 914; x_wconf 86' lang='lat'>(1)</span> <span class='ocrx_word' id='word_1_54' title='bbox 1112 849 1323 912; x_wconf 90' lang='lat' dir='ltr'>qualibet</span> <span class='ocrx_word' id='word_1_55' title='bbox 1354 849 1663 912; x_wconf 84' lang='lat' dir='ltr'>quadratura,</span> <span class='ocrx_word' id='word_1_56' title='bbox 1685 849 1942 898; x_wconf 86' lang='lat' dir='ltr'>duodecim</span> 
     </span>
     <span class='ocr_line' id='line_1_8' title="bbox 161 932 1943 996; baseline 0.001 -16"><span class='ocrx_word' id='word_1_57' title='bbox 161 932 340 980; x_wconf 90' lang='lat' dir='ltr'>baculis</span> <span class='ocrx_word' id='word_1_58' title='bbox 371 933 600 981; x_wconf 87' lang='lat' dir='ltr'>inauratis</span> <span class='ocrx_word' id='word_1_59' title='bbox 622 932 945 991; x_wconf 88' lang='lat' dir='ltr'>deferebatur,</span> <span class='ocrx_word' id='word_1_60' title='bbox 969 933 1018 980; x_wconf 91' lang='lat' dir='ltr'>in</span> <span class='ocrx_word' id='word_1_61' title='bbox 1040 933 1177 996; x_wconf 90' lang='lat' dir='ltr'>cujus</span> <span class='ocrx_word' id='word_1_62' title='bbox 1205 932 1365 981; x_wconf 91' lang='lat' dir='ltr'>medio</span> <span class='ocrx_word' id='word_1_63' title='bbox 1387 948 1563 996; x_wconf 84' lang='lat' dir='ltr'>magna</span> <span class='ocrx_word' id='word_1_64' title='bbox 1593 949 1773 981; x_wconf 89' lang='lat' dir='ltr'>corona</span> <span class='ocrx_word' id='word_1_65' title='bbox 1796 946 1943 982; x_wconf 87' lang='lat' dir='ltr'>aurea</span> 
     </span>
     <span class='ocr_line' id='line_1_9' title="bbox 159 1015 1941 1080; baseline 0.001 -17"><span class='ocrx_word' id='word_1_66' title='bbox 159 1019 364 1080; x_wconf 87' lang='lat' dir='ltr'>quatuor</span> <span class='ocrx_word' id='word_1_67' title='bbox 384 1016 549 1065; x_wconf 88' lang='lat' dir='ltr'>sericis</span> <span class='ocrx_word' id='word_1_68' title='bbox 576 1016 784 1064; x_wconf 92' lang='lat' dir='ltr'>cordulis</span> <span class='ocrx_word' id='word_1_69' title='bbox 811 1016 1092 1080; x_wconf 90' lang='lat' dir='ltr'>dependens</span> <span class='ocrx_word' id='word_1_70' title='bbox 1113 1019 1231 1075; x_wconf 89' lang='lat' dir='ltr'>erat,</span> <span class='ocrx_word' id='word_1_71' title='bbox 1257 1015 1305 1063; x_wconf 93' lang='lat' dir='ltr'>in</span> <span class='ocrx_word' id='word_1_72' title='bbox 1334 1031 1428 1079; x_wconf 86' lang='lat' dir='ltr'>qua</span> <span class='ocrx_word' id='word_1_73' title='bbox 1451 1016 1597 1064; x_wconf 89' lang='lat' dir='ltr'>etiam</span> <span class='ocrx_word' id='word_1_74' title='bbox 1626 1021 1817 1065; x_wconf 91' lang='lat' dir='ltr'>scutum</span> <span class='ocrx_word' id='word_1_75' title='bbox 1840 1022 1941 1065; x_wconf 88' lang='lat' dir='ltr'>erat</span> 
     </span>
     <span class='ocr_line' id='line_1_10' title="bbox 158 1099 1935 1164; baseline 0 -16"><span class='ocrx_word' id='word_1_76' title='bbox 158 1116 269 1148; x_wconf 91' lang='lat' dir='ltr'>cum</span> <span class='ocrx_word' id='word_1_77' title='bbox 288 1100 555 1164; x_wconf 77' lang='lat' dir='ltr'>insignibus</span> <span class='ocrx_word' id='word_1_78' title='bbox 577 1099 776 1148; x_wconf 86' lang='lat' dir='ltr'>Francie</span> <span class='ocrx_word' id='word_1_79' title='bbox 795 1103 843 1148; x_wconf 91' lang='lat' dir='ltr'>et</span> <span class='ocrx_word' id='word_1_80' title='bbox 862 1099 1120 1147; x_wconf 88' lang='lat' dir='ltr'>Mediolani</span> <span class='ocrx_word' id='word_1_81' title='bbox 1143 1099 1347 1147; x_wconf 88' lang='lat' dir='ltr'>mixtim.</span> <span class='ocrx_word' id='word_1_82' title='bbox 1369 1101 1524 1164; x_wconf 91' lang='lat' dir='ltr'>Super</span> <span class='ocrx_word' id='word_1_83' title='bbox 1543 1115 1657 1149; x_wconf 87' lang='lat' dir='ltr'>vero</span> <span class='ocrx_word' id='word_1_84' title='bbox 1676 1099 1935 1149; x_wconf 87' lang='lat' dir='ltr'>Mediolani</span> 
     </span>
     <span class='ocr_line' id='line_1_11' title="bbox 159 1183 1937 1247; baseline 0 -16"><span class='ocrx_word' id='word_1_85' title='bbox 159 1184 366 1247; x_wconf 84' lang='lat' dir='ltr'>insignia</span> <span class='ocrx_word' id='word_1_86' title='bbox 406 1199 553 1232; x_wconf 87' lang='lat' dir='ltr'>aurea</span> <span class='ocrx_word' id='word_1_87' title='bbox 585 1183 767 1232; x_wconf 89' lang='lat' dir='ltr'>ducalis</span> <span class='ocrx_word' id='word_1_88' title='bbox 808 1198 988 1232; x_wconf 89' lang='lat' dir='ltr'>corona</span> <span class='ocrx_word' id='word_1_89' title='bbox 1024 1183 1279 1242; x_wconf 84' lang='lat' dir='ltr'>existebat,</span> <span class='ocrx_word' id='word_1_90' title='bbox 1316 1184 1513 1247; x_wconf 92' lang='lat' dir='ltr'>ipsaque</span> <span class='ocrx_word' id='word_1_91' title='bbox 1548 1199 1730 1233; x_wconf 91' lang='lat' dir='ltr'>corona</span> <span class='ocrx_word' id='word_1_92' title='bbox 1762 1184 1937 1247; x_wconf 85' lang='lat' dir='ltr'>regalis</span> 
     </span>
     <span class='ocr_line' id='line_1_12' title="bbox 156 1266 1941 1331; baseline 0 -16"><span class='ocrx_word' id='word_1_93' title='bbox 156 1272 354 1331; x_wconf 89' lang='lat' dir='ltr'>utraque</span> <span class='ocrx_word' id='word_1_94' title='bbox 394 1267 602 1331; x_wconf 84' lang='lat' dir='ltr'>insignia</span> <span class='ocrx_word' id='word_1_95' title='bbox 636 1267 858 1315; x_wconf 83' lang='lat' dir='ltr'>videlicet</span> <span class='ocrx_word' id='word_1_96' title='bbox 895 1266 1094 1315; x_wconf 89' lang='lat' dir='ltr'>Francie</span> <span class='ocrx_word' id='word_1_97' title='bbox 1129 1272 1178 1314; x_wconf 91' lang='lat' dir='ltr'>et</span> <span class='ocrx_word' id='word_1_98' title='bbox 1215 1267 1475 1316; x_wconf 85' lang='lat' dir='ltr'>Mediolani</span> <span class='ocrx_word' id='word_1_99' title='bbox 1508 1267 1803 1316; x_wconf 88' lang='lat' dir='ltr'>continebat.</span> <span class='ocrx_word' id='word_1_100' title='bbox 1840 1269 1941 1315; x_wconf 86' lang='lat' dir='ltr'>Rex</span> 
     </span>
     <span class='ocr_line' id='line_1_13' title="bbox 155 1350 1934 1416; baseline -0.001 -16"><span class='ocrx_word' id='word_1_101' title='bbox 155 1353 256 1416; x_wconf 90' lang='lat' dir='ltr'>ipse</span> <span class='ocrx_word' id='word_1_102' title='bbox 276 1351 476 1399; x_wconf 86' lang='lat' dir='ltr'>vestitus</span> <span class='ocrx_word' id='word_1_103' title='bbox 498 1355 600 1399; x_wconf 88' lang='lat' dir='ltr'>erat</span> <span class='ocrx_word' id='word_1_104' title='bbox 622 1355 669 1399; x_wconf 92' lang='lat' dir='ltr'>et</span> <span class='ocrx_word' id='word_1_105' title='bbox 690 1350 885 1398; x_wconf 91' lang='lat' dir='ltr'>indutus</span> <span class='ocrx_word' id='word_1_106' title='bbox 907 1366 1084 1414; x_wconf 84' lang='lat' dir='ltr'>magna</span> <span class='ocrx_word' id='word_1_107' title='bbox 1102 1356 1235 1399; x_wconf 87' lang='lat' dir='ltr'>veste</span> <span class='ocrx_word' id='word_1_108' title='bbox 1268 1367 1327 1398; x_wconf 80' lang='lat' dir='ltr'>ex</span> <span class='ocrx_word' id='word_1_109' title='bbox 1343 1351 1471 1416; x_wconf 44' lang='lat' dir='ltr'>jauro</span> <span class='ocrx_word' id='word_1_110' title='bbox 1496 1350 1665 1398; x_wconf 89' lang='lat' dir='ltr'>rizzato</span> <span class='ocrx_word' id='word_1_111' title='bbox 1691 1356 1934 1410; x_wconf 80' lang='lat' dir='ltr'>contexta,</span> 
     </span>
     <span class='ocr_line' id='line_1_14' title="bbox 152 1433 1932 1499; baseline 0.001 -17"><span class='ocrx_word' id='word_1_112' title='bbox 152 1439 199 1483; x_wconf 87' lang='lat' dir='ltr'>et</span> <span class='ocrx_word' id='word_1_113' title='bbox 220 1434 308 1482; x_wconf 88' lang='lat' dir='ltr'>sub</span> <span class='ocrx_word' id='word_1_114' title='bbox 330 1434 409 1482; x_wconf 90' lang='lat' dir='ltr'>illa</span> <span class='ocrx_word' id='word_1_115' title='bbox 429 1434 683 1499; x_wconf 85' lang='lat' dir='ltr'>chlamyde</span> <span class='ocrx_word' id='word_1_116' title='bbox 705 1434 862 1481; x_wconf 89' lang='lat' dir='ltr'>ducali</span> <span class='ocrx_word' id='word_1_117' title='bbox 886 1449 945 1482; x_wconf 85' lang='lat' dir='ltr'>ex</span> <span class='ocrx_word' id='word_1_118' title='bbox 966 1434 1110 1481; x_wconf 90' lang='lat' dir='ltr'>simili</span> <span class='ocrx_word' id='word_1_119' title='bbox 1132 1450 1249 1482; x_wconf 87' lang='lat' dir='ltr'>auro</span> <span class='ocrx_word' id='word_1_120' title='bbox 1272 1439 1319 1483; x_wconf 90' lang='lat' dir='ltr'>et</span> <span class='ocrx_word' id='word_1_121' title='bbox 1340 1433 1546 1499; x_wconf 88' lang='lat' dir='ltr'>pellibus</span> <span class='ocrx_word' id='word_1_122' title='bbox 1568 1435 1932 1498; x_wconf 86' lang='lat' dir='ltr'>pretiosissimis</span> 
     </span>
     <span class='ocr_line' id='line_1_15' title="bbox 153 1514 1437 1582; baseline -0.001 -15"><span class='ocrx_word' id='word_1_123' title='bbox 153 1522 348 1577; x_wconf 79' lang='lat' dir='ltr'>ornata3</span> <span class='ocrx_word' id='word_1_124' title='bbox 371 1514 420 1566; x_wconf 91' lang='lat' dir='ltr'>in</span> <span class='ocrx_word' id='word_1_125' title='bbox 441 1517 597 1581; x_wconf 88' lang='lat' dir='ltr'>capite</span> <span class='ocrx_word' id='word_1_126' title='bbox 621 1518 855 1566; x_wconf 89' lang='lat' dir='ltr'>birretum</span> <span class='ocrx_word' id='word_1_127' title='bbox 877 1518 1177 1566; x_wconf 88' lang='lat' dir='ltr'>antedictum</span> <span class='ocrx_word' id='word_1_128' title='bbox 1200 1518 1437 1582; x_wconf 86' lang='lat' dir='ltr'>gestabat.</span> 
     </span>
    </p>

    <p class='ocr_par' dir='ltr' id='par_1_4' title="bbox 153 1602 1935 2003">
     <span class='ocr_line' id='line_1_16' title="bbox 218 1602 1934 1668; baseline -0.001 -16"><span class='ocrx_word' id='word_1_129' title='bbox 218 1603 556 1667; x_wconf 85' lang='lat' dir='ltr'>Sequebantur</span> <span class='ocrx_word' id='word_1_130' title='bbox 586 1603 743 1667; x_wconf 90' lang='lat' dir='ltr'>ipsum</span> <span class='ocrx_word' id='word_1_131' title='bbox 774 1605 940 1651; x_wconf 81' lang='lat' dir='ltr'>RmuS.</span> <span class='ocrx_word' id='word_1_132' title='bbox 968 1604 1023 1650; x_wconf 90' lang='lat' dir='ltr'>D.</span> <span class='ocrx_word' id='word_1_133' title='bbox 1050 1602 1305 1650; x_wconf 86' lang='lat' dir='ltr'>cardinalis</span> <span class='ocrx_word' id='word_1_134' title='bbox 1333 1602 1393 1652; x_wconf 90' lang='lat' dir='ltr'>de</span> <span class='ocrx_word' id='word_1_135' title='bbox 1422 1604 1614 1667; x_wconf 84' lang='lat' dir='ltr'>Borgia,</span> <span class='ocrx_word' id='word_1_136' title='bbox 1639 1605 1766 1652; x_wconf 88' lang='lat' dir='ltr'>sedis</span> <span class='ocrx_word' id='word_1_137' title='bbox 1790 1619 1934 1668; x_wconf 88' lang='lat' dir='ltr'>apos-</span> 
     </span>
     <span class='ocr_line' id='line_1_17' title="bbox 156 1686 1935 1752; baseline -0.001 -17"><span class='ocrx_word' id='word_1_138' title='bbox 156 1687 296 1736; x_wconf 89' lang='lat' dir='ltr'>tolice</span> <span class='ocrx_word' id='word_1_139' title='bbox 329 1688 518 1752; x_wconf 85' lang='lat' dir='ltr'>legatus</span> <span class='ocrx_word' id='word_1_140' title='bbox 540 1689 599 1737; x_wconf 93' lang='lat' dir='ltr'>de</span> <span class='ocrx_word' id='word_1_141' title='bbox 620 1689 771 1737; x_wconf 86' lang='lat' dir='ltr'>latere</span> <span class='ocrx_word' id='word_1_142' title='bbox 799 1692 846 1737; x_wconf 87' lang='lat' dir='ltr'>et</span> <span class='ocrx_word' id='word_1_143' title='bbox 867 1703 979 1736; x_wconf 88' lang='lat' dir='ltr'>cum</span> <span class='ocrx_word' id='word_1_144' title='bbox 1001 1702 1059 1736; x_wconf 93' lang='lat' dir='ltr'>eo</span> <span class='ocrx_word' id='word_1_145' title='bbox 1082 1686 1337 1734; x_wconf 87' lang='lat' dir='ltr'>cardinalis</span> <span class='ocrx_word' id='word_1_146' title='bbox 1368 1687 1756 1749; x_wconf 78' lang='lat' dir='ltr'>RotomagensiS‚</span> <span class='ocrx_word' id='word_1_147' title='bbox 1781 1691 1827 1735; x_wconf 91' lang='lat' dir='ltr'>et</span> <span class='ocrx_word' id='word_1_148' title='bbox 1855 1686 1935 1734; x_wconf 91' lang='lat' dir='ltr'>ille</span> 
     </span>
     <span class='ocr_line' id='line_1_18' title="bbox 153 1769 1935 1836; baseline -0.001 -16"><span class='ocrx_word' id='word_1_149' title='bbox 153 1772 247 1820; x_wconf 89' lang='lat' dir='ltr'>dux</span> <span class='ocrx_word' id='word_1_150' title='bbox 282 1772 511 1821; x_wconf 89' lang='lat' dir='ltr'>sabaudie</span> <span class='ocrx_word' id='word_1_151' title='bbox 542 1769 666 1820; x_wconf 82' lang='lat' dir='ltr'>cum&#39;</span> <span class='ocrx_word' id='word_1_152' title='bbox 684 1788 759 1832; x_wconf 90' lang='lat' dir='ltr'>eo,</span> <span class='ocrx_word' id='word_1_153' title='bbox 785 1772 864 1836; x_wconf 92' lang='lat' dir='ltr'>qui</span> <span class='ocrx_word' id='word_1_154' title='bbox 896 1787 1041 1835; x_wconf 90' lang='lat' dir='ltr'>supra</span> <span class='ocrx_word' id='word_1_155' title='bbox 1071 1787 1251 1834; x_wconf 91' lang='lat' dir='ltr'>equum</span> <span class='ocrx_word' id='word_1_156' title='bbox 1282 1770 1501 1834; x_wconf 83' lang='lat' dir='ltr'>gestabat</span> <span class='ocrx_word' id='word_1_157' title='bbox 1531 1777 1817 1819; x_wconf 89' lang='lat' dir='ltr'>ornamenta</span> <span class='ocrx_word' id='word_1_158' title='bbox 1845 1774 1935 1818; x_wconf 60' lang='lat'>50¹⁸</span> 
     </span>
     <span class='ocr_line' id='line_1_19' title="bbox 155 1853 1932 1904; baseline -0.002 0"><span class='ocrx_word' id='word_1_159' title='bbox 155 1858 443 1904; x_wconf 87' lang='lat' dir='ltr'>ducatorum</span> <span class='ocrx_word' id='word_1_160' title='bbox 471 1855 807 1904; x_wconf 87' lang='lat' dir='ltr'>estimationis.</span> <span class='ocrx_word' id='word_1_161' title='bbox 839 1855 922 1902; x_wconf 91' lang='lat' dir='ltr'>His</span> <span class='ocrx_word' id='word_1_162' title='bbox 953 1853 1248 1902; x_wconf 86' lang='lat' dir='ltr'>accedebant</span> <span class='ocrx_word' id='word_1_163' title='bbox 1282 1854 1684 1903; x_wconf 78' lang='lat' dir='ltr'>Excellentissimi</span> <span class='ocrx_word' id='word_1_164' title='bbox 1713 1853 1932 1904; x_wconf 88' lang='lat' dir='ltr'>Valentie</span> 
     </span>
     <span class='ocr_line' id='line_1_20' title="bbox 156 1938 1245 2003; baseline -0.001 -16"><span class='ocrx_word' id='word_1_165' title='bbox 156 1945 201 1989; x_wconf 81' lang='lat' dir='ltr'>et</span> <span class='ocrx_word' id='word_1_166' title='bbox 221 1941 442 1990; x_wconf 85' lang='lat' dir='ltr'>Ferrarie</span> <span class='ocrx_word' id='word_1_167' title='bbox 461 1940 628 1999; x_wconf 91' lang='lat' dir='ltr'>duces,</span> <span class='ocrx_word' id='word_1_168' title='bbox 653 1955 798 2003; x_wconf 88' lang='lat' dir='ltr'>quam</span> <span class='ocrx_word' id='word_1_169' title='bbox 819 1939 1054 1987; x_wconf 88' lang='lat' dir='ltr'>ditissime</span> <span class='ocrx_word' id='word_1_170' title='bbox 1073 1938 1245 1986; x_wconf 87' lang='lat' dir='ltr'>ornati.</span> 
     </span>
    </p>

    <p class='ocr_par' dir='ltr' id='par_1_5' title="bbox 136 2021 1936 2410">
     <span class='ocr_line' id='line_1_21' title="bbox 219 2021 1933 2082; baseline -0.002 -10"><span class='ocrx_word' id='word_1_171' title='bbox 219 2024 554 2073; x_wconf 88' lang='lat' dir='ltr'>Succedebant</span> <span class='ocrx_word' id='word_1_172' title='bbox 596 2025 790 2070; x_wconf 89' lang='lat' dir='ltr'>Mantue</span> <span class='ocrx_word' id='word_1_173' title='bbox 831 2026 877 2070; x_wconf 91' lang='lat' dir='ltr'>et</span> <span class='ocrx_word' id='word_1_174' title='bbox 920 2021 1260 2069; x_wconf 84' lang='lat' dir='ltr'>Montisferrati</span> <span class='ocrx_word' id='word_1_175' title='bbox 1297 2023 1628 2082; x_wconf 83' lang='lat' dir='ltr'>marchiones,</span> <span class='ocrx_word' id='word_1_176' title='bbox 1668 2022 1849 2070; x_wconf 90' lang='lat' dir='ltr'>amictu</span> <span class='ocrx_word' id='word_1_177' title='bbox 1889 2027 1933 2069; x_wconf 89' lang='lat' dir='ltr'>et</span> 
     </span>
     <span class='ocr_line' id='line_1_22' title="bbox 136 2094 1936 2172; baseline -0.003 -16"><span class='ocrx_word' id='word_1_178' title='bbox 136 2094 321 2156; x_wconf 40' lang='lat' dir='ltr'>&#39;ornatu</span> <span class='ocrx_word' id='word_1_179' title='bbox 344 2111 624 2172; x_wconf 90' lang='lat' dir='ltr'>sumptuoso</span> <span class='ocrx_word' id='word_1_180' title='bbox 644 2110 691 2155; x_wconf 87' lang='lat' dir='ltr'>et</span> <span class='ocrx_word' id='word_1_181' title='bbox 710 2105 871 2168; x_wconf 87' lang='lat' dir='ltr'>magni</span> <span class='ocrx_word' id='word_1_182' title='bbox 894 2103 1051 2168; x_wconf 88' lang='lat' dir='ltr'>pretii.</span> <span class='ocrx_word' id='word_1_183' title='bbox 1075 2104 1389 2153; x_wconf 89' lang='lat' dir='ltr'>Postmodum</span> <span class='ocrx_word' id='word_1_184' title='bbox 1407 2121 1521 2155; x_wconf 88' lang='lat' dir='ltr'>vero</span> <span class='ocrx_word' id='word_1_185' title='bbox 1540 2109 1756 2153; x_wconf 87' lang='lat' dir='ltr'>oratores</span> <span class='ocrx_word' id='word_1_186' title='bbox 1777 2106 1936 2153; x_wconf 88' lang='lat' dir='ltr'>Vene-</span> 
     </span>
     <span class='ocr_line' id='line_1_23' title="bbox 155 2188 1934 2257; baseline -0.004 -17"><span class='ocrx_word' id='word_1_187' title='bbox 155 2196 310 2241; x_wconf 89' lang='lat' dir='ltr'>torum</span> <span class='ocrx_word' id='word_1_188' title='bbox 331 2209 538 2257; x_wconf 88' lang='lat' dir='ltr'>quorum</span> <span class='ocrx_word' id='word_1_189' title='bbox 559 2192 653 2240; x_wconf 91' lang='lat' dir='ltr'>duo</span> <span class='ocrx_word' id='word_1_190' title='bbox 674 2190 1017 2257; x_wconf 88' lang='lat' dir='ltr'>precedebant,</span> <span class='ocrx_word' id='word_1_191' title='bbox 1040 2204 1240 2252; x_wconf 84' lang='lat' dir='ltr'>magnas</span> <span class='ocrx_word' id='word_1_192' title='bbox 1259 2189 1360 2236; x_wconf 89' lang='lat' dir='ltr'>auri</span> <span class='ocrx_word' id='word_1_193' title='bbox 1384 2188 1665 2254; x_wconf 83' lang='lat' dir='ltr'>chlamydes</span> <span class='ocrx_word' id='word_1_194' title='bbox 1684 2191 1934 2235; x_wconf 86' lang='lat' dir='ltr'>contextas</span> 
     </span>
     <span class='ocr_line' id='line_1_24' title="bbox 153 2272 1935 2341; baseline -0.003 -17"><span class='ocrx_word' id='word_1_195' title='bbox 153 2275 516 2340; x_wconf 87' lang='lat' dir='ltr'>pretiosissimis</span> <span class='ocrx_word' id='word_1_196' title='bbox 537 2276 742 2341; x_wconf 91' lang='lat' dir='ltr'>pellibus</span> <span class='ocrx_word' id='word_1_197' title='bbox 770 2279 994 2339; x_wconf 85' lang='lat' dir='ltr'>gerentes</span> <span class='ocrx_word' id='word_1_198' title='bbox 1021 2272 1315 2336; x_wconf 82' lang='lat' dir='ltr'>duplicatas;</span> <span class='ocrx_word' id='word_1_199' title='bbox 1340 2273 1515 2337; x_wconf 90' lang='lat' dir='ltr'>reliqui</span> <span class='ocrx_word' id='word_1_200' title='bbox 1541 2287 1656 2320; x_wconf 86' lang='lat' dir='ltr'>vero</span> <span class='ocrx_word' id='word_1_201' title='bbox 1681 2272 1935 2336; x_wconf 83' lang='lat' dir='ltr'>pretiosis-</span> 
     </span>
     <span class='ocr_line' id='line_1_25' title="bbox 155 2361 825 2410; baseline 0.001 -3"><span class='ocrx_word' id='word_1_202' title='bbox 155 2362 277 2410; x_wconf 73' lang='lat' dir='ltr'>simo</span> <span class='ocrx_word' id='word_1_203' title='bbox 299 2365 472 2410; x_wconf 86' lang='lat' dir='ltr'>ornatu</span> <span class='ocrx_word' id='word_1_204' title='bbox 494 2361 648 2410; x_wconf 86' lang='lat' dir='ltr'>vestiti</span> <span class='ocrx_word' id='word_1_205' title='bbox 672 2365 825 2409; x_wconf 92' lang='lat' dir='ltr'>erant.</span> 
     </span>
    </p>

    <p class='ocr_par' dir='ltr' id='par_1_6' title="bbox 156 2438 1934 2591">
     <span class='ocr_line' id='line_1_26' title="bbox 218 2438 1934 2515; baseline -0.004 -22"><span class='ocrx_word' id='word_1_206' title='bbox 218 2446 331 2494; x_wconf 83' lang='lat' dir='ltr'>Post</span> <span class='ocrx_word' id='word_1_207' title='bbox 367 2461 451 2492; x_wconf 92' lang='lat' dir='ltr'>eos</span> <span class='ocrx_word' id='word_1_208' title='bbox 485 2444 801 2492; x_wconf 87' lang='lat' dir='ltr'>Januensium</span> <span class='ocrx_word' id='word_1_209' title='bbox 832 2447 1047 2492; x_wconf 87' lang='lat' dir='ltr'>oratores</span> <span class='ocrx_word' id='word_1_210' title='bbox 1080 2461 1208 2515; x_wconf 46' lang='lat' dir='ltr'>xxiv,</span> <span class='ocrx_word' id='word_1_211' title='bbox 1235 2442 1526 2491; x_wconf 86' lang='lat' dir='ltr'>ornatissimi</span> <span class='ocrx_word' id='word_1_212' title='bbox 1558 2441 1642 2488; x_wconf 87' lang='lat' dir='ltr'>viri</span> <span class='ocrx_word' id='word_1_213' title='bbox 1678 2443 1726 2488; x_wconf 91' lang='lat' dir='ltr'>et</span> <span class='ocrx_word' id='word_1_214' title='bbox 1755 2438 1934 2487; x_wconf 90' lang='lat' dir='ltr'>amictu</span> 
     </span>
     <span class='ocr_line' id='line_1_27' title="bbox 156 2525 1848 2591; baseline -0.003 -16"><span class='ocrx_word' id='word_1_215' title='bbox 156 2527 390 2591; x_wconf 82' lang='lat' dir='ltr'>splendidi</span> <span class='ocrx_word' id='word_1_216' title='bbox 410 2531 458 2576; x_wconf 91' lang='lat' dir='ltr'>et</span> <span class='ocrx_word' id='word_1_217' title='bbox 479 2527 556 2575; x_wconf 88' lang='lat' dir='ltr'>alii</span> <span class='ocrx_word' id='word_1_218' title='bbox 578 2532 795 2576; x_wconf 87' lang='lat' dir='ltr'>oratores</span> <span class='ocrx_word' id='word_1_219' title='bbox 817 2531 864 2575; x_wconf 91' lang='lat' dir='ltr'>et</span> <span class='ocrx_word' id='word_1_220' title='bbox 885 2532 1135 2590; x_wconf 85' lang='lat' dir='ltr'>magnates</span> <span class='ocrx_word' id='word_1_221' title='bbox 1158 2527 1341 2575; x_wconf 86' lang='lat' dir='ltr'>curiam</span> <span class='ocrx_word' id='word_1_222' title='bbox 1361 2525 1546 2589; x_wconf 82' lang='lat' dir='ltr'>regiam</span> <span class='ocrx_word' id='word_1_223' title='bbox 1569 2527 1848 2587; x_wconf 77' lang='lat' dir='ltr'>sequentes,</span> 
     </span>
    </p>

    <p class='ocr_par' dir='ltr' id='par_1_7' title="bbox 155 2609 1935 2843">
     <span class='ocr_line' id='line_1_28' title="bbox 222 2609 1933 2674; baseline -0.004 -14"><span class='ocrx_word' id='word_1_224' title='bbox 222 2612 318 2660; x_wconf 90' lang='lat' dir='ltr'>Hos</span> <span class='ocrx_word' id='word_1_225' title='bbox 366 2610 691 2674; x_wconf 81' lang='lat' dir='ltr'>sequebantur</span> <span class='ocrx_word' id='word_1_226' title='bbox 732 2610 926 2659; x_wconf 90' lang='lat' dir='ltr'>ducenti</span> <span class='ocrx_word' id='word_1_227' title='bbox 969 2610 1154 2659; x_wconf 88' lang='lat' dir='ltr'>nobiles</span> <span class='ocrx_word' id='word_1_228' title='bbox 1198 2610 1331 2674; x_wconf 82' lang='lat' dir='ltr'>regie</span> <span class='ocrx_word' id='word_1_229' title='bbox 1373 2609 1544 2657; x_wconf 92' lang='lat' dir='ltr'>domus</span> <span class='ocrx_word' id='word_1_230' title='bbox 1586 2611 1751 2671; x_wconf 90' lang='lat' dir='ltr'>preter</span> <span class='ocrx_word' id='word_1_231' title='bbox 1794 2609 1933 2669; x_wconf 88' lang='lat' dir='ltr'>caput</span> 
     </span>
     <span class='ocr_line' id='line_1_29' title="bbox 157 2689 1935 2758; baseline -0.003 -15"><span class='ocrx_word' id='word_1_232' title='bbox 157 2694 346 2754; x_wconf 82' lang='lat' dir='ltr'>armati,</span> <span class='ocrx_word' id='word_1_233' title='bbox 371 2710 555 2743; x_wconf 88' lang='lat' dir='ltr'>massas</span> <span class='ocrx_word' id='word_1_234' title='bbox 578 2694 759 2742; x_wconf 86' lang='lat' dir='ltr'>ferreas</span> <span class='ocrx_word' id='word_1_235' title='bbox 778 2699 1022 2758; x_wconf 78' lang='lat' dir='ltr'>gerenteS,</span> <span class='ocrx_word' id='word_1_236' title='bbox 1046 2693 1240 2758; x_wconf 90' lang='lat' dir='ltr'>optimis</span> <span class='ocrx_word' id='word_1_237' title='bbox 1261 2693 1397 2757; x_wconf 91' lang='lat' dir='ltr'>equis</span> <span class='ocrx_word' id='word_1_238' title='bbox 1411 2691 1695 2749; x_wconf 85' lang='lat' dir='ltr'>insidentes,</span> <span class='ocrx_word' id='word_1_239' title='bbox 1715 2694 1762 2739; x_wconf 88' lang='lat' dir='ltr'>et</span> <span class='ocrx_word' id='word_1_240' title='bbox 1782 2689 1935 2754; x_wconf 86' lang='lat' dir='ltr'>pileos</span> 
     </span>
     <span class='ocr_line' id='line_1_30' title="bbox 155 2776 1474 2843; baseline -0.002 -16"><span class='ocrx_word' id='word_1_241' title='bbox 155 2779 201 2827; x_wconf 91' lang='lat' dir='ltr'>in</span> <span class='ocrx_word' id='word_1_242' title='bbox 224 2778 379 2843; x_wconf 89' lang='lat' dir='ltr'>capite</span> <span class='ocrx_word' id='word_1_243' title='bbox 403 2795 513 2826; x_wconf 90' lang='lat' dir='ltr'>cum</span> <span class='ocrx_word' id='word_1_244' title='bbox 533 2778 829 2843; x_wconf 89' lang='lat' dir='ltr'>plumaribus</span> <span class='ocrx_word' id='word_1_245' title='bbox 848 2782 895 2827; x_wconf 89' lang='lat' dir='ltr'>et</span> <span class='ocrx_word' id='word_1_246' title='bbox 914 2778 1118 2838; x_wconf 86' lang='lat' dir='ltr'>vexillis,</span> <span class='ocrx_word' id='word_1_247' title='bbox 1141 2777 1265 2826; x_wconf 87' lang='lat' dir='ltr'>miro</span> <span class='ocrx_word' id='word_1_248' title='bbox 1288 2776 1474 2824; x_wconf 91' lang='lat' dir='ltr'>ordine.</span> 
     </span>
    </p>

    <p class='ocr_par' dir='ltr' id='par_1_8' title="bbox 159 2857 1935 3010">
     <span class='ocr_line' id='line_1_31' title="bbox 220 2857 1935 2926; baseline -0.003 -15"><span class='ocrx_word' id='word_1_249' title='bbox 220 2865 394 2913; x_wconf 89' lang='lat' dir='ltr'>Postea</span> <span class='ocrx_word' id='word_1_250' title='bbox 415 2866 462 2911; x_wconf 88' lang='lat' dir='ltr'>et</span> <span class='ocrx_word' id='word_1_251' title='bbox 488 2861 618 2910; x_wconf 85' lang='lat' dir='ltr'>mille</span> <span class='ocrx_word' id='word_1_252' title='bbox 646 2862 839 2911; x_wconf 90' lang='lat' dir='ltr'>ducenti</span> <span class='ocrx_word' id='word_1_253' title='bbox 862 2862 1082 2911; x_wconf 82' lang='lat' dir='ltr'>archiferi</span> <span class='ocrx_word' id='word_1_254' title='bbox 1107 2862 1300 2926; x_wconf 84' lang='lat' dir='ltr'>equites</span> <span class='ocrx_word' id='word_1_255' title='bbox 1317 2859 1464 2908; x_wconf 86' lang='lat' dir='ltr'>additi</span> <span class='ocrx_word' id='word_1_256' title='bbox 1486 2857 1669 2907; x_wconf 89' lang='lat' dir='ltr'>lanceis</span> <span class='ocrx_word' id='word_1_257' title='bbox 1691 2858 1935 2921; x_wconf 85' lang='lat' dir='ltr'>supradic-</span> 
     </span>
     <span class='ocr_line' id='line_1_32' title="bbox 159 2945 1543 3010; baseline -0.003 -15"><span class='ocrx_word' id='word_1_258' title='bbox 159 2947 243 3006; x_wconf 85' lang='lat' dir='ltr'>tis3</span> <span class='ocrx_word' id='word_1_259' title='bbox 268 2946 478 3010; x_wconf 90' lang='lat' dir='ltr'>quelibet</span> <span class='ocrx_word' id='word_1_260' title='bbox 499 2946 627 2995; x_wconf 90' lang='lat' dir='ltr'>enim</span> <span class='ocrx_word' id='word_1_261' title='bbox 647 2947 818 2995; x_wconf 83' lang='lat' dir='ltr'>lancea</span> <span class='ocrx_word' id='word_1_262' title='bbox 836 2946 1047 2995; x_wconf 85' lang='lat' dir='ltr'>habebat</span> <span class='ocrx_word' id='word_1_263' title='bbox 1068 2945 1361 2994; x_wconf 80' lang='lat' dir='ltr'>arc-hiferum</span> <span class='ocrx_word' id='word_1_264' title='bbox 1385 2958 1543 2992; x_wconf 91' lang='lat' dir='ltr'>suum.</span> 
     </span>
    </p>

    <p class='ocr_par' dir='ltr' id='par_1_9' title="bbox 159 3025 1935 3259">
     <span class='ocr_line' id='line_1_33' title="bbox 223 3025 1932 3093; baseline -0.003 -16"><span class='ocrx_word' id='word_1_265' title='bbox 223 3030 471 3078; x_wconf 91' lang='lat' dir='ltr'>Postremo</span> <span class='ocrx_word' id='word_1_266' title='bbox 493 3045 637 3093; x_wconf 90' lang='lat' dir='ltr'>quam</span> <span class='ocrx_word' id='word_1_267' title='bbox 659 3028 853 3092; x_wconf 91' lang='lat' dir='ltr'>plurimi</span> <span class='ocrx_word' id='word_1_268' title='bbox 875 3034 1009 3076; x_wconf 79' lang='lat' dir='ltr'>extra</span> <span class='ocrx_word' id='word_1_269' title='bbox 1029 3028 1268 3087; x_wconf 89' lang='lat' dir='ltr'>ordinem,</span> <span class='ocrx_word' id='word_1_270' title='bbox 1290 3027 1634 3091; x_wconf 87' lang='lat' dir='ltr'>belligerorum</span> <span class='ocrx_word' id='word_1_271' title='bbox 1654 3026 1745 3074; x_wconf 85' lang='lat' dir='ltr'>tria</span> <span class='ocrx_word' id='word_1_272' title='bbox 1766 3025 1932 3082; x_wconf 70' lang='lat' dir='ltr'>millia,</span> 
     </span>
     <span class='ocr_line' id='line_1_34' title="bbox 159 3108 1934 3176; baseline -0.003 -16"><span class='ocrx_word' id='word_1_273' title='bbox 159 3113 237 3176; x_wconf 93' lang='lat' dir='ltr'>qui</span> <span class='ocrx_word' id='word_1_274' title='bbox 270 3111 439 3161; x_wconf 90' lang='lat' dir='ltr'>dentes</span> <span class='ocrx_word' id='word_1_275' title='bbox 468 3113 712 3175; x_wconf 83' lang='lat' dir='ltr'>longiores</span> <span class='ocrx_word' id='word_1_276' title='bbox 738 3112 899 3160; x_wconf 89' lang='lat' dir='ltr'>rastris</span> <span class='ocrx_word' id='word_1_277' title='bbox 931 3112 1114 3161; x_wconf 90' lang='lat' dir='ltr'>habent</span> <span class='ocrx_word' id='word_1_278' title='bbox 1135 3117 1183 3160; x_wconf 90' lang='lat' dir='ltr'>et</span> <span class='ocrx_word' id='word_1_279' title='bbox 1203 3112 1362 3176; x_wconf 90' lang='lat' dir='ltr'>potius</span> <span class='ocrx_word' id='word_1_280' title='bbox 1382 3111 1560 3159; x_wconf 89' lang='lat' dir='ltr'>vellent</span> <span class='ocrx_word' id='word_1_281' title='bbox 1582 3112 1775 3157; x_wconf 84' lang='lat' dir='ltr'>centum</span> <span class='ocrx_word' id='word_1_282' title='bbox 1796 3108 1934 3156; x_wconf 85' lang='lat' dir='ltr'>annis</span> 
     </span>
     <span class='ocr_line' id='line_1_35' title="bbox 161 3190 1935 3259; baseline -0.003 -16"><span class='ocrx_word' id='word_1_283' title='bbox 161 3197 206 3243; x_wconf 90' lang='lat' dir='ltr'>in</span> <span class='ocrx_word' id='word_1_284' title='bbox 228 3195 354 3244; x_wconf 89' lang='lat' dir='ltr'>bello</span> <span class='ocrx_word' id='word_1_285' title='bbox 375 3196 532 3244; x_wconf 88' lang='lat' dir='ltr'>vivere</span> <span class='ocrx_word' id='word_1_286' title='bbox 553 3211 697 3258; x_wconf 89' lang='lat' dir='ltr'>quam</span> <span class='ocrx_word' id='word_1_287' title='bbox 719 3196 847 3244; x_wconf 89' lang='lat' dir='ltr'>diem</span> <span class='ocrx_word' id='word_1_288' title='bbox 870 3211 1015 3243; x_wconf 89' lang='lat' dir='ltr'>unam</span> <span class='ocrx_word' id='word_1_289' title='bbox 1046 3195 1246 3259; x_wconf 86' lang='lat' dir='ltr'>pacifice</span> <span class='ocrx_word' id='word_1_290' title='bbox 1277 3210 1420 3258; x_wconf 84' lang='lat' dir='ltr'>agere</span> <span class='ocrx_word' id='word_1_291' title='bbox 1439 3211 1448 3252; x_wconf 85' lang='lat'>;</span> <span class='ocrx_word' id='word_1_292' title='bbox 1474 3197 1789 3255; x_wconf 88' lang='lat' dir='ltr'>asseruntque</span> <span class='ocrx_word' id='word_1_293' title='bbox 1811 3190 1935 3238; x_wconf 91' lang='lat' dir='ltr'>mul-</span> 
     </span>
    </p>
   </div>
   <div class='ocr_carea' id='block_1_3' title="bbox 159 3337 1934 3506">
    <p class='ocr_par' dir='ltr' id='par_1_10' title="bbox 159 3337 1934 3506">
     <span class='ocr_line' id='line_1_36' title="bbox 208 3337 1934 3388; baseline -0.004 -9"><span class='ocrx_word' id='word_1_294' title='bbox 208 3344 239 3379; x_wconf 83' lang='lat'>1.</span> <span class='ocrx_word' id='word_1_295' title='bbox 269 3342 365 3377; x_wconf 87' lang='lat' dir='ltr'>Tous</span> <span class='ocrx_word' id='word_1_296' title='bbox 387 3342 438 3377; x_wconf 86' lang='lat' dir='ltr'>les</span> <span class='ocrx_word' id='word_1_297' title='bbox 464 3354 552 3379; x_wconf 82' lang='lat' dir='ltr'>mss.</span> <span class='ocrx_word' id='word_1_298' title='bbox 576 3343 738 3380; x_wconf 85' lang='lat' dir='ltr'>donnent</span> <span class='ocrx_word' id='word_1_299' title='bbox 766 3355 774 3379; x_wconf 89' lang='lat'>:</span> <span class='ocrx_word' id='word_1_300' title='bbox 803 3354 972 3379; x_wconf 69' lang='lat' dir='ltr'>mensura</span> <span class='ocrx_word' id='word_1_301' title='bbox 997 3344 1128 3378; x_wconf 75' lang='lat' dir='ltr'>comati</span> <span class='ocrx_word' id='word_1_302' title='bbox 1154 3342 1375 3388; x_wconf 56' lang='lat' dir='ltr'>wammeh...</span> <span class='ocrx_word' id='word_1_303' title='bbox 1397 3340 1457 3387; x_wconf 87' lang='lat' dir='ltr'>qui</span> <span class='ocrx_word' id='word_1_304' title='bbox 1484 3351 1529 3374; x_wconf 86' lang='lat' dir='ltr'>nc</span> <span class='ocrx_word' id='word_1_305' title='bbox 1557 3338 1701 3385; x_wconf 59' lang='lat' dir='ltr'>signit&#39;ie</span> <span class='ocrx_word' id='word_1_306' title='bbox 1728 3337 1825 3382; x_wconf 84' lang='lat' dir='ltr'>rien3</span> <span class='ocrx_word' id='word_1_307' title='bbox 1849 3348 1934 3373; x_wconf 79' lang='lat' dir='ltr'>sans</span> 
     </span>
     <span class='ocr_line' id='line_1_37' title="bbox 160 3396 1933 3449; baseline -0.004 -12"><span class='ocrx_word' id='word_1_308' title='bbox 160 3403 269 3437; x_wconf 78' lang='lat' dir='ltr'>doute</span> <span class='ocrx_word' id='word_1_309' title='bbox 296 3412 361 3448; x_wconf 84' lang='lat' dir='ltr'>par</span> <span class='ocrx_word' id='word_1_310' title='bbox 387 3400 420 3435; x_wconf 84' lang='lat' dir='ltr'>la</span> <span class='ocrx_word' id='word_1_311' title='bbox 444 3400 540 3437; x_wconf 78' lang='lat' dir='ltr'>faute</span> <span class='ocrx_word' id='word_1_312' title='bbox 564 3400 612 3436; x_wconf 85' lang='lat' dir='ltr'>du</span> <span class='ocrx_word' id='word_1_313' title='bbox 639 3401 777 3449; x_wconf 85' lang='lat' dir='ltr'>copiste</span> <span class='ocrx_word' id='word_1_314' title='bbox 800 3401 861 3449; x_wconf 81' lang='lat' dir='ltr'>qui</span> <span class='ocrx_word' id='word_1_315' title='bbox 888 3401 1013 3436; x_wconf 83' lang='lat' dir='ltr'>n&#39;aura</span> <span class='ocrx_word' id='word_1_316' title='bbox 1038 3413 1104 3448; x_wconf 72' lang='lat' dir='ltr'>pas</span> <span class='ocrx_word' id='word_1_317' title='bbox 1131 3399 1287 3447; x_wconf 78' lang='lat' dir='ltr'>compris</span> <span class='ocrx_word' id='word_1_318' title='bbox 1315 3398 1367 3434; x_wconf 76' lang='lat' dir='ltr'>les</span> <span class='ocrx_word' id='word_1_319' title='bbox 1393 3397 1636 3434; x_wconf 72' lang='lat' dir='ltr'>abreviations</span> <span class='ocrx_word' id='word_1_320' title='bbox 1664 3398 1710 3432; x_wconf 87' lang='lat' dir='ltr'>du</span> <span class='ocrx_word' id='word_1_321' title='bbox 1737 3400 1836 3433; x_wconf 80' lang='lat' dir='ltr'>texte</span> <span class='ocrx_word' id='word_1_322' title='bbox 1863 3396 1933 3431; x_wconf 89' lang='lat' dir='ltr'>ori-</span> 
     </span>
     <span class='ocr_line' id='line_1_38' title="bbox 159 3459 268 3506; baseline 0.009 -12"><span class='ocrx_word' id='word_1_323' title='bbox 159 3459 268 3506; x_wconf 81' lang='lat' dir='ltr'>ginal.</span> 
     </span>
    </p>
   </div>
  </div>
 </body>
</html>
