2222 3926
163 339 322 381 [Janvier
335 340 430 380 ¹495]
602 335 772 375 RERUM
804 337 1107 374 URBANARUM
1139 335 1488 374 COMMENTARH.
1869 338 1941 373 219

235 441 372 490 Feria
404 440 636 501 secunda,
671 445 697 489 5
732 440 912 488 mensis
937 439 1161 503 januarii,
1199 438 1394 486 fuerunt
1424 452 1625 501 vespere
1658 438 1856 501 papales
1890 439 1937 485 in

167 524 351 589 capella
376 525 561 588 majore
589 523 769 588 palatii,
795 526 925 587 Papa
943 527 1187 586 presente,
1218 525 1266 570 et
1287 525 1397 570 ante
1426 521 1531 585 ejus
1563 520 1744 569 exitum
1772 520 1831 569 de
1860 537 1940 569 ca-

165 624 301 657 mera
319 607 556 672 papagalli
578 607 712 655 multi
735 606 854 655 Galli
882 606 1058 670 pedem
1080 608 1207 669 Pape
1228 605 1417 669 publice
1446 609 1557 652 sunt
1584 603 1869 664 deosculati,
1894 609 1942 652 et

166 697 275 757 post
314 707 534 756 vesperas
571 691 620 738 in
662 690 846 755 capella
879 689 1070 754 publice
1114 692 1243 753 Papa
1282 689 1332 736 in
1375 688 1496 736 solio
1534 687 1753 746 sedente,
1801 687 1937 747 Galli,

167 792 344 840 magna
368 775 417 823 in
445 775 709 839 quantitate
739 779 790 822 et
814 774 955 833 furia,
987 774 1090 822 sine
1121 773 1290 822 ordine
1316 789 1403 837 per
1428 788 1572 821 unam
1602 773 1772 820 horam
1795 787 1941 821 vene-

165 867 274 909 runt
303 861 364 910 ad
389 859 538 925 pedes
560 859 902 918 osculandum;
933 858 1153 906 similiter
1173 862 1220 906 et
1245 862 1502 922 postquam
1533 857 1663 919 Papa
1689 854 1751 903 ad
1777 869 1940 903 came-

165 960 267 993 ram
286 943 523 1008 papagalli
546 942 704 1000 rediit,
730 946 960 989 venerunt
981 941 1139 988 adhuc
1161 940 1239 988 alii
1267 939 1329 988 ad
1349 939 1499 1004 pedes
1524 938 1861 987 osculandum.
1888 940 1939 985 ln

165 1029 392 1093 vesperis,
414 1028 473 1075 de
491 1026 720 1075 mandato
739 1028 866 1088 Pape
889 1024 998 1072 dedi
1018 1024 1181 1072 locum
1206 1023 1256 1071 in
1277 1023 1398 1071 solio
1416 1022 1741 1070 illustrissimo
1763 1023 1820 1069 D.
1845 1023 1940 1069 En-

164 1112 399 1175 gelbertO,
438 1110 546 1158 duci
584 1108 824 1168 Cliviensi,
869 1111 916 1155 et
943 1107 1075 1156 fratri
1110 1122 1342 1171 germano
1376 1106 1539 1155 uxoris
1568 1120 1673 1165 sue,
1701 1121 1757 1153 ac
1778 1105 1942 1152 Ferdi-

162 1193 322 1241 nando
350 1191 529 1250 d'Este,
562 1191 660 1238 filio
689 1191 823 1240 ducis
848 1192 1086 1251 Ferrarie,
1108 1196 1155 1240 et
1174 1191 1223 1239 in
1248 1191 1477 1254 gradibus
1505 1189 1812 1238 inferioribus
1834 1189 1939 1237 solii

162 1275 379 1340 pluribus
400 1274 640 1323 nobilibus
656 1273 817 1323 Gallis.

227 1361 278 1407 ln
300 1359 378 1408 die
401 1357 638 1421 sequenti,
670 1357 756 1406 fuit
784 1358 933 1406 missa
953 1358 1184 1407 solemnis
1206 1357 1265 1406 de
1287 1357 1557 1421 Epiphania
1576 1356 1770 1404 Domini
1799 1371 1942 1419 quam

162 1441 419 1490 celebravit
448 1444 614 1489 Rmus.
640 1443 698 1488 D.
725 1440 1066 1500 cardinalis...,
1091 1443 1222 1505 Papa
1241 1445 1487 1504 presente.
1513 1443 1567 1488 In
1589 1439 1717 1488 dicta
1737 1439 1938 1504 capella,

162 1526 220 1575 de
252 1541 478 1574 sermone
509 1541 608 1573 non
638 1525 839 1573 memini
873 1525 912 1583 si
933 1525 1022 1574 fuit
1043 1529 1091 1574 et
1111 1525 1217 1589 quis
1247 1540 1358 1573 eum
1391 1524 1520 1573 fecit.
1556 1524 1703 1572 Missa
1730 1522 1864 1571 finita
1896 1528 1943 1572 et

162 1625 239 1658 me
264 1609 313 1657 in
334 1609 532 1657 domum
562 1624 773 1668 reverso,
798 1609 956 1673 reperi
985 1609 1144 1657 Gallos
1165 1612 1336 1657 contra
1355 1623 1517 1656 meam
1544 1607 1859 1665 voluntatem,
1883 1607 1943 1655 de

164 1693 285 1742 scitu
319 1697 481 1741 tamen
511 1697 560 1740 et
587 1692 786 1741 licentia
817 1693 932 1741 dicti
964 1692 1113 1741 Marci
1147 1692 1206 1741 de
1239 1691 1515 1752 ThebaldiS,
1541 1691 1711 1755 capitis
1731 1690 1943 1754 regionis

163 1779 347 1835 nostre,
388 1776 588 1823 domum
627 1791 787 1823 meam
827 1775 1050 1836 intrasse,
1094 1780 1281 1840 septem
1320 1792 1380 1824 ex
1418 1779 1528 1824 octo
1566 1775 1721 1839 equis,
1763 1774 1943 1823 multos

161 1859 324 1907 asinos
344 1874 466 1923 quos
486 1859 534 1906 in
558 1858 746 1906 stabulo
772 1858 1015 1907 habebam
1043 1860 1324 1923 exposuisse
1352 1863 1400 1908 et
1429 1863 1617 1923 septem
1648 1874 1760 1907 suos
1791 1858 1943 1906 intro-

161 1941 354 1991 duxisse
394 1941 476 2005 qui
514 1942 680 1990 fenum
719 1957 885 1990 meum
923 1931 1307 2002 consumebant;
1350 1957 1595 1991 cameram
1634 1957 1795 1990 meam
1840 1941 1942 1989 vice

161 2025 325 2074 comiti
356 2025 755 2089 Rothomagensi,
789 2030 837 2074 et
863 2041 1106 2075 cameram
1128 2028 1186 2074 D.
1219 2026 1410 2075 Andree
1436 2025 1662 2074 Pondens
1689 2024 1866 2072 artium
1893 2028 1941 2072 et

161 2108 401 2157 medicine
438 2108 650 2157 doctoris
686 2125 881 2158 mecum
917 2114 987 2158 tot
1023 2109 1161 2157 annis
1196 2109 1443 2173 hospitati,
1484 2109 1623 2158 alteri
1656 2107 1824 2167 nobili,
1860 2107 1939 2171 qui

159 2196 268 2257 post
298 2207 480 2256 paucos
517 2192 692 2241 deinde
726 2193 829 2242 dies
865 2193 916 2241 in
948 2193 1092 2241 domo
1131 2195 1189 2240 D.
1227 2193 1394 2241 Jacobi
1433 2193 1551 2241 Galli
1589 2208 1648 2240 ex
1678 2196 1815 2256 peste
1848 2191 1943 2239 vita

160 2276 352 2324 functus
384 2280 458 2325 est
487 2276 537 2324 in
569 2277 714 2336 Urbe,
747 2282 794 2326 et
822 2293 1064 2326 cameram
1089 2277 1231 2325 aliam
1258 2276 1541 2324 inferiorem
1568 2275 1619 2322 in
1649 2290 1744 2338 qua
1770 2289 1941 2323 omnes

158 2359 253 2408 mei
277 2360 554 2420 servitores,
579 2377 690 2409 cum
710 2361 940 2409 nonnulle
963 2360 1055 2410 alie
1077 2361 1238 2410 adhuc
1266 2374 1458 2408 camere
1483 2373 1593 2407 mee
1614 2358 1787 2406 domus
1810 2358 1939 2422 [non]

156 2442 373 2507 perfecte
418 2447 598 2504 essent,
642 2444 821 2493 familie
861 2444 1102 2493 dictorum
1138 2444 1374 2494 nobilium
1409 2444 1653 2492 Gallorum
1689 2443 1939 2507 deputatas

155 2543 287 2587 esse;
311 2526 514 2591 proinde
554 2542 652 2576 non
685 2544 856 2592 parum
885 2534 1158 2578 commotus
1194 2534 1329 2578 tanta
1361 2528 1487 2577 furia
1506 2533 1555 2577 et
1587 2526 1782 2591 injuria,
1815 2525 1939 2575 cessi

153 2610 214 2658 ad
233 2625 402 2674 regem
422 2610 624 2659 Francie
646 2611 774 2674 apud
794 2626 940 2675 quem
961 2611 1020 2660 de
1042 2614 1250 2676 peractis
1272 2629 1472 2663 suorum
1493 2617 1805 2676 conquestuS,
1831 2627 1938 2659 sum

155 2693 237 2756 qui
258 2708 335 2742 me
356 2693 488 2741 misit
507 2694 568 2742 ad
592 2702 820 2758 magnum
840 2697 1192 2745 marescalcum
1221 2697 1422 2746 Francie
1444 2696 1573 2760 apud
1588 2711 1731 2759 quem
1756 2699 1937 2743 tantum

154 2776 375 2839 sequenti
397 2776 474 2825 die
495 2792 584 2840 per
605 2793 684 2827 me
707 2783 754 2826 et
775 2779 1045 2828 cardinales
1073 2780 1337 2834 Sabellum,
1372 2779 1658 2828 Columnam
1688 2783 1736 2826 et
1757 2794 1796 2826 s,
1822 2777 1937 2826 Dio-

151 2858 275 2922 nysii
313 2858 534 2922 quodfuit
565 2859 704 2934 dicti-s
729 2859 874 2908 Gallis
903 2860 1034 2909 aliud
1062 2862 1328 2927 hospitium
1361 2861 1679 2926 assignatum,
1715 2859 1937 2909 videlicet

154 2939 327 2988 domus
350 2943 408 2988 D.
434 2941 600 2988 Jacobi
636 2942 775 3001 Galli,
800 2944 1021 2992 Romani.
1046 2945 1243 2994 Interim
1276 2949 1441 2994 tamen
1471 2945 1520 2993 in
1542 2945 1687 2994 domo
1708 2959 1820 2992 mea
1838 2958 1936 2991 non

155 3021 350 3071 fuerunt
370 3023 463 3071 nisi
485 3028 672 3088 septem
706 3041 876 3074 eorum
910 3027 1021 3090 equi
1041 3028 1204 3092 positi,
1228 3029 1309 3093 qui
1334 3029 1383 3077 in
1404 3046 1464 3079 ea
1481 3033 1762 3078 manserunt
1784 3041 1935 3089 usque

154 3103 216 3152 ad
234 3104 643 3170 feriamquartam,
679 3112 704 3155 7
738 3108 851 3157 dicti
880 3110 1078 3171 mensis,
1104 3127 1200 3175 qua
1227 3112 1459 3161 exiverint
1480 3111 1721 3160 stabulum
1748 3124 1930 3158 meum.

221 3186 360 3235 Feria
380 3189 563 3252 quinta,
586 3194 614 3238 8
631 3192 860 3255 januarii,
886 3193 1092 3258 spoliata
1112 3199 1160 3243 et
1180 3195 1443 3259 depredata
1463 3195 1550 3243 fuit
1571 3210 1659 3259 per
1676 3193 1837 3241 Gallos
1852 3192 1935 3239 do-

154 3285 261 3318 mus
284 3270 417 3319 Pauli
438 3271 497 3319 de
519 3273 712 3336 Planca,
729 3276 844 3325 civis
866 3277 1088 3336 Romani,
1112 3277 1354 3326 interfecti
1376 3278 1471 3326 duo
1493 3276 1578 3324 filii
1594 3277 1674 3344 *sui
1696 3282 1744 3324 et
1767 3276 1932 3340 plures

151 3407 171 3425 «
256 3391 514 3440 proclamatum
534 3395 670 3431 nemini
689 3396 826 3435 licitum
839 3399 987 3435 domum
1006 3400 1152 3437 intrare.
1176 3414 1195 3433 »
1219 3400 1271 3436 De
1291 3402 1406 3436 meme
1427 3398 1480 3435 les
1495 3403 1621 3437 autres
1641 3411 1732 3435 mss.
1750 3399 1842 3445 Voy.
1866 3398 1930 3433 Sa-

149 3451 260 3496 nudo,
282 3453 334 3489 La
352 3453 492 3499 spediz.
513 3454 553 3490 di
572 3455 699 3492 Carolo
722 3458 817 3499 VIII,
840 3469 876 3504 p.
897 3458 980 3495 171.
