2222 3926
302 332 371 370 314
909 327 1141 366 ,IOHANNIS
1175 327 1468 374 BURCHARm,
1859 332 1964 375 [Aoni
1983 334 2078 375 1496]

305 439 476 500 postea
501 434 620 483 alios
649 433 868 498 aspersit.
902 435 1021 481 Tum
1052 432 1250 481 incenso
1280 430 1523 479 thuribulo
1556 431 1782 494 imposito
1813 434 1872 480 ab
1906 436 2076 485 eodem

306 518 745 583 archipresbytero,
771 517 900 564 solus
920 516 1107 579 legatus
1130 518 1202 562 est
1222 514 1514 561 incensatus.
1537 515 1884 565 Processerunt
1906 517 2077 568 deinde

282 640 285 644 -
305 603 365 652 ad
386 603 534 652 altare
557 602 731 665 majus,
758 600 836 647 ubi
860 614 1003 662 super
1024 598 1211 645 duobus
1235 596 1427 660 paribus
1447 596 1725 645 faldistoriis
1746 614 1831 662 pro
1851 600 2011 664 legato
2032 607 2079 652 et

309 688 429 736 duce
459 684 657 750 paratis,
683 682 836 746 spatio
863 680 1175 744 competenti,
1208 679 1596 743 genuflexerunt3
1628 679 1723 727 dux
1750 681 1810 729 ad
1837 683 2079 732 sinistram

306 768 451 832 legati
474 767 519 814 in
544 766 686 830 plano
708 761 1017 827 presbyter'ii3
1044 766 1258 810 oratores
1288 766 1417 810 retro
1439 778 1523 811 eos
1545 778 1689 826 super
1710 764 1915 814 cussinis
1938 783 2082 832 super

308 851 463 915 gradu
485 847 699 898 inferiori
721 861 950 895 ascensus
972 844 1258 909 presbyterii
1278 860 1365 909 pro
1387 845 1457 894 eis
1483 846 1671 909 positis,

374 933 653 985 Versiculos
680 935 728 980 et
756 929 1024 978 orationem
1053 929 1171 976 dixit
1193 928 1406 992 prefatus
1434 929 1823 995 archipresbyter
1850 949 1995 998 super
2015 935 2082 983 le-

306 1025 498 1086 gatum;
525 1016 605 1080 qui
632 1014 805 1064 deinde
838 1017 970 1061 stans
1003 1012 1118 1060 dixit
1145 1012 1413 1061 orationem
1445 1013 1505 1061 de
1533 1014 1676 1063 beata
1703 1016 1852 1065 Maria
1879 1017 2078 1082 virgine,

304 1108 507 1169 patrona
531 1099 754 1149 ecclesie.
780 1097 919 1146 Dedit
943 1096 1332 1144 benedictionem
1355 1101 1400 1145 et
1421 1097 1746 1162 indulgentias
1767 1100 1912 1149 trium
1935 1117 2084 1151 anno-

308 1201 414 1235 rum
439 1190 487 1233 et
513 1189 718 1248 quatuor
736 1181 1153 1245 quadragenarum
1178 1196 1295 1243 quas
1315 1182 1648 1244 pronunciavit
1673 1199 1797 1232 unus
1820 1199 1879 1233 ex
1898 1185 2083 1235 benefi-

308 1270 444 1320 ciatis
468 1284 551 1317 seu
574 1265 912 1316 mansionariis
937 1281 946 1312 :
972 1265 1059 1313 alia
1085 1264 1334 1313 observata
1355 1270 1466 1313 sunt
1492 1281 1627 1314 more
1650 1267 1808 1316 solito.

372 1352 605 1401 Omnibus
628 1351 705 1398 his
735 1348 960 1413 peractis,
992 1348 1180 1411 legatus
1202 1349 1474 1397 reascendit
1502 1349 1699 1410 mulam,
1727 1355 1772 1400 et
1800 1352 1896 1400 dux
1922 1368 1977 1401 ac
2005 1353 2083 1402 alii

306 1453 417 1487 cum
440 1452 515 1496 eo,
542 1434 709 1482 ordine
725 1432 856 1496 prius
873 1431 1018 1480 dicto.
1042 1431 1187 1481 Venit
1208 1431 1269 1479 ad
1289 1436 1500 1481 castrum
1522 1433 1601 1482 ubi
1625 1449 1736 1482 eum
1759 1434 1853 1483 dux
1875 1436 2083 1500 hospitio

307 1520 509 1584 recepit,
546 1519 631 1566 sed
660 1517 941 1581 priusquam
971 1515 1123 1563 exiret
1148 1515 1207 1564 de
1238 1516 1442 1565 ecclesia
1474 1518 1860 1582 metropolitana,
1899 1519 1992 1566 dux
2023 1520 2083 1568 ad

306 1608 529 1668 rogatum
569 1616 733 1649 meum
770 1600 931 1663 posuit
967 1615 1164 1647 manum
1207 1600 1288 1647 uni
1332 1602 1534 1664 stanghe
1577 1601 1850 1650 baldachini
1882 1607 1929 1651 et
1965 1603 2082 1651 illud

307 1685 643 1753 parafrenariis
669 1683 816 1747 legati
847 1682 1038 1730 donavit
1068 1686 1115 1730 et
1139 1682 1452 1746 consignavit.
1484 1686 1630 1732 Erant
1658 1685 1786 1732 enim
1810 1686 1888 1734 alii
1917 1690 2084 1734 contra

307 1771 423 1819 illud
451 1769 541 1818 sibi
563 1767 807 1816 vindicare
836 1765 1105 1829 cupientes,
1131 1780 1227 1813 non
1257 1766 1476 1815 obstante
1508 1767 1638 1830 quod
1663 1767 1757 1815 dux
1784 1768 1971 1832 pridem
1997 1784 2085 1834 per

308 1854 551 1902 civitatem
579 1851 799 1900 mandari
824 1851 1020 1899 fecisset
1048 1855 1095 1899 et
1115 1850 1405 1914 proclamari
1427 1866 1487 1898 ne
1509 1851 1615 1913 quis
1638 1852 1726 1899 sub
1753 1867 1878 1915 pena
1904 1868 2084 1916 supen-

308 1935 456 1983 sionis
488 1933 779 1982 baldachino
813 1949 1010 1982 manum
1047 1934 1336 1997 imponeret,
1374 1933 1447 1981 vel
1481 1934 1608 1982 mule
1638 1933 1801 1995 legati,
1826 1951 1886 1983 ne
1914 1936 1964 1985 in
1989 1935 2083 1985 hoc

305 2020 493 2083 legatus
515 2022 595 2065 aut
617 2017 691 2065 sui
713 2017 873 2080 aliquo
894 2017 1040 2065 modo
1060 2017 1420 2080 injuriarentur.
1875 2002 1892 2017 ⁶

374 2105 608 2150 Pervento
645 2101 705 2149 ad
741 2105 952 2149 castrum
990 2105 1036 2149 et
1070 2101 1254 2148 curiam
1287 2101 1369 2147 ubi
1402 2101 1588 2165 legatus
1625 2102 1685 2149 ad
1719 2119 1829 2151 suas
1866 2118 2083 2152 cameras

308 2187 459 2234 iturus
497 2201 566 2232 exv
593 2184 723 2232 mula
761 2189 864 2233 erat
903 2184 1184 2243 descensus,
1227 2184 1420 2232 ducissa
1453 2184 1732 2245 Mediolani,
1775 2202 1868 2249 que
1903 2186 2082 2235 ibidem

306 2269 522 2331 legatum
551 2273 901 2331 expectaverat,
939 2268 1078 2315 exivit
1110 2268 1315 2331 primam
1349 2283 1592 2326 cameram
1621 2269 1718 2317 sive
1753 2270 1911 2317 aulam
1937 2270 2082 2333 legati

307 2367 419 2400 cum
449 2351 752 2415 pedissequis
784 2352 881 2398 suis
910 2355 958 2399 et
976 2351 1188 2414 legatum
1211 2351 1440 2415 suscepit,
1475 2351 1729 2416 ipsumque
1761 2369 1870 2401 cum
1892 2353 2014 2402 duce
2036 2358 2083 2403 et

310 2435 578 2483 oratoribus
609 2434 839 2499 predictis
869 2450 1021 2498 usque
1053 2435 1113 2482 ad
1139 2434 1391 2483 inferiores
1419 2451 1528 2483 suas
1563 2452 1781 2484 cameras
1811 2422 2079 2486 associavit.

309 2518 658 2567 Baldachinum
691 2520 750 2567 de
778 2535 872 2583 quo
901 2535 1043 2583 supra
1072 2519 1168 2566 dixi
1189 2534 1365 2567 novum
1388 2525 1489 2570 erat
1522 2536 1580 2569 ex
1612 2521 1926 2569 damaschino
1954 2521 2080 2582 albo,

310 2602 515 2666 pellibus
538 2603 837 2652 neutralibus
853 2602 1095 2651 variorum
1119 2601 1384 2650 suffultum.

374 2686 600 2735 Introitus
645 2687 791 2750 legati
838 2687 887 2734 in
932 2685 1260 2734 Mediolanum
1300 2686 1387 2734 suit
1427 2686 1555 2734 circa
1592 2687 1766 2735 horam
1803 2687 2083 2751 vigesimam

310 2786 473 2829 unam,
502 2770 575 2817 vel
597 2770 721 2818 ultra
746 2787 755 2819 :
785 2786 895 2818 cum
920 2771 1079 2833 legato
1101 2770 1148 2817 in
1172 2774 1330 2818 castro
1350 2770 1629 2833 paucissimi
1651 2786 1710 2819 ex
1732 2771 1828 2819 suis
1849 2771 2083 2835 hospitari

309 2856 587 2915 potuerunt,
611 2852 687 2899 vix
709 2858 914 2915 quatuor
934 2858 1016 2902 aut
1035 2869 1119 2901 sex
1135 2868 1400 2917 personne;
1425 2854 1504 2900 alii
1524 2854 1752 2917 hospitati
1771 2859 1880 2901 sunt
1898 2854 1946 2901 in
1965 2869 2083 2903 con-

309 2939 452 2982 ventu
482 2950 519 2981 5.
552 2935 812 2994 Francisci,
844 2940 891 2984 et
918 2937 1027 2999 equi
1055 2936 1271 2983 omnium
1299 2940 1346 2984 et
1372 2936 1501 2984 mule
1531 2936 1581 2983 in
1607 2937 1831 3000 hospitali
1861 2952 2001 2993 novo,
2034 2937 2082 2985 in

312 3020 458 3066 Porta
477 3020 709 3066 Romana.
737 3020 836 3065 Hac
853 3018 1007 3081 prima
1026 3022 1168 3067 nocte
1191 3024 1375 3067 tantum
1398 3018 1494 3066 dux
1513 3019 1624 3067 fecit
1646 3035 1881 3083 expensas
1902 3020 2083 3069 familie

313 3106 359 3148 et
389 3101 555 3149 bestiis
589 3101 888 3165 parcissime,
928 3102 1049 3150 adeo
1079 3101 1210 3164 quod
1235 3117 1405 3150 omnes
1427 3102 1486 3150 de
1509 3118 1566 3150 eo
1589 3103 2012 3166 conquerebantur
2037 3108 2085 3152 et

312 3184 477 3248 plures
511 3184 691 3248 absque
731 3199 850 3233 cena
879 3185 1222 3233 accubuerunt.
1262 3187 1362 3248 Ego
1402 3186 1669 3249 hospitatus
1701 3187 1766 3234 fui
1801 3203 1860 3235 ex
1891 3187 2083 3235 ordina-

309 3267 441 3315 tione
477 3267 774 3331 provisorum
807 3268 1060 3316 cardinalis
1093 3283 1203 3316 cum
1236 3268 1402 3316 bestiis
1441 3274 1488 3317 et
1525 3269 1834 3318 familiaribus
1872 3270 1993 3318 meis
2034 3271 2083 3318 in

311 3350 520 3414 hospitio
543 3367 581 3398 5.
606 3351 797 3399 Antonii
819 3352 868 3399 in
890 3351 1339 3412 PortaVercellina,
1364 3352 1505 3400 nimis
1527 3353 1640 3401 satis
1661 3353 1948 3403 inordinate.

379 3433 605 3492 Sabbato,
631 3437 689 3481 27
720 3434 926 3498 augusti,
951 3437 1114 3483 RmuS.
1141 3436 1197 3483 D.
1221 3435 1424 3498 legatUS,
1452 3440 1497 3484 et
1530 3451 1641 3484 cum
1677 3451 1735 3485 eo
1768 3436 1864 3485 dux
1897 3441 1945 3484 et
1973 3451 2083 3484 ora-
