2222 3926
177 347 394 387 [Decembre
417 348 511 386 1494]
630 345 796 382 RERUM
826 345 1128 396 URBANARUM
1163 345 1513 383 COMMENTARH.
1898 350 1967 386 213

180 453 389 512 oriundi,
416 452 507 499 nisi
532 452 580 499 in
609 453 754 500 armis
785 457 950 501 contra
979 465 1113 497 suam
1134 449 1440 512 Majestatem
1471 452 1520 495 et
1549 463 1662 496 suos
1690 450 1964 512 reperiren-
2003 503 2009 511 ,

180 541 285 595 tur;
311 541 358 585 et
392 537 519 584 inter
549 539 738 584 ceteros
766 535 814 583 in
843 536 968 584 Urbe
998 548 1184 581 moram
1203 531 1451 581 trahentes
1471 531 1618 582 voluit
1641 538 1689 582 et
1708 533 1967 584 declaravit

179 637 266 669 sua
308 621 536 683 Majestas
581 619 710 682 quod
756 634 926 667 omnes
970 617 1146 665 subditi
1194 616 1502 664 serenissimo
1543 616 1739 665 domino
1786 621 1962 666 Roma—

178 719 349 751 norum
374 703 474 766 regi
506 719 700 766 semper
726 707 930 766 augusto
959 706 1006 750 et
1038 700 1360 749 illustrissimo
1387 700 1590 764 principi
1621 702 1819 751 domino
1847 703 1962 751 Phi-

177 786 326 849 lippo,
352 786 456 849 ejus
479 785 658 849 inclyto
681 791 812 845 nato,
836 786 1027 832 Austrie
1059 785 1306 833 archiduci
1329 791 1376 833 et
1399 786 1676 849 Burgundie
1708 787 1836 847 duci,
1863 803 1960 835 non

176 869 351 917 minori
379 869 540 917 favore
569 885 655 932 per
683 884 795 916 suos
828 869 1094 931 armigeros
1117 869 1295 917 debere
1326 870 1519 917 tractari
1552 887 1698 933 quam
1730 871 1955 935 proprios

176 953 323 1015 ipsius
345 951 733 999 christianissimi
753 951 902 1012 regiS,
927 967 1024 998 una
1045 967 1156 998 cum
1178 952 1400 999 omnibus
1423 954 1651 1000 Romanis
1678 971 1687 1001 :
1714 959 1762 1003 et
1783 955 1875 1003 hac
1899 955 1958 1003 de

174 1051 320 1083 causa
355 1050 433 1083 me
467 1035 596 1081 misit
633 1036 690 1082 de
729 1034 898 1081 castris
936 1033 997 1080 ad
1034 1037 1090 1081 D.
1129 1035 1358 1083 comitem
1394 1035 1452 1083 de
1487 1037 1810 1100 Montpellier,
1851 1039 1958 1102 ejus

173 1122 434 1181 cognatum
464 1123 510 1166 et
544 1118 822 1182 generalem
847 1118 1277 1177 locumtenentem,
1310 1120 1370 1166 ad
1398 1120 1768 1183 significandum
1800 1123 1843 1171 ei
1869 1139 1958 1186 pro

171 1207 308 1266 parte
339 1218 424 1250 sue
453 1203 736 1266 Majestatis,
770 1206 820 1251 ut
855 1206 1045 1250 caveret
1073 1217 1162 1250 nec
1190 1203 1491 1265 permitteret
1518 1221 1605 1268 per
1624 1222 1957 1270 quoscumque

174 1287 446 1350 armigeros
470 1302 553 1335 sue
574 1286 839 1350 Majestatis
861 1285 1043 1348 aliquas
1066 1285 1267 1349 injurias
1286 1290 1367 1333 aut
1388 1287 1635 1335 molestias
1656 1288 1763 1336 fieri
1788 1305 1957 1353 supra-

172 1371 315 1420 dictis
338 1371 511 1419 incolis
538 1375 586 1419 et
606 1370 834 1435 precipue
859 1369 1050 1418 RRmis.
1078 1371 1177 1417 DD.
1203 1369 1548 1429 cardinalibus,
1572 1371 1956 1436 quibuscumque

171 1454 448 1503 cortisianis
470 1460 518 1503 et
538 1454 719 1503 civibus
754 1454 964 1502 romanis
993 1458 1040 1502 et
1061 1453 1270 1501 maxime
1298 1453 1413 1516 ipsis
1443 1454 1645 1502 subditis
1676 1457 1733 1502 D.
1769 1457 1957 1504 Cesaris

172 1543 222 1585 et
244 1542 299 1586 D.
338 1537 610 1585 archiducis
641 1537 867 1601 Philippi.
894 1540 950 1585 Et
973 1553 1028 1585 ea
1059 1537 1118 1585 de
1147 1552 1198 1585 re
1222 1538 1315 1585 hec
1342 1536 1468 1584 volui
1498 1538 1632 1585 vobis
1661 1539 1952 1602 significare,

169 1627 221 1670 ut
245 1622 282 1669 si
306 1621 573 1685 contingat,
600 1621 730 1684 quod
759 1621 898 1679 absit,
931 1621 1199 1684 armigeros
1221 1620 1583 1669 chistianissimi
1613 1621 1741 1685 regis
1774 1621 1954 1670 intrare

172 1706 349 1754 Urbem
389 1720 499 1753 cum
536 1707 683 1753 manu
715 1705 847 1764 forti,
880 1705 982 1752 sitis
1017 1704 1214 1752 advisati
1247 1705 1305 1751 de
1346 1704 1474 1752 bona
1519 1705 1759 1753 voluntate
1795 1706 1947 1770 ipsius

169 1789 556 1837 christianissimi
596 1788 743 1852 regis,
789 1794 837 1836 et
875 1793 924 1837 ut
960 1789 1154 1852 possitis
1188 1803 1272 1836 vos
1307 1793 1355 1836 et
1386 1792 1545 1837 vestra
1577 1788 1705 1838 bona
1738 1791 1952 1838 securius

170 1888 476 1931 conservare,
507 1887 665 1920 essem
695 1871 935 1935 opinionis
957 1872 1086 1935 quod
1115 1888 1226 1919 cum
1253 1872 1381 1920 bona
1405 1871 1601 1920 licentia
1622 1875 1678 1920 D.
1706 1874 1953 1922 secretarii

169 1959 225 2004 D.
260 1948 516 2004 cardinalis
546 1955 898 2019 Lugdunensis,
922 1956 1202 2014 recurratiS,
1229 1956 1266 2003 si
1296 1955 1526 2003 tumultus
1554 1955 1696 2004 fuerit
1724 1957 1772 2003 in
1802 1957 1947 2017 Urbe,

167 2040 228 2087 ad
248 2040 447 2088 domum
470 2054 580 2087 mee
603 2039 916 2087 habitationis
944 2055 1090 2102 quam
1118 2039 1356 2097 inhabito,
1391 2042 1438 2086 et
1467 2040 1620 2101 gratia
1647 2039 1760 2088 dicti
1789 2042 1845 2087 D.
1872 2056 1950 2088 se-

168 2123 357 2172 cretarii
379 2123 455 2170 cui
479 2122 636 2171 scribo
657 2122 706 2169 in
736 2123 1107 2186 presentiarium
1138 2128 1189 2171 ut
1218 2139 1300 2171 vos
1322 2122 1532 2185 benigne
1566 2123 1766 2186 recipiat
1798 2140 1808 2172 :
1843 2140 1949 2172 sum

166 2206 296 2253 enim
326 2221 516 2254 memor
543 2205 674 2269 quod
700 2205 759 2254 de
790 2205 941 2254 nihilo
974 2209 1103 2254 Deus
1136 2222 1214 2255 me
1246 2207 1424 2255 creavit
1454 2212 1502 2256 et
1533 2208 1594 2256 ad
1626 2208 1948 2257 cardinalatus

164 2289 402 2337 honorem
432 2293 479 2338 et
508 2305 656 2337 onera
676 2305 754 2338 me
777 2290 1015 2353 promovit
1036 2290 1096 2337 ad
1116 2306 1289 2354 preces
1317 2290 1444 2339 bone
1473 2292 1710 2340 memorie
1738 2292 1944 2350 CesariS,

162 2373 309 2437 ipsius
334 2373 632 2421 serenissimi
655 2377 986 2422 Romanorum
1006 2374 1133 2437 regis
1156 2378 1203 2422 et
1223 2374 1495 2438 principum
1511 2374 1794 2423 electorum.
1822 2378 1945 2432 Qua-

160 2462 373 2521 propter,
411 2457 623 2520 quandiu
649 2457 832 2517 vixero,
865 2458 1078 2506 conabor
1108 2458 1312 2506 reddere
1336 2458 1465 2506 vices
1496 2458 1799 2521 gratitudinis
1830 2459 1946 2522 ipsis

160 2542 217 2588 D.
252 2540 562 2589 serenissimo
597 2544 927 2589 Romanorum
959 2542 1078 2605 regi,
1119 2545 1176 2589 D.
1214 2541 1459 2590 archiduci
1498 2541 1719 2606 Philippo
1757 2547 1802 2590 et
1840 2558 1946 2590 om-

157 2623 297 2671 nibus
315 2639 486 2672 eorum
508 2624 727 2683 subditis,
752 2639 850 2672 non
868 2625 1028 2672 minus
1046 2641 1192 2687 quam
1212 2626 1250 2672 si
1270 2641 1428 2673 essem
1446 2625 1675 2672 oriundus
1693 2626 1752 2673 de
1775 2641 1944 2674 eorum

157 2707 407 2766 dominiis,
429 2710 529 2755 Deo
564 2708 704 2756 duce.
740 2708 929 2767 Valete‚
962 2708 1047 2755 filii
1077 2708 1366 2768 charissimi,
1401 2714 1450 2756 et
1477 2712 1635 2756 Deum
1666 2723 1755 2771 pro
1784 2708 1945 2756 inten-

158 2792 286 2840 tione
327 2808 437 2841 mea
478 2808 570 2856 que
613 2797 685 2840 est
724 2793 784 2840 ad
822 2808 994 2856 pacem
1036 2792 1357 2841 universalem
1397 2792 1522 2840 inter
1564 2791 1858 2846 christianos
1898 2798 1945 2841 et

156 2891 382 2939 guerram
413 2876 733 2924 universalem
761 2880 931 2924 contra
950 2878 1149 2934 Turcas,
1183 2879 1334 2924 orate.
1361 2878 1430 2923 Ex
1456 2875 1718 2935 Formello,
1742 2875 1834 2923 hac
1865 2876 1942 2924 die

93 2995 96 2998 Α
156 2975 273 3007 xxm
296 2960 585 3008 decembris.

350 3023 352 3025 ¹
755 3029 930 3075 Vester
950 3026 1152 3083 amicus,
1178 3024 1434 3074 cardinalis
1456 3026 1737 3074 Gurcensis.

224 3126 361 3174 Feria
382 3132 571 3189 quarta,
598 3130 659 3174 24
681 3127 971 3185 decembris,
995 3127 1156 3191 vigilia
1182 3126 1440 3184 nativitatis
1472 3126 1666 3175 Domini
1690 3126 1940 3174 salvatoris

158 3207 309 3254 nostri
335 3210 377 3254 J.
404 3209 595 3268 Christi,
622 3210 816 3258 fuerunt
836 3225 1036 3274 vespere
1068 3210 1328 3274 papalesin
1351 3209 1536 3273 capella
1560 3210 1746 3272 maj0re
1767 3207 1938 3272 palatii

163 3289 432 3353 apostolici,
462 3292 591 3353 Papa
610 3298 859 3354 presente;
891 3298 939 3340 et
965 3292 1014 3339 in
1041 3296 1183 3340 nocte
1212 3291 1428 3354 sequenti
1463 3290 1656 3338 fuerunt
1685 3290 1934 3338 matutine.

230 3372 283 3418 ln
316 3386 458 3418 mane
494 3373 733 3434 sequenti,
767 3374 944 3421 festum
963 3374 1221 3422 nativitatis
1242 3373 1473 3437 predicte,
1499 3375 1664 3419 Rmus.
1694 3375 1752 3419 D.
1783 3372 1938 3420 cardi-

171 3454 294 3501 nalis
326 3440 502 3502 Montis
539 3452 728 3516 Regalis
764 3456 843 3516 qui
881 3456 1094 3502 dicturus
1130 3461 1230 3503 erat
1263 3456 1460 3503 missam
1494 3456 1729 3517 maJ'orem
1762 3470 1848 3518 pro
1879 3468 1936 3502 eo
