2202 3926
311 366 378 403 122
925 364 1157 403 JOHANNIS
1190 363 1486 408 BURCHARDI,
1882 368 1965 408 [Mai
1987 368 2082 411 1494]

308 467 548 531 politanis,
579 467 709 531 quod
734 465 941 515 crastina
967 465 1063 525 die,
1095 481 1188 529 que
1215 466 1306 514 erit
1333 465 1546 514 secunda
1565 465 1709 528 hujus
1737 466 1916 514 mensis
1948 469 2078 527 maii,

309 550 438 598 circa
480 550 649 598 horam
684 567 763 609 xx,
813 552 977 596 Rmus.
1027 551 1084 596 D.
1136 548 1391 597 cardinalis
1436 547 1610 594 Montis
1650 548 1858 612 Regalis,
1896 549 2082 614 legatus

308 633 615 697 apostolicus,
638 633 833 681 intrabit
847 632 1085 680 civitatem
1103 631 1468 695 Neapolitanam
1483 646 1570 694 per
1582 635 1771 694 portam
1787 634 2079 696 Capuanam,

308 722 564 781 propterea
587 715 733 765 velint
753 715 814 763 ad
833 715 1005 762 horam
1030 730 1167 773 xvm,
1191 714 1317 761 illius
1346 713 1440 762 diei
1470 713 1520 761 in
1547 713 1752 762 ecclesia
1779 717 2084 781 neapolitana

311 799 583 858 convenire,
617 797 843 861 quoniam
872 797 1314 862 processionaliter,
1347 797 1450 846 sola
1477 801 1662 845 tantum
1693 814 1836 848 cruce
1867 801 2085 864 ejusdem

310 881 517 930 ecclesie
540 881 848 946 precedente,
874 896 1044 930 omnes
1077 881 1274 930 exibunt
1302 881 1362 929 ad
1382 884 1571 945 portam
1594 880 1877 944 predictam,
1907 882 2085 932 ibidem

311 966 536 1014 eumdem
562 966 776 1029 legatum
798 964 1055 1029 recepturi,
1090 969 1137 1013 et
1167 964 1276 1012 inde
1297 963 1373 1013 via
1392 968 1526 1012 recta
1552 963 1612 1011 ad
1639 963 1895 1013 ecclesiam
1916 981 2086 1028 supra-

310 1049 486 1098 dictam
512 1048 710 1097 redituri
733 1052 780 1096 et
807 1048 1107 1096 associaturi.
1133 1051 1201 1096 Ex
1229 1048 1442 1111 quolibet
1462 1047 1755 1096 monasterio
1780 1053 1828 1096 et
1849 1054 2087 1098 conventu

310 1137 408 1181 tres
443 1132 596 1196 parati
637 1135 777 1180 erunt
815 1131 1098 1194 pluvialibus
1135 1130 1272 1188 albis,
1309 1130 1349 1177 si
1380 1130 1561 1178 habere
1594 1134 1835 1194 poterunt,
1877 1131 2089 1195 alioquin

313 1215 509 1264 alterius
543 1214 736 1272 colmie,
776 1229 983 1278 quorum
1015 1213 1203 1261 medius
1234 1213 1417 1276 aliquas
1450 1213 1674 1277 reliquias
1708 1214 1909 1275 deferat,
1946 1230 2091 1279 quem

316 1295 580 1362 precedant
601 1298 696 1346 duo
719 1297 995 1346 ceroferarii
1017 1297 1243 1361 reliquias
1268 1297 1581 1345 honorantes.
1624 1317 1646 1341 »

378 1382 463 1432 Die
489 1382 696 1441 veneriS,
722 1385 748 1430 2
770 1381 951 1429 mensis
974 1381 1104 1440 maii,
1126 1381 1215 1429 fuit
1235 1385 1425 1444 tempus
1448 1395 1675 1429 serenum
1698 1385 1745 1429 et
1767 1380 2088 1430 clarissimum

315 1483 465 1530 usque
488 1466 549 1514 ad
571 1467 744 1514 horam
766 1481 1094 1530 vesperorum,
1129 1465 1301 1512 deinde
1323 1480 1474 1528 usque
1502 1464 1563 1512 ad
1588 1469 1781 1513 noctem
1807 1465 1944 1529 quasi
1973 1480 2091 1514 con-

322 1550 451 1598 tinue
471 1548 616 1613 pluit3
641 1548 936 1612 interpositis
956 1551 1118 1596 tamen
1139 1547 1395 1612 aliquando
1418 1547 1614 1607 vicibus,
1639 1548 1857 1597 cessavit.

377 1634 557 1682 Paratis
579 1633 724 1697 igitur
745 1632 967 1680 omnibus
988 1646 1075 1695 pro
1097 1631 1373 1694 receptione
1396 1631 1651 1679 cardinalis
1673 1632 1848 1679 Montis
1877 1632 2086 1696 RegaliS,

309 1717 453 1780 legati
482 1715 749 1781 apostolici,
781 1716 877 1763 RR.
909 1717 1000 1762 ΡΡ.
1035 1716 1136 1762 DD.
1171 1713 1520 1778 archiepiscopi
1551 1719 1599 1763 et
1631 1715 1844 1779 episcopi
1874 1716 2013 1779 regni
2039 1716 2088 1764 in

311 1800 498 1848 civitate
517 1799 833 1863 Neapolitana
849 1798 1112 1858 constituti,
1130 1798 1179 1845 in
1194 1800 1360 1846 Castro
1380 1799 1632 1848 Duchesco
1647 1799 1695 1847 in
1710 1804 1849 1863 porta
1864 1802 2089 1865 Capuana

311 1886 638 1932 convenerunt
668 1887 714 1931 et
742 1882 852 1930 inde
882 1882 1100 1930 similiter
1125 1881 1225 1928 bini
1254 1882 1528 1944 equitarunt
1558 1882 1684 1931 dicto
1713 1883 1874 1947 legato
1901 1884 2088 1932 obviam

310 1982 461 2030 usque
482 1981 630 2030 prope
651 1969 870 2013 sanctum
889 1965 1147 2025 Julianum,
1168 1964 1250 2013 ubi
1271 1980 1382 2013 eum
1403 1971 1708 2029 receperunt,
1730 1970 1785 2015 R.
1813 1970 1865 2016 P.
1892 1971 1950 2017 D.
1974 1968 2088 2018 Vin-

310 2050 469 2100 centio
495 2050 859 2115 archiepiscopo
886 2050 1216 2099 Aeherontino
1238 2065 1326 2113 pro
1349 2050 1572 2098 omnibus
1600 2050 1854 2114 loquente;
1879 2056 1927 2100 et
1954 2052 2083 2116 quia,

310 2140 361 2183 ut
381 2135 496 2193 dixi,
516 2139 706 2198 tempus
723 2133 991 2198 pluviosum
1012 2133 1117 2194 fuit,
1137 2134 1325 2197 legatus
1346 2133 1623 2196 aliquandiu
1643 2134 1692 2182 in
1714 2139 1880 2183 sancto
1899 2139 1923 2184 J
1928 2120 2086 2183 uliano

310 2217 503 2281 quievit,
547 2222 594 2264 et
629 2222 739 2280 post
771 2218 876 2281 ejus
916 2217 1112 2277 exitum,
1152 2217 1298 2265 modo
1335 2233 1555 2281 cappam,
1597 2218 1742 2265 modo
1782 2219 2083 2278 mantellum,

309 2301 453 2349 modo
474 2301 651 2348 iterum
678 2316 897 2364 cappam,
922 2305 1024 2349 tum
1052 2300 1347 2359 mantellum,
1374 2306 1570 2364 propter
1596 2301 1828 2365 temporis
1848 2301 2085 2350 instabili-

312 2388 475 2444 tatem,
499 2384 612 2447 quia
631 2383 680 2430 in
701 2399 853 2447 cappa
871 2384 1019 2432 videri
1045 2384 1251 2443 volebat,
1282 2384 1463 2448 recepit
1492 2388 1540 2433 et
1570 2401 1711 2433 suum
1738 2385 1987 2434 introitum
2018 2386 2085 2436 sic

310 2467 445 2530 quasi
466 2467 527 2514 ad
545 2467 714 2515 horam
737 2483 836 2514 xxn
856 2467 1106 2530 protraxit.

376 2553 475 2599 Rex
503 2550 632 2599 venit
663 2550 851 2598 obviam
886 2553 942 2599 D.
981 2551 1213 2599 cardinali
1246 2567 1398 2615 usque
1425 2551 1547 2600 ultra
1579 2556 1796 2601 sanctum
1825 2553 2086 2603 Antonium

310 2633 437 2681 inter
455 2633 560 2681 illas
581 2634 699 2682 duas
719 2634 960 2694 tabernas,
986 2650 1077 2697 que
1101 2638 1211 2682 sunt
1230 2634 1357 2683 inter
1384 2639 1600 2683 sanctum
1620 2635 1882 2684 Antonium
1905 2640 1951 2685 et
1973 2652 2087 2701 pro-

310 2718 493 2766 ximum
513 2717 675 2765 locum
698 2733 848 2782 prope
877 2721 1094 2766 sanctum
1116 2718 1373 2778 Julianum,
1398 2718 1496 2778 ubi,
1528 2718 1719 2768 detecto
1742 2720 1916 2784 capite,
1938 2720 2084 2770 voluit

313 2801 518 2849 osculari
557 2817 755 2849 manum
792 2801 960 2865 legati;
1002 2802 1131 2865 quod
1164 2802 1351 2866 legatus
1386 2818 1483 2850 non
1520 2803 1796 2863 admittenS,
1835 2804 1992 2867 ipsum
2025 2806 2083 2853 ad

313 2883 408 2931 oris
442 2883 660 2931 osculum
693 2883 875 2947 recepit
904 2887 950 2931 et
986 2883 1045 2930 ad
1080 2883 1319 2932 sinistram
1353 2900 1506 2945 suam,
1544 2885 1648 2948 ipso
1682 2889 1843 2935 tamen
1875 2903 1989 2951 rege
2025 2888 2085 2936 ad

313 2967 528 3016 dextram
560 2967 692 3031 prius
730 2966 946 3027 invitato,
989 2967 1217 3015 continuo
1257 2967 1471 3030 equitare
1510 2968 1646 3028 fecit3
1689 2974 1799 3018 ante
1836 2985 2002 3032 regem
2036 2975 2083 3018 et

309 3049 522 3113 legatum
543 3050 815 3114 equitarunt
836 3049 1003 3098 ordine
1031 3050 1305 3114 supradicto
1327 3066 1513 3100 omneS.
1538 3052 1770 3100 Dominus
1793 3055 1972 3102 Hector
1992 3055 2082 3102 Ca-

310 3133 443 3192 raffa,
480 3133 772 3182 camerarius
801 3133 957 3198 major
987 3133 1133 3197 regis,
1168 3134 1316 3183 frater
1347 3150 1605 3198 germanus
1640 3138 1695 3184 R.
1732 3138 1788 3184 D.
1827 3137 2080 3186 cardinalis

269 3203 271 3206 ’
308 3220 355 3264 et
393 3216 743 3281 archiepiscopi
776 3216 1092 3280 Neapolitani,
1125 3217 1328 3281 portavit
1361 3233 1527 3267 ensem
1562 3218 1802 3283 insignem
1836 3220 2076 3269 contrario

307 3298 450 3346 modo
479 3315 571 3362 quo
599 3299 703 3347 aliis
723 3299 1017 3364 principibus
1045 3300 1225 3363 portari
1257 3300 1379 3350 solet
1404 3317 1413 3349 ι
1438 3303 1659 3365 portabat
1687 3303 1816 3353 enim
1846 3309 2074 3369 punctam

307 3381 434 3429 ensis
461 3381 510 3428 in
530 3397 675 3430 manu
697 3388 743 3431 et
764 3382 1002 3432 manicam
1026 3383 1153 3431 ensis
1175 3400 1361 3433 sursum
1382 3386 1580 3435 tenebat
1601 3391 1829 3448 erectam,
1855 3387 2074 3452 equitans

306 3463 367 3512 ad
387 3463 628 3514 sinistram
656 3467 888 3529 capellani
917 3482 1111 3517 crucem
1138 3472 1248 3518 ante
1274 3468 1487 3533 legatum
1516 3473 1767 3534 portantis.
1800 3474 1913 3520 Post
1941 3471 2075 3535 lega-
