2202 3926
295 365 343 401 52
918 361 1152 398 JOHANNIS
1186 361 1483 405 BURCHARDI,
1859 366 1967 405 [Mars
1991 363 2084 402 1493]

297 465 427 527 pule,
459 464 672 514 medulla
699 462 854 528 paniS,
887 462 1048 515 oleum
1078 464 1562 523 cathecumenorum,
1587 464 1786 512 baculus
1810 467 2086 530 pastoralis,

295 565 451 598 canna
469 566 567 598 una
591 548 797 607 curtine,
823 546 944 594 calix
967 562 1076 595 cum
1097 547 1207 596 vino
1235 552 1284 596 et
1312 563 1438 611 aqua
1466 563 1522 595 ac
1543 551 1738 610 patena,
1762 548 1923 597 hostia
1942 548 2089 596 desu-

294 649 381 696 per
414 633 589 698 posita,
635 631 794 680 danda
834 630 1066 678 cardinali
1101 630 1149 678 in
1189 631 1520 689 ordinatione;
1546 630 1721 694 quibus
1760 632 1882 681 datis
1918 637 2090 696 postea

295 717 544 777 cardinali,
586 714 808 765 evacuavi
858 712 1061 762 calicem
1107 720 1154 762 et
1201 713 1358 762 amovi
1401 713 1632 774 hostiam,
1676 730 1731 763 ac
1766 716 1906 779 posui
1944 716 2087 764 aliam

296 805 580 849 consuetam
604 815 748 863 super
764 802 991 862 patenam
1012 813 1098 862 pro
1122 797 1351 861 episcopo
1376 800 1424 846 et
1443 797 1684 846 minorem
1703 814 1791 862 pro
1813 800 2055 849 cardinale
2074 818 2083 859 3

287 884 426 946 juxta
458 882 758 932 credentiam
796 886 962 946 parata
994 881 1186 929 fuerunt
1220 880 1315 928 duo
1345 879 1583 929 intortitia
1626 880 1751 940 alba,
1804 881 1900 930 duo
1933 899 2084 947 panes

293 966 473 1030 magni,
517 982 641 1014 unus
679 965 945 1024 inauratus,
997 965 1119 1012 alius
1160 963 1493 1028 inargentatus
1534 968 1582 1012 et
1625 964 1719 1012 duo
1759 962 1931 1013 barilia
1967 965 2082 1024 vini,

294 1067 443 1099 unum
476 1050 753 1099 inauratum
784 1051 831 1094 et
862 1046 992 1094 aliud
1019 1046 1396 1110 inargentatum,
1427 1061 1563 1094 arma
1589 1045 1846 1095 cardinalis
1874 1050 1922 1095 et
1956 1047 2085 1111 epis-

293 1134 401 1198 copi
422 1133 753 1198 predictorum
774 1129 823 1177 in
855 1129 1002 1177 fundo
1030 1128 1278 1188 habentia,
1309 1144 1395 1192 pro
1424 1129 1700 1189 offertorio;
1733 1134 1781 1178 et
1801 1130 1964 1179 casula
1985 1131 2083 1180 sive

292 1218 487 1281 planeta
506 1232 593 1281 pro
616 1213 859 1264 cardinale
882 1217 1050 1277 parata
1071 1216 1176 1261 erat
1196 1211 1378 1260 ibidem
1400 1212 1450 1260 in
1471 1212 1739 1262 credentia.
2077 1228 2080 1231 ’

358 1299 539 1348 Paratis
567 1299 795 1363 episcopo
825 1300 873 1345 et
898 1295 1143 1345 cardinale
1172 1296 1403 1360 predictis
1426 1296 1475 1343 in
1493 1295 1762 1345 faldistorio
1791 1302 1840 1346 et
1867 1299 2079 1349 scabello

294 1380 412 1441 suis,
452 1383 718 1446 respective
749 1382 956 1431 accessit
991 1386 1103 1430 ante
1143 1381 1294 1430 altare
1335 1382 1612 1446 episcopus,
1650 1385 1698 1430 et
1733 1381 1952 1446 deposita
1991 1383 2064 1450 sib

294 1464 453 1525 mitra,
491 1465 606 1514 dixit
636 1466 998 1515 confessionem
1029 1482 1141 1514 cum
1184 1465 1428 1514 cardinale
1470 1481 1498 1513 a
1529 1465 1735 1513 sinistris
1770 1466 1868 1514 suis
1900 1470 2079 1524 stante;

292 1566 386 1612 qua
406 1549 552 1609 dicta,
578 1551 837 1615 episcopus
857 1549 1061 1599 accessit
1082 1549 1143 1597 ad
1163 1549 1331 1610 altare,
1362 1554 1409 1597 et
1437 1549 1485 1596 in
1517 1549 1677 1597 medio
1709 1564 1768 1598 eo
1792 1550 2009 1599 osculato
2028 1566 2084 1599 ac

288 1635 413 1683 libro
446 1635 823 1699 evangeliorum,
865 1635 980 1682 dixit
1010 1633 1058 1681 in
1091 1649 1244 1682 cornu
1280 1633 1485 1697 epistole
1514 1632 1781 1693 introitum,
1813 1634 2083 1683 orationem

290 1717 349 1765 de
372 1721 541 1766 sancto
565 1719 816 1782 Gregorio,
842 1723 890 1768 et
910 1734 998 1782 pro
1021 1717 1291 1766 ordinando
1325 1718 1414 1765 sub
1436 1733 1531 1765 una
1550 1717 1881 1778 conclusione,
1907 1718 2082 1767 deinde

291 1800 758 1850 commemoratione
781 1802 839 1850 de
864 1801 983 1850 feria
998 1801 1086 1849 sub
1106 1817 1194 1849 sua
1209 1800 1540 1861 conclusione,
1561 1801 1835 1865 epistolam,
1854 1802 2081 1861 graduale

294 1889 341 1931 et
381 1888 589 1933 tractum
631 1901 784 1949 usque
826 1885 887 1934 ad
938 1885 1161 1934 ultimum
1206 1900 1401 1933 versum
1450 1884 1713 1943 exclusive3
1758 1884 1929 1933 eadem
1966 1885 2084 1934 dixit

295 1967 442 2017 etiam
486 1969 742 2017 cardinalis
784 1974 914 2017 stans
955 1968 1004 2017 in
1043 1984 1192 2018 cornu
1243 1967 1496 2032 evangelii,
1533 1984 1631 2016 non
1673 1971 1833 2016 tamen
1864 1983 1892 2016 a
1929 1968 2081 2018 latere

298 2051 530 2116 episcopi,
554 2052 639 2100 sed
656 2052 704 2099 in
721 2053 893 2117 capite.
1978 2110 1985 2115 ,

363 2135 445 2183 His
480 2135 636 2196 dictis,
670 2136 928 2200 episcopus
961 2141 1162 2200 accepta
1193 2136 1336 2183 mitra
1365 2135 1630 2199 genuflexit
1656 2135 1705 2182 in
1736 2135 2001 2184 faldistorio
2032 2136 2083 2184 in⁴

296 2219 456 2267 medio
485 2218 648 2266 altaris
678 2219 767 2266 sibi
800 2223 998 2283 parato3
1024 2218 1282 2267 cardinalis
1310 2218 1371 2266 ad
1394 2219 1501 2283 ejus
1529 2218 1772 2266 sinistram
1799 2223 1909 2267 ante
1932 2219 2080 2269 altare

295 2319 345 2351 se
384 2301 655 2366 prostravit,
698 2307 839 2366 prout
873 2303 926 2351 fit
963 2302 1010 2350 in
1048 2302 1495 2350 consecrationibus
1541 2301 1828 2361 electorum,
1874 2306 1920 2350 et
1959 2301 2077 2350 dixit

293 2385 524 2434 letaniam
560 2385 817 2450 episcopus
853 2391 901 2434 et
931 2385 1227 2435 cardinalem
1260 2385 1508 2434 benedixit
1539 2389 1682 2450 prout
1715 2385 1764 2433 in
1794 2385 2077 2449 pontificali,

295 2469 521 2534 baculum
552 2469 846 2534 pastoralem
874 2474 989 2518 tunc
1018 2470 1068 2517 in
1100 2470 1290 2518 sinistra
1312 2474 1484 2518 tenens
1511 2485 1521 2518 ε
1550 2469 1687 2518 finita
1713 2469 1895 2528 litania,
1927 2469 2079 2533 depo·

296 2553 384 2600 sita
414 2552 504 2600 fuit
534 2551 791 2601 dalmatica
826 2569 854 2602 a
890 2553 1152 2612 cardinale,
1191 2552 1270 2616 qui
1306 2568 1471 2601 coram
1504 2553 1733 2617 episcopo
1766 2557 1881 2601 ante
1909 2551 2075 2601 faldis-

294 2636 471 2684 torium
493 2651 604 2684 cum
625 2637 771 2684 mitra
798 2641 954 2686 stante
986 2636 1276 2702 genuflexit;
1311 2637 1393 2700 qui
1421 2636 1678 2700 episcopus
1708 2636 1875 2684 ambas
1904 2650 2076 2683 manus

293 2719 451 2782 posuit
488 2735 634 2782 super
672 2725 816 2784 caput
864 2720 1119 2770 cardinalis
1165 2720 1286 2768 nihil
1327 2720 1512 2768 dicens.
1557 2718 1690 2767 Idem
1741 2718 1947 2767 fecimus
1986 2733 2075 2767 nos

294 2816 463 2848 omnes
503 2801 582 2848 alii
621 2803 890 2868 presbyteri
934 2803 1115 2852 ibidem
1161 2808 1431 2867 presentes.
1474 2805 1594 2850 Tum
1642 2801 1858 2866 episcopi
1899 2805 1948 2850 et
1985 2816 2073 2849 nos

291 2881 578 2947 presbyteri,
620 2884 851 2947 depositis
898 2886 956 2934 de
991 2886 1147 2950 capite
1185 2885 1440 2934 cardinalis
1482 2885 1723 2944 manibus,
1765 2884 2072 2941 extendimus

291 2966 396 3013 illas
434 2982 597 3014 versus
636 2968 863 3015 eumdem
897 2969 1209 3029 cardinalem,
1251 2968 1480 3032 episcopo
1513 2984 1622 3016 cum
1662 2968 1807 3015 mitra
1833 2971 1990 3024 stant-e
2026 2969 2073 3014 et

291 3048 481 3097 dicente
515 3065 524 3096 :
561 3049 758 3097 Oremus
789 3050 1075 3099 dilectissimi
1095 3060 1178 3099 ete.
1207 3054 1326 3100 Tum
1354 3051 1629 3115 episcopus,
1663 3050 1884 3114 deposita
1904 3049 2066 3109 mitra,

289 3130 407 3178 dixit
431 3148 440 3179 :
467 3132 664 3180 Oremus
687 3150 702 3179 .·
726 3137 773 3181 et
806 3148 897 3197 ego
921 3149 930 3180 ε
955 3133 1222 3181 Fleec‘amus
1239 3149 1416 3198 qenua,
1441 3133 1617 3191 levate;
1638 3132 1895 3197 episcopus
1919 3132 2068 3188 conti?

287 3214 448 3262 nuavit
473 3233 482 3261 2
510 3215 706 3263 Eoeaudz'
726 3231 810 3263 nes
831 3231 1103 3280 quesumus,
1129 3217 1332 3264 Domine
1352 3223 1436 3264 ete.
1461 3216 1561 3263 Per
1581 3217 1739 3264 omnia
1761 3217 1918 3265 secula
1935 3232 2065 3264 seeu-

290 3295 441 3343 lorum
461 3305 545 3344 ete.

350 3379 505 3428 Finita
543 3382 823 3444 prefatione,
868 3383 1123 3447 episcopus
1164 3384 1305 3442 sedit,
1348 3384 1537 3448 accepit
1563 3384 1754 3432 mitram
1788 3388 1836 3432 et
1873 3387 2061 3446 partem

283 3462 602 3525 posteriorem
633 3467 754 3514 stole
790 3466 951 3530 posuit
984 3483 1129 3530 super
1166 3467 1425 3516 humerum
1460 3467 1682 3516 dextrum
1728 3466 1981 3516 cardinalis
2016 3473 2065 3516 et
