2222 3926
123 351 232 394 [Αοιὶι
249 351 344 391 1496]
571 350 742 389 RERUM
773 351 1078 394 URBANARUM
1114 351 1461 390 COMMENTARII.
1843 358 1913 394 309

123 455 352 520 episcopo
374 455 651 504 Placentino
674 456 774 519 qui,
799 455 996 504 dimisso
1018 471 1105 519 per
1124 455 1248 504 viam
1266 455 1446 519 legam,
1467 458 1686 519 pervenit
1715 459 1775 506 ad
1795 475 1910 523 por-

122 544 238 598 tam,
257 539 473 588 officium
489 539 694 607 agendo,
715 539 894 588 ibidem
908 539 989 588 ubi
1003 540 1189 604 legatus
1207 555 1232 587 e
1249 539 1471 588 manibus
1486 539 1907 604 episcopiorucem

121 623 428 672 deosculatus
450 627 522 672 est
537 623 839 686 genuflexus.
866 624 1154 672 Reascendit
1174 623 1356 671 mulam
1376 628 1423 672 et
1445 629 1647 688 accepto
1671 627 1904 676 mantello

121 706 179 754 de
214 706 542 765 ciambelotto,
581 707 810 770 equitavit
840 707 899 755 ad
929 707 1186 756 ecclesiam
1218 707 1565 768 cathedralem,
1592 710 1905 772 processione

121 790 225 853 ipsa
245 789 474 837 continuo
492 790 805 853 precedente.
829 791 1178 839 Baldachinum
1193 795 1444 855 portarunt
1463 791 1711 852 doctores3
1732 809 1903 843 omnes

121 873 308 936 equites
341 879 683 936 precesserunt
710 875 1090 937 processionem.
1115 878 1168 922 In
1190 875 1413 935 ecclesia,
1437 875 1625 939 legatus
1648 875 1765 924 dixit
1794 893 1904 925 ora-

124 957 303 1004 tionem
325 957 383 1004 de
405 957 547 1004 beata
568 957 719 1005 Maria
737 957 934 1020 virgine,
953 964 1156 1021 patrona
1177 959 1401 1017 ecclesie,
1422 964 1468 1007 et
1490 960 1733 1008 concessit
1750 961 1903 1009 indul-

121 1041 308 1104 gentias
339 1040 546 1088 duorum
579 1056 817 1089 annorum
847 1046 894 1089 et
926 1042 1128 1090 totidem
1151 1042 1570 1106 quadragenarum
1601 1060 1718 1107 quas
1745 1044 1905 1108 publi-

122 1125 243 1173 cavit
266 1141 391 1172 unus
415 1141 473 1173 ex
495 1125 740 1173 canonicis
757 1125 963 1174 ecclesie
980 1126 1276 1185 Placentine,
1296 1142 1463 1175 vocem
1478 1127 1673 1175 totalem
1696 1128 1900 1177 habens.

124 1210 404 1273 Prepositus
440 1209 565 1258 dicte
594 1209 800 1258 ecclesie
834 1210 1098 1258 versiculos
1133 1214 1179 1257 et
1212 1211 1484 1259 orationem
1515 1227 1660 1274 super
1690 1212 1904 1276 legatum

120 1292 255 1353 dixit,
274 1309 386 1340 nam
410 1293 668 1357 episcopus
693 1293 1021 1352 Placentinus,
1045 1297 1241 1356 recepto
1263 1293 1352 1341 sub
1372 1298 1512 1356 porta
1533 1294 1712 1358 legato,
1739 1295 1906 1344 dimis-

119 1376 182 1423 sis
223 1377 537 1439 paramentis,
573 1376 752 1424 ibidem
791 1376 1067 1424 reascendit
1104 1377 1286 1425 mulam
1329 1393 1464 1425 suam
1501 1382 1550 1425 et
1586 1378 1798 1441 legatum
1835 1381 1903 1428 sic

119 1460 372 1508 associavit
392 1460 442 1507 in
462 1459 619 1523 primo
645 1460 754 1508 loco
776 1461 903 1508 inter
931 1460 1140 1524 prelatos
1163 1460 1253 1508 sibi
1273 1475 1361 1524 per
1380 1475 1458 1507 me
1482 1459 1618 1508 datos
1644 1477 1654 1508 z
1680 1461 1774 1510 alia
1794 1467 1904 1511 sunt

119 1558 254 1591 more
277 1543 419 1591 solito
442 1543 710 1592 observata.
733 1546 939 1607 Legatus
959 1544 1230 1608 hospitatus
1253 1547 1326 1591 est
1350 1543 1398 1590 in
1418 1544 1597 1607 palatio
1619 1545 1899 1609 episcopali,

118 1642 208 1689 ego
242 1627 291 1674 in
326 1626 539 1690 hospitio
558 1627 748 1691 Angeli,
773 1627 852 1675 alii
886 1627 998 1675 alibi
1032 1632 1079 1675 et
1106 1627 1189 1687 ibi,
1224 1627 1284 1675 ad
1312 1627 1665 1676 ordinationem
1687 1629 1902 1693 magistri

117 1711 288 1758 domus
308 1710 454 1774 legati
481 1716 528 1758 et
547 1711 849 1774 provisorum
869 1711 1033 1775 legati,
1055 1712 1162 1775 ejus
1182 1711 1424 1774 expensis.

185 1793 454 1851 Dominica,
492 1797 547 1840 21
593 1794 803 1856 augusti,
845 1797 1011 1841 Rmus.
1055 1797 1111 1842 D.
1154 1794 1340 1857 legatus
1377 1795 1504 1843 venit
1544 1796 1605 1843 ad
1643 1797 1899 1845 ecclesiam

118 1876 446 1925 cathedralem
478 1876 726 1925 auditurus
757 1877 957 1924 missam
986 1877 1273 1925 solemnem.
1298 1877 1576 1941 Prepositus
1605 1883 1652 1926 et
1680 1880 1901 1928 canonici

115 1961 162 2008 in
194 1975 362 2008 eorum
398 1960 746 2024 superpelliciis
776 1965 1008 2008 venerunt
1040 1961 1128 2009 sibi
1156 1961 1346 2009 obviam
1379 1976 1531 2023 usque
1562 1961 1623 2009 ad
1655 1977 1899 2010 cameram

118 2060 274 2104 suam,
308 2044 536 2108 episcopo
577 2044 719 2092 etiam
759 2045 916 2108 ipsum
951 2044 1212 2093 comitante
1248 2049 1295 2093 et
1334 2045 1544 2108 primum
1578 2045 1740 2093 locum
1776 2046 1902 2094 inter

118 2128 332 2191 prelatos
359 2127 624 2176 obtinente.
656 2130 709 2175 In
737 2128 934 2175 introitu
958 2128 1183 2186 ecclesie,
1207 2128 1481 2191 prepositus
1502 2117 1706 2191 portavit
1733 2144 1900 2192 asper—

117 2209 297 2257 sorium
331 2226 441 2258 cum
470 2227 595 2274 aqua
621 2211 879 2260 benedicta
910 2228 919 2259 :
951 2212 1051 2275 qui,
1077 2227 1135 2259 eo
1163 2217 1381 2275 accepte,
1407 2211 1610 2275 aspersit
1639 2227 1690 2259 se
1721 2211 1895 2275 primo,

115 2292 289 2341 deinde
312 2293 432 2342 alios
455 2298 502 2343 et
521 2295 651 2342 venit
672 2295 732 2343 ad
753 2295 920 2343 sedem
943 2295 1290 2359 episcopalem,
1315 2294 1441 2365 facta
1460 2294 1594 2358 prius
1616 2299 1725 2343 ante
1747 2295 1898 2343 altare

113 2377 348 2436 oratione,
374 2393 509 2426 more
533 2379 692 2439 solito,
718 2383 765 2427 et
793 2378 1101 2439 confessione
1127 2395 1238 2428 cum
1266 2380 1562 2428 celebrante.
1591 2378 1742 2427 Sedes
1764 2379 1893 2442 epis-

112 2460 292 2524 copalis
313 2466 480 2523 parata
500 2463 588 2510 fuit
606 2463 750 2526 pallio
772 2463 990 2511 bruccati
1014 2463 1115 2510 auri
1143 2479 1151 2511 :
1178 2463 1239 2511 ad
1261 2464 1366 2528 ejus
1388 2463 1637 2511 dexteram
1665 2462 1713 2508 in
1737 2461 1891 2509 banco

113 2548 280 2607 parato
314 2548 549 2593 steterunt
587 2544 759 2607 prelati
790 2549 838 2592 et
871 2560 962 2608 ego
1001 2561 1112 2592 cum
1149 2545 1445 2604 caudatario,
1477 2549 1524 2592 et
1560 2543 1653 2591 alio
1694 2543 1755 2590 ad
1791 2543 1895 2606 ejus

114 2627 373 2676 sinistram.
396 2628 660 2692 Episcopus
682 2628 988 2676 Placentinus
1011 2629 1142 2677 stetit
1163 2629 1213 2675 in
1234 2628 1390 2692 prima
1411 2628 1526 2676 sede
1549 2626 1895 2674 canonicorum

115 2711 174 2759 ad
202 2711 451 2759 dexteram
479 2711 699 2760 intrantis
725 2711 960 2760 venientis
990 2727 1079 2774 per
1102 2715 1293 2775 portam
1320 2709 1639 2774 principalem
1667 2708 1893 2766 ecclesie,

113 2794 161 2841 in
202 2810 297 2857 qua
334 2795 448 2844 sede
485 2795 603 2843 alias
643 2795 914 2859 prepositus
955 2795 1161 2843 ecclesie
1210 2795 1381 2843 sedere
1428 2792 1708 2850 consuevit3
1749 2807 1895 2855 quam

113 2893 282 2941 parare
304 2877 419 2927 fecit
440 2884 574 2927 certo
596 2878 741 2942 pallio
764 2879 822 2927 de
848 2879 1034 2927 taffetta
1054 2878 1126 2926 vel
1149 2878 1293 2926 simili
1316 2877 1490 2926 coloris
1513 2875 1665 2924 rubei.
1688 2877 1896 2939 Legatus

115 2960 282 3009 habuit
316 2977 478 3010 coram
513 2978 564 3010 se
599 2962 818 3021 missale;
844 2962 974 3025 quod
1005 2978 1117 3010 cum
1140 2962 1418 3026 displiceret
1445 2960 1624 3023 legato,
1650 2959 1743 3006 feci
1779 2959 1896 3005 illud

58 3047 60 3049 ’
116 3044 345 3091 amoveri.
370 3047 579 3108 Legatus
601 3045 716 3092 dixit
742 3061 751 3093 :
773 3045 845 3092 Et
869 3046 918 3092 in
945 3046 1106 3106 Terra,
1133 3054 1238 3105 etc„
1263 3046 1478 3103 Patrem,
1501 3051 1606 3102 etc„
1627 3043 1832 3090 Sanctus
1853 3051 1899 3089 et

114 3126 157 3173 A
165 3142 292 3189 ymas
318 3127 413 3174 Dei
439 3144 550 3176 cum
571 3129 668 3176 suis
689 3129 885 3192 prelatis
904 3129 965 3177 ad
980 3130 1084 3193 ejus
1107 3129 1355 3177 dexteram
1378 3127 1632 3184 stantibus,
1656 3141 1765 3173 cum
1788 3125 1895 3188 qui-

116 3211 204 3257 bus
230 3209 386 3258 stabat
405 3211 550 3259 etiam
571 3212 782 3261 Achilles
808 3213 867 3261 de
894 3213 1097 3272 Grassis,
1132 3212 1335 3260 auditor.
1362 3214 1418 3258 D.
1445 3210 1592 3257 abbas
1615 3225 1653 3256 s,
1681 3209 1893 3256 Severini

120 3291 427 3339 Placentinus
467 3292 636 3342 habuit
669 3296 879 3358 primum
916 3296 1076 3343 locum
1112 3295 1208 3343 sive
1249 3294 1378 3342 stetit
1410 3294 1460 3340 in
1491 3292 1648 3355 prima
1681 3291 1795 3339 sede
1836 3291 1896 3338 ad

118 3375 360 3422 sinistram
384 3375 605 3423 intrantis
626 3377 847 3439 chorum,
872 3378 1017 3425 modo
1038 3378 1274 3441 predicto,
1293 3377 1358 3424 ita
1378 3375 1508 3438 quod
1528 3375 1827 3438 interipsum
1849 3378 1895 3420 et

119 3458 397 3521 episcopum
421 3458 752 3507 Placentinum
779 3465 919 3523 porta
948 3464 1132 3507 tantum
1163 3463 1265 3507 erat
1294 3457 1592 3505 intermedia.
1616 3457 1774 3503 Altare
1797 3470 1890 3501 non
