2202 3926
281 323 346 358 176
878 319 1110 356 JOHANNIS
1144 318 1437 363 BURCHARDI,
1847 316 1929 354 [Mai
1953 316 2047 355 1494]

282 427 428 482 trum,
485 438 629 485 super
666 421 916 470 brachium
954 422 1173 469 dextrum
1216 421 1401 468 habens
1443 419 1613 465 becam
1662 417 1758 465 sive
1795 418 2044 483 licippium

282 506 463 554 eisdem
486 505 656 568 pannis
677 493 983 563 subductum,
1010 508 1055 552 et
1077 504 1125 550 in
1147 503 1301 565 capite
1327 501 1558 548 birretum
1579 514 1831 548 rosaceum
1852 516 2048 564 parvum

282 591 425 639 etiam
465 590 610 653 perlis
651 589 914 646 suffultum,
947 586 1023 634 cui
1062 586 1163 648 ipse
1201 600 1286 632 rex
1322 582 1510 630 donavit
1555 582 1863 630 standardum
1899 599 2048 631 unum

281 689 508 737 magnum
543 686 787 719 armorum
821 669 965 731 regis,
1001 672 1048 715 et
1083 667 1367 715 Ursinorum
1399 681 1426 713 a
1447 666 1602 729 quarti
1635 673 1718 725 tre,
1749 670 1796 715 et
1825 667 2048 715 baculum

284 772 429 803 unum
452 758 703 817 argentum
727 753 822 800 sive
844 751 1066 798 mazziam
1085 749 1133 796 in
1152 764 1350 796 manum
1372 749 1606 806 dextram,
1629 748 1835 812 insignia
1860 750 2051 813 grandis

282 837 676 887 contestabilatus
699 835 833 899 regni
865 834 1024 883 Sicilie
1048 832 1193 880 officii
1214 832 1399 896 pridem
1423 831 1511 879 sibi
1532 831 1644 890 dati,
1673 847 1783 879 cum
1810 847 1920 895 qua,
1942 849 2051 895 pre-

282 922 483 970 cedente
512 919 768 968 stendardo
790 935 817 966 a
838 918 1046 981 quodam
1072 916 1221 964 nobili
1246 920 1456 979 portato,
1481 915 1608 963 idem
1638 917 1695 962 D.
1729 915 1927 963 Gentilis
1949 915 2054 965 Vir-

283 1005 439 1069 ginius
464 1021 492 1053 a
520 1003 723 1051 sinistris
746 1007 801 1051 D.
827 1000 1024 1050 Joffredi
1056 1000 1279 1064 equitavit
1297 1015 1382 1063 per
1403 999 1642 1047 civitatem
1668 998 2048 1061 Neapolitanam,

285 1105 421 1137 more
444 1087 581 1137 solito
604 1104 631 1135 a
653 1087 892 1135 nobilibus
915 1090 962 1134 et
978 1084 1237 1134 baronibus
1257 1083 1539 1132 associatus.

349 1175 515 1219 Rmus.
551 1174 609 1218 D.
631 1169 885 1218 cardinalis
913 1168 1266 1232 Montisregalis
1291 1167 1479 1230 legatus
1510 1167 1814 1230 supradictus
1842 1181 1901 1214 ex
1929 1165 2054 1213 Urbe

285 1255 418 1304 duxit
440 1254 667 1302 familiam
689 1253 888 1301 inferius
911 1252 1210 1316 designatam
1233 1255 1280 1300 et
1302 1250 1511 1314 prelatos
1533 1251 1756 1300 videlicet
1782 1267 1791 1298 :

350 1343 407 1388 D.
431 1339 656 1387 Alvarum
685 1337 851 1385 Garsia
881 1336 939 1384 de
971 1336 1125 1394 Soria,
1158 1334 1442 1398 magistrum
1465 1335 1653 1383 domus.
1677 1364 1740 1370 —
1770 1338 1828 1383 D.
1854 1335 2057 1383 Ludovi-

287 1440 397 1472 cum
430 1422 488 1469 de
515 1424 719 1485 Apreca,
742 1419 1028 1468 canonicum
1050 1418 1459 1478 Panormitanum.
1484 1447 1547 1453 —-
1576 1421 1631 1465 D.
1659 1420 1845 1482 Lupum
1875 1417 2056 1465 Gundi—

293 1508 424 1568 salvi,
463 1509 749 1556 canonicum
782 1506 1235 1570 Compostellanum.
1259 1534 1323 1540 —
1351 1507 1407 1552 D.
1450 1505 1757 1553 Guillelmum
1793 1507 2054 1562 Varonem,

292 1592 620 1641 secretarium.
656 1621 717 1626 -—
751 1595 807 1638 D.
850 1590 1136 1638 Michaelem
1166 1589 1435 1648 Claudium,
1460 1589 1708 1651 utriusque
1736 1589 1857 1653 juris
1891 1587 2059 1635 docto-

287 1690 407 1735 rem,
429 1674 714 1723 auditorem.
740 1703 802 1709 —
824 1677 880 1721 D.
899 1673 1237 1721 Gundisalvum
1251 1675 1441 1731 Torres,
1466 1676 1763 1720 secretorum
1786 1671 2053 1719 doctorem.

285 1788 348 1794 —
376 1761 432 1806 D.
468 1761 659 1806 Petrum
680 1757 849 1815 Mauri,
881 1756 1180 1819 prepositum
1207 1756 1537 1803 Tarentinum.
1569 1783 1631 1789 ——
1650 1757 1706 1802 D.
1736 1753 1969 1801 Didacum
1999 1752 2058 1799 de

288 1841 543 1890 Paladinis.

356 1925 650 1972 Camerarius
670 1940 740 1971 1111
764 1941 771 1969 :
795 1926 1053 1971 Jannotum
1079 1922 1308 1970 Luberra.
1335 1950 1397 1956 —-
1416 1921 1709 1970 Ludovicum
1738 1919 1888 1968 Ferri.
1913 1946 1976 1953 —-
1999 1920 2055 1966 D.

290 2007 575 2071 Gregorium
600 2006 814 2066 Cechuli,
838 2005 1124 2054 canonicum
1146 2008 1537 2052 Lateranensem.
1557 2033 1619 2038 —
1640 2002 1936 2050 Fridericum
1959 2004 2060 2048 Ma-

287 2091 474 2139 latesta.

359 2173 623 2238 Semiferos
644 2187 747 2220 xxn
768 2189 776 2219 :
803 2174 1050 2221 Perottum
1064 2172 1121 2225 de
1135 2173 1315 2235 Mingo,
1332 2171 1614 2234 magistrum
1635 2167 1822 2217 stabuli.
1845 2197 1907 2203 —
1927 2167 2061 2215 Alva—

289 2272 394 2304 rum
426 2255 483 2303 de
517 2256 843 2303 Blacamonte.
869 2284 931 2290 ——
950 2256 1220 2302 Johannem
1249 2255 1307 2302 de
1329 2253 1520 2313 RechiS,
1547 2253 1757 2301 scalcum
1786 2250 1952 2300 tinelli.
1997 2278 2059 2285 ——

290 2338 523 2385 Didacum
545 2338 797 2400 Butafago,
823 2337 1215 2384 archidiaconum
1229 2335 1564 2383 Alborensem.
1582 2334 1918 2382 —Henricum
1939 2333 2054 2391 Zaff,

290 2421 521 2470 clericum
544 2420 876 2478 Basiliensem,
902 2419 1128 2467 comitem
1149 2419 1432 2466 Palatinum.
1453 2446 1518 2453 ——-
1536 2418 1758 2466 Alvarum
1784 2417 1842 2465 de
1864 2415 2057 2480 Bigalis.

290 2535 352 2541 —
383 2503 784 2566 Christophorum
823 2503 1043 2550 Baiardo.
1082 2531 1144 2538 --
1174 2502 1420 2549 Matheum
1448 2503 1621 2563 Furga.
1657 2529 1719 2534 —
1755 2497 2062 2546 Franciscum

292 2588 565 2635 Rossinum.
597 2614 659 2621 —-—
691 2585 953 2633 Antonium
987 2586 1274 2633 Fondinum.
1306 2614 1368 2619 —
1397 2584 1660 2632 Fabianum
1696 2581 1975 2631 Benavides.
2001 2608 2062 2617 -—

295 2672 552 2734 Gasparem
589 2667 825 2716 Licinum.
860 2698 922 2704 -——
951 2669 1200 2717 Nicolaum
1239 2670 1507 2716 Romanum
1540 2666 1968 2715 Transtiberinum.
1999 2693 2061 2700 —-

294 2752 563 2800 Johannem
587 2752 886 2816 Stephanum
906 2752 963 2800 de
986 2752 1125 2799 Nitia.
1149 2779 1211 2786 ——
1231 2750 1528 2798 Fridericum
1548 2750 1869 2798 Alemannum
1890 2747 2063 2796 Dunie-

296 2840 385 2881 tra.
404 2863 467 2868 —
477 2838 499 2881 J
505 2834 766 2894 ohannem,
790 2840 1052 2883 tonsorem.
1065 2864 1128 2870 —
1139 2833 1409 2882 Gometium
1422 2833 1771 2898 Raymundum.
1785 2830 2065 2879 —Muschi-

298 2933 413 2965 num
429 2917 488 2965 de
509 2917 732 2966 Pistorio.
754 2946 816 2953 ——
838 2919 1228 2966 Bartholomeum
1247 2919 1390 2964 Taxa.
1409 2920 1500 2964 ——J
1506 2916 1747 2964 ohannem
1769 2898 2061 2970 Cornelium,

301 3000 588 3049 canonicum
607 3002 966 3049 Zamorensem.
986 3028 1047 3036 ——-
1069 3004 1264 3048 Petrum
1281 2999 1514 3062 Sardegli.
1532 3025 1596 3034 *-
1611 3001 1789 3046 Lucam
1808 2997 1866 3045 de
1882 3000 2066 3045 Monte-

298 3085 468 3132 Acuto.

364 3165 549 3215 Sealeos
568 3183 599 3215 11
626 3184 635 3215 :
663 3167 943 3232 Magistrum
971 3168 1216 3217 Simonem
1244 3172 1292 3216 et
1318 3166 1597 3231 magistrum
1624 3169 1809 3230 Lupum
1834 3180 1944 3213 cum
1967 3161 2064 3211 suis

303 3252 542 3315 guattatis.
568 3281 631 3287 —
651 3253 876 3300 Famulos
897 3252 1076 3300 scalchi
1101 3252 1431 3315 quadraginta.

368 3338 580 3383 Fuerunt
598 3336 741 3384 etiam
766 3353 874 3385 cum
896 3351 952 3385 eo
974 3336 1143 3400 prelati
1162 3340 1209 3384 et
1230 3335 1308 3383 alii
1330 3335 1636 3398 infrascripti,
1664 3328 1882 3383 videlicet
1902 3347 1911 3380 ε

368 3421 422 3466 R.
459 3422 517 3467 D.
547 3419 836 3483 Stephanus,
868 3420 1253 3484 archiepiscopus
1272 3419 1572 3467 patracensis
1593 3423 1639 3466 et
1672 3418 1926 3481 episcopus
1954 3417 2068 3463 Tor-
