2216 3886
310 289 377 325 446
911 290 1142 327 ιΙΟΗΑΝΝΙΞ
1176 290 1470 336 BURCHARDI,
1849 293 1959 334 [Av'ril
1984 296 2077 335 1498]

372 393 530 439 Tenor
546 393 910 440 conclusionum
932 399 978 440 et
998 393 1365 456 inscriptionum
1386 393 1660 455 hujusmodi
1684 392 1787 439 talis
1810 398 1882 442 est
1907 411 1916 442 :

373 473 588 522 Ecclesia
609 474 695 522 Dei
715 474 896 537 indiget
917 476 1243 534 renovatione,

376 559 409 604 F
413 557 730 619 lagellabitur,

370 638 714 695 Renovabitur3
1387 699 1390 701 q

370 720 613 768 Florentia
630 735 838 782 quoque,
863 726 972 784 post
993 721 1182 784 flagella
1200 722 1521 781 renovabitur,
1544 726 1590 769 et
1611 723 1985 786 prosperabitur.

366 802 590 850 Infideles
612 807 950 851 convertentur
967 804 1026 851 ad
1049 805 1309 853 Christum.

367 888 466 933 Hec
489 890 651 934 autem
673 887 836 934 omnia
853 893 993 934 erunt
1014 889 1308 952 temporibus
1328 889 1522 936 nostris.

368 969 810 1017 Exeommunicatio
844 986 996 1034 nuper
1023 971 1119 1018 lata
1152 975 1318 1019 contra
1345 971 1663 1020 reverendum
1702 975 1886 1034 patrem
1917 971 2073 1019 domi-

306 1069 438 1111 num,
462 1053 657 1100 fratrem
678 1053 924 1100 dominum
948 1053 1292 1118 Hieronymum
1315 1055 1672 1114 Savonarolam,
1698 1055 1826 1102 nulla
1848 1059 1936 1103 est.

366 1138 472 1184 Non
494 1136 803 1183 observantes
826 1151 950 1195 eam,
973 1151 1067 1184 non
1091 1141 1312 1199 peccant.

366 1222 415 1265 lo
437 1219 507 1266 fra
531 1218 796 1267 Domenico
820 1219 878 1267 da
902 1219 1068 1267 Pescia
1089 1219 1194 1267 dell'
1219 1220 1386 1268 ordine
1409 1221 1467 1268 de
1493 1221 1783 1283 predicatori
1811 1221 1854 1268 di
1878 1222 2072 1290 propria

300 1317 443 1350 mano
471 1302 536 1349 mi
560 1302 839 1350 sottoscrivo
862 1307 909 1350 et
936 1302 1096 1365 obligo
1118 1318 1144 1350 a
1167 1306 1414 1351 sostonere
1442 1304 1486 1351 16
1508 1304 1725 1367 predette
1753 1304 2069 1363 conclusioni,

297 1400 395 1432 non
413 1385 514 1433 solo
533 1401 625 1433 con
643 1385 687 1434 le
707 1385 891 1448 ragioni
913 1401 991 1432 ma
1012 1385 1368 1433 confidendomi
1387 1386 1498 1434 nell’
1515 1387 1589 1451 adj
1600 1387 1751 1435 utorio
1774 1387 1895 1434 della
1916 1387 2073 1435 divina

298 1468 467 1530 gratia,
495 1468 556 1515 m'
587 1483 799 1532 espongo
835 1472 881 1516 et
917 1469 1076 1531 obligo
1111 1468 1168 1515 de
1204 1473 1392 1517 entrare
1427 1469 1501 1517 col
1538 1469 1837 1533 predicatore
1871 1470 1929 1517 de
1961 1469 2070 1517 frati

296 1550 486 1609 minori,
512 1551 790 1614 predicante
812 1551 855 1598 al
874 1555 1095 1614 presente
1115 1552 1164 1598 in
1184 1553 1330 1599 Santa
1351 1555 1499 1600 Croce
1523 1553 1600 1601 nel
1621 1553 1760 1600 fuoco
1782 1553 1831 1599 in
1853 1552 2063 1616 publico,

298 1632 535 1696 sperando
556 1649 643 1696 per
661 1633 709 1680 la
727 1633 849 1681 virtu
872 1633 947 1681 del
964 1634 1164 1698 Signore
1187 1634 1377 1682 uscirne
1397 1634 1532 1682 illeso
1551 1650 1577 1682 6
1600 1635 1744 1693 salvo,
1769 1651 1797 1681 a
1817 1635 1966 1698 gloria
1994 1634 2072 1682 del

299 1731 385 1763 suo
413 1720 550 1764 santo
581 1731 724 1764 nome
752 1720 798 1763 et
825 1732 852 1764 a
882 1716 1249 1764 confirmatione
1271 1716 1316 1764 di
1339 1721 1509 1779 questa
1529 1717 1679 1764 verita
1709 1720 1756 1764 et
1785 1717 1939 1765 utilita
1962 1716 2070 1765 dell’

299 1798 476 1845 anime.
503 1801 595 1846 Per
615 1798 863 1846 dominum
884 1804 1117 1855 nostrum,
1141 1803 1305 1847 Jesum
1335 1799 1596 1858 Christum,
1621 1800 1701 1862 qui
1729 1815 1839 1847 cum
1863 1801 2003 1846 Patre
2026 1803 2073 1847 et

301 1881 475 1944 Spiritu
499 1885 664 1929 sancto
684 1882 793 1929 vivit
814 1885 860 1929 et
880 1886 1048 1946 regnat
1069 1883 1116 1930 in
1139 1883 1300 1931 secula
1321 1883 1611 1931 seculorum.
1636 1885 1807 1931 Amen.

365 1966 465 2027 Ego
488 1964 636 2013 frater
654 1965 953 2024 Franciscus,
977 1966 1156 2014 ordinis
1178 1967 1436 2025 minorum,
1459 1967 1573 2015 licet
1593 1953 1834 2030 indignus,
1861 1981 1966 2013 sum
1987 1981 2073 2029 pa—

300 2051 430 2094 ratus
458 2047 518 2094 ad
550 2048 826 2096 instantiam
862 2054 907 2097 et
938 2050 1301 2113 requisitionem
1329 2052 1635 2100 dominorum
1665 2051 2068 2107 Florentinorum,

298 2145 384 2192 pro
410 2129 607 2179 veritate
636 2135 683 2179 et
710 2132 861 2179 salute
883 2133 1045 2196 populi
1067 2134 1314 2193 servanda,
1338 2135 1580 2198 disputare
1611 2139 1657 2183 et
1688 2134 2070 2198 experimentum

301 2209 459 2258 facere
481 2227 591 2259 cum
620 2211 762 2260 fratre
786 2213 1079 2278 Hieronymo
1108 2215 1166 2262 de
1193 2215 1419 2278 predictis
1441 2216 1843 2274 conclusionibus,
1869 2230 2072 2278 quarum

300 2293 506 2355 quedam
538 2295 821 2358 probatione
856 2299 1205 2360 supernaturali
1239 2298 1472 2362 indigent,
1503 2316 1613 2347 cum
1644 2300 1786 2346 fratre
1820 2298 2071 2347 Dominico

298 2391 409 2424 vero
442 2393 649 2439 quocum
682 2379 812 2426 nulla
839 2384 911 2428 est
944 2380 1061 2427 mihi
1084 2381 1369 2440 differentia,
1394 2382 1514 2429 alius
1543 2381 1691 2430 nostri
1720 2381 1901 2429 ordinis
1927 2381 2074 2428 frater

299 2457 460 2521 ignem
483 2460 642 2509 subire
665 2465 737 2509 est
753 2463 1099 2526 paratissimus,
1118 2469 1285 2512 vocato
1300 2465 1461 2528 judice
1482 2481 1577 2513 non
1599 2471 1823 2529 suspecto
1845 2480 1900 2512 ac
1921 2463 2074 2512 omni-

298 2539 387 2588 bus
406 2542 658 2605 religiosis.

364 2625 412 2670 Io
435 2624 557 2673 frate
579 2626 792 2675 Mariano
816 2628 938 2691 Ughi
970 2629 1015 2676 di
1047 2630 1243 2677 Firenze
1267 2630 1374 2678 dell'
1398 2631 1564 2680 ordine
1594 2631 1652 2679 de
1674 2629 1982 2694 predicatori,
2006 2629 2071 2676 mi

298 2705 478 2769 obligo,
504 2709 847 2758 confitandomi
879 2712 990 2759 nell'
1016 2713 1252 2776 adjutorio
1284 2713 1409 2761 della
1441 2714 1594 2777 gratia
1622 2713 1667 2760 di
1696 2712 1784 2760 Dio
1818 2728 1844 2759 a
1873 2726 2071 2775 provare

298 2788 343 2835 le
367 2790 662 2839 conclusioni
692 2798 829 2855 poste
863 2794 939 2841 dal
971 2795 1233 2842 reverendo
1260 2796 1407 2858 padre
1442 2796 1512 2843 fra
1541 2795 1805 2843 Domenico
1827 2794 1885 2841 da
1907 2792 2072 2841 Pescia

302 2870 428 2918 circa
446 2872 492 2919 la
515 2875 855 2924 reformatione
882 2877 1007 2924 della
1028 2878 1199 2926 Chiesa
1226 2894 1251 2926 e
1273 2878 1396 2926 della
1417 2878 1745 2926 scommunica
1766 2877 1884 2924 satta
1904 2880 2072 2924 contra

300 2953 334 3000 il
354 2956 617 3003 reverendo
637 2958 783 3019 padre
805 2958 877 3005 fra
900 2959 1191 3024 Hieronymo
1214 2960 1274 3007 da
1299 2963 1498 3008 Ferrara
1518 2978 1528 3017 ;
1554 2959 1763 3008 secondo
1786 2960 1825 3006 si
1847 2959 2070 3007 contiene.

301 3035 428 3084 nella
446 3053 532 3085 sua
549 3039 853 3088 suscrittione
872 3041 948 3088 del
966 3042 1184 3104 predetto
1204 3043 1274 3090 fra
1295 3043 1559 3090 Domenico
1578 3059 1604 3090 a
1621 3043 1720 3090 sare
1740 3041 2070 3106 experimento

298 3137 383 3183 per
412 3121 574 3185 ignem
596 3139 621 3171 e
644 3124 686 3170 d'
710 3124 899 3172 uscirne
929 3125 1063 3173 illeso
1097 3141 1123 3174 e
1158 3141 1298 3173 sanza
1323 3130 1632 3185 nocumento,
1658 3125 1767 3173 dato
1800 3125 1890 3172 che
1917 3139 2072 3187 venga

296 3215 360 3249 un
381 3204 500 3253 frate.
532 3207 639 3254 dell'
664 3209 828 3256 ordine
862 3208 920 3257 de
949 3209 1140 3268 minori,
1165 3224 1303 3256 come
1329 3209 1393 3255 ha
1421 3224 1670 3272 promesso
1702 3209 1732 3256 il
1763 3207 2064 3272 predicatore

299 3283 344 3330 di
381 3291 516 3335 santa
553 3290 719 3337 Croce.
755 3292 845 3338 Per
878 3291 1136 3338 Dominum
1168 3295 1387 3338 nostrum
1415 3293 1578 3338 Jesum
1616 3290 1882 3348 Christum,
1919 3288 2069 3336 filium

302 3370 452 3426 tuum,
477 3370 552 3418 cui
574 3388 764 3435 semper
785 3373 935 3436 gloria
961 3378 1008 3422 et
1030 3373 1282 3438 imperium
1313 3373 1358 3420 in
1387 3374 1549 3422 secula
1576 3375 1865 3422 seculorum.
1893 3374 2065 3420 Amen.
