2216 3886
296 318 366 354 458
903 316 921 351 J
926 315 1086 352 OHANN
1091 315 1132 351 IS
1166 314 1457 361 BURCHARDI,
1841 318 1955 359 [Avril
1976 321 2066 362 1498]

295 418 449 483 pridie
471 417 530 466 ad
556 418 706 466 voltas
728 434 767 465 s.
791 416 922 465 Pauli
945 432 1040 464 una
1065 432 1272 480 persona
1302 416 1428 478 regis
1459 416 1776 479 Neapolitani,
1799 419 1892 468 alia
1919 422 2063 470 etiam

296 506 595 566 competens,
615 502 906 550 conducture
937 503 1126 547 Rmum.
1156 502 1209 546 D.
1238 498 1532 547 cardinalem
1556 500 1924 564 Neapolitanum
1944 507 2067 554 Nea—

298 587 473 652 polim;
494 587 542 634 in
569 586 739 649 quibus
756 586 989 632 venerunt
1010 583 1068 629 ad
1094 582 1268 630 Urbem
1291 581 1362 628 vel
1383 596 1551 646 prope,
1576 588 1627 631 ut
1647 584 1959 647 prediximus,
1985 604 2068 637 sex

297 674 499 733 nepotes
518 677 563 717 et
590 665 933 729 consanguinei
961 668 1008 713 et
1038 669 1135 714 tres
1156 680 1214 712 ex
1244 664 1346 712 aliis
1380 665 1591 729 deputati
1621 666 1705 715 viri
1730 683 1739 715 ε
1765 669 1913 732 pedes
1940 672 2066 735 Pape

297 750 562 800 deosculati
594 755 726 809 sunt,
754 749 881 797 dicto
914 751 1053 796 Rmo.
1085 748 1328 797 cardinale
1356 765 1439 797 eos
1466 757 1800 814 promovente,
1831 756 1878 801 et
1906 754 1955 801 in
1987 770 2069 804 ca-

296 835 422 900 pella
444 839 491 883 et
512 834 659 882 missa
678 832 909 897 predicta,
936 831 994 880 de
1022 832 1250 881 mandato
1282 834 1427 897 Pape,
1454 834 1564 881 dedi
1589 834 1752 883 locum
1782 852 1866 884 sex
1886 837 2068 886 eisdem

297 918 552 984 nepotibus
580 921 628 965 et
657 914 1029 985 consanguineis
1050 915 1099 962 in
1120 916 1276 977 primo
1305 920 1351 964 et
1378 916 1592 966 inferiori
1615 918 1764 983 gradu
1786 919 1891 969 solii
1912 919 2069 986 ponti-

299 1003 419 1052 ficis.
444 1002 548 1049 Alia
568 1000 730 1048 omnia
749 1003 853 1048 acta
875 1003 985 1047 sunt
1002 1015 1137 1047 more
1160 999 1317 1048 solito.

362 1087 503 1136 Feria
529 1086 711 1149 quinta,
741 1086 797 1131 19
829 1083 941 1132 dicti
968 1083 1149 1132 mensis
1178 1083 1357 1147 apriliS,
1383 1087 1548 1132 Rmus.
1582 1088 1638 1133 D.
1670 1086 1923 1135 cardinalis
1944 1089 2068 1136 Nea-

297 1171 536 1236 politanus
571 1169 698 1217 circa
730 1168 903 1215 horam
934 1167 1288 1231 quindecimam
1319 1168 1521 1216 recessit
1556 1169 1615 1217 ab
1645 1170 1772 1219 Urbe
1800 1170 1896 1219 sive
1926 1171 2071 1219 domo

298 1271 384 1303 sua
405 1254 705 1318 equitaturus
727 1256 863 1301 extra
883 1266 990 1300 eam
1012 1255 1059 1300 et
1086 1251 1335 1315 Neapolim
1363 1251 1516 1300 iturus
1537 1268 1625 1317 per
1650 1269 1784 1303 mare
1812 1255 1860 1302 in
1883 1254 2032 1318 galeis
2059 1272 2068 1304 :

295 1338 560 1386 associatus
590 1337 677 1384 fuit
706 1352 731 1384 a
763 1339 900 1383 Rmo.
927 1335 1167 1383 cardinale
1206 1336 1408 1383 Senensi
1443 1336 1522 1399 qui
1557 1341 1668 1386 ante
1697 1338 1895 1387 domum
1925 1338 2073 1402 ipsius

295 1422 551 1471 cardinalis
576 1419 860 1484 expectavit,
888 1422 941 1476 et
958 1418 1149 1466 RRmis.
1183 1420 1283 1467 DD.
1310 1419 1629 1468 cardinalibus
1655 1421 1714 1470 de
1735 1422 1934 1470 Medicis
1956 1426 2004 1470 et
2030 1438 2069 1469 s.

296 1506 511 1555 Severini
533 1505 613 1569 qui
636 1519 747 1552 eum
766 1504 903 1568 juxta
930 1501 1124 1549 hortum
1151 1502 1392 1564 quondam
1421 1503 1673 1551 cardinalis
1703 1505 2072 1569 Rotomagensis

295 1606 440 1654 supra
462 1589 661 1648 flumen,
678 1589 815 1652 juxta
833 1590 1050 1635 montem
1070 1602 1212 1649 supra
1229 1602 1374 1650 quem
1393 1587 1600 1636 ecclesia
1617 1605 1655 1636 s.
1679 1588 1852 1637 Sabine
1872 1589 1961 1637 sita
1977 1593 2068 1648 est,

295 1675 628 1738 expectarunt,
655 1675 703 1718 et
730 1671 926 1718 circiter
950 1669 1146 1733 triginta
1170 1669 1365 1733 prelatis
1386 1670 1512 1719 inter
1547 1671 1936 1735 archiepiscopos
1957 1688 2070 1735 pro-

291 1756 558 1806 tonotarios
589 1760 634 1804 et
663 1755 860 1803 abbates
890 1755 1043 1818 pileos
1077 1755 1352 1803 deferentes
1382 1760 1429 1804 et
1454 1756 1671 1819 pluribus
1699 1754 1995 1803 auditoribus
2024 1758 2072 1802 et

294 1841 397 1889 aliis
419 1839 577 1903 dignis
604 1839 881 1899 curialibus,
907 1839 1273 1902 oratoribusque
1304 1839 1433 1902 regis
1464 1842 1511 1887 et
1539 1839 1706 1902 regine
1733 1837 2070 1901 Hispaniarum

294 1928 341 1972 et
375 1922 574 1971 dominii
594 1925 911 1973 Venetorum.
939 1924 1109 1970 Orator
1132 1926 1294 1970 autem
1321 1922 1449 1986 regis
1477 1925 1523 1971 et
1552 1921 1717 1986 regine
1745 1921 2071 1986 predictorum

289 2009 368 2072 qui
392 2006 619 2057 credebat
640 2005 804 2054 forsan
825 2005 884 2054 ad
911 2006 1034 2053 latus
1056 2005 1310 2054 cardinalis
1338 2005 1571 2069 equitare,
1596 2021 1705 2054 cum
1736 2005 1921 2054 videret
1941 2021 1992 2054 se
2022 2004 2072 2052 in

287 2091 382 2139 hoc
405 2091 631 2149 deficere,
655 2088 797 2137 rediit
817 2089 878 2137 ad
898 2089 1076 2138 Urbem
1101 2106 1186 2138 seu
1207 2106 1235 2137 a
1255 2089 1575 2138 cardinalibus
1599 2089 1815 2150 recessit,
1839 2105 1938 2137 non
1959 2103 2070 2137 cum

289 2177 392 2239 ejus
418 2174 656 2234 comitiva,
678 2188 775 2221 non
796 2173 946 2236 petita
964 2173 1160 2221 licentia
1181 2173 1268 2220 sub
1291 2172 1497 2220 ecclesia
1518 2188 1557 2219 s.
1580 2171 1751 2220 Alexii.
1778 2173 1895 2220 Cum
1917 2170 2073 2219 venis-

283 2263 394 2309 ·sent
416 2257 681 2307 cardinales
697 2257 837 2320 juxta
855 2256 986 2305 littus
1009 2256 1137 2304 fluvii
1171 2255 1248 2304 ubi
1273 2255 1409 2319 galee
1438 2255 1770 2319 expectabant,
1795 2254 1863 2302 illi
1892 2258 1991 2302 tres
2010 2268 2069 2302 ex

289 2342 423 2405 equis
445 2342 683 2406 prefatum
705 2339 997 2388 cardinalem
1025 2339 1411 2404 Neapolitanum,
1433 2338 1635 2387 detectis
1663 2338 1899 2403 capitibus
1921 2353 2064 2386 oscu-

287 2425 462 2486 lanteS,
481 2425 585 2474 vale
608 2424 831 2473 dixerunt
863 2427 910 2472 et
937 2423 1186 2472 redierunt
1207 2423 1267 2470 ad
1288 2423 1484 2472 Urbem.
1512 2425 1625 2471 Post
1647 2438 1851 2486 quorum
1880 2427 1927 2472 et
1949 2420 2072 2469 mul-

291 2513 451 2557 torum
473 2509 773 2573 prelatorum
791 2523 1037 2556 recessum
1061 2507 1312 2556 descendit
1328 2523 1386 2556 ex
1405 2507 1538 2555 mula
1557 2506 1813 2555 cardinalis
1835 2511 1882 2556 et
1901 2509 2073 2571 prelati

291 2608 399 2640 cum
423 2607 480 2641 eo
511 2592 624 2640 ituri
654 2591 888 2650 similiter,
914 2595 962 2639 et
980 2591 1176 2654 quidam
1199 2590 1277 2638 alii
1301 2590 1656 2639 descenderunt
1674 2594 1722 2639 et
1738 2591 1976 2640 intrarunt
1994 2609 2073 2656 ga-

287 2675 388 2723 leas
413 2676 462 2723 in
488 2676 575 2724 Dei
610 2675 825 2734 nomine,
856 2674 937 2738 qui
960 2678 1096 2723 erant
1125 2673 1388 2732 recessuri3
1421 2674 1624 2722 aliorum
1655 2673 1852 2736 quidam
1880 2679 1991 2724 ante
2027 2679 2074 2724 et

298 2758 492 2821 quidam
509 2763 619 2822 post
639 2774 888 2807 recessum
910 2758 1174 2821 galearum,
1199 2757 1445 2806 redierunt
1465 2757 1525 2804 ad
1547 2757 1743 2805 Urbem.

358 2841 564 2888 Sabbato
585 2841 636 2888 in
663 2841 802 2901 albis,
828 2841 956 2903 quod
978 2841 1067 2889 fuit
1091 2845 1145 2888 21
1181 2840 1293 2887 dicti
1315 2839 1496 2887 mensis
1518 2839 1697 2902 aprilis,
1730 2844 1785 2887 R.
1810 2840 1859 2888 in
1882 2840 2073 2888 Christo

292 2927 344 2971 P.
377 2926 432 2971 D.
467 2923 751 2972 Franciscus
787 2924 978 2986 Borgia,
1010 2922 1264 2986 episcopus
1293 2921 1609 2980 TheanensiS,
1645 2923 1728 2970 SS.
1764 2925 1821 2970 D.
1859 2925 1916 2971 N.
1950 2939 2072 2986 pape

293 3007 621 3058 thesaurarius
656 3007 915 3070 generalis,
958 3006 1216 3055 celebravit
1256 3006 1454 3054 missam
1496 3007 1765 3055 solemnem
1802 3008 1851 3055 in
1892 3008 2076 3072 capella

294 3093 500 3156 majore,
525 3093 654 3155 Papa
672 3094 896 3154 presente
922 3106 933 3138 ε
958 3089 1172 3137 interfuit
1194 3090 1339 3138 etiam
1362 3093 1508 3138 Rmus
1532 3092 1588 3138 D.
1615 3091 1869 3139 cardinalis
1895 3092 2074 3142 Valen-

296 3177 425 3224 tinus
449 3175 528 3238 qui
551 3191 579 3222 a
599 3174 841 3223 dominica
862 3174 920 3222 de
942 3172 1171 3222 Passione
1193 3189 1290 3221 non
1312 3173 1398 3222 fuit
1418 3173 1465 3221 in
1487 3174 1692 3238 capella..
1712 3175 1817 3223 Alia
1837 3178 1944 3224 acta
1964 3179 2075 3224 sunt

297 3274 432 3307 more
457 3258 613 3307 solito.

365 3341 543 3388 Eadem
566 3341 659 3401 die,
687 3341 815 3389 circa
836 3340 1005 3388 horam
1025 3339 1328 3403 vigesimam,
1353 3341 1434 3388 SS.
1462 3341 1517 3387 D.
1542 3344 1707 3389 noster
1726 3344 1918 3404 paratus
1939 3355 2073 3388 more

301 3424 442 3472 solito
465 3423 582 3472 stola
605 3429 650 3471 et
672 3424 881 3487 desuper
901 3423 1134 3488 capucino
1162 3424 1289 3483 albo,
1321 3423 1547 3488 equitavit
1566 3439 1653 3488 per
1672 3439 1892 3488 eampum
1914 3423 2071 3480 Flore,
