2216 3886
144 326 475 367 [Novembre1499]
598 325 768 363 RERUM
803 324 1103 362 URBANARUM
1136 324 1485 364 COMMENTARII.
1849 324 1934 363 577·

146 432 361 492 portans,
386 428 466 491 qui
487 434 746 492 coopertus
772 432 873 477 erat
893 432 1123 492 cooperta
1142 427 1402 476 infantibus
1429 426 1724 492 baptizandis
1751 443 1921 491 super-

146 512 260 575 poni
294 511 455 569 solita,
494 511 554 560 de
588 511 815 560 broccato
855 511 981 569 auri,
1017 511 1316 560 hermellinis
1352 527 1438 575 per
1472 514 1624 559 totum
1661 510 1920 566 subducta,

149 595 336 643 medius
378 595 504 642 inter
542 596 916 659 gubernatorem
958 595 1098 644 Urbis
1137 611 1166 643 a
1203 594 1382 642 dextris
1421 598 1469 643 et
1509 597 1566 642 D.
1610 593 1923 642 Philibertum

150 671 391 727 oratorem
424 678 551 743 regis
588 682 914 727 Romanorum
950 695 978 726 a
1011 678 1231 736 sinistris,
1269 678 1367 726 bini
1398 682 1446 726 et
1478 677 1578 726 bini
1614 676 1919 735 incedebant,

150 778 270 825 quos
306 762 385 810 alii
424 763 769 826 sequebantur,
810 763 858 810 in
894 762 1198 810 multitudine
1235 763 1446 826 copiosa.
1485 764 1719 811 Pervento
1759 761 1820 810 ad
1852 777 1926 809 os-

75 848 82 854 '
148 845 266 892 tium
287 845 469 909 capelle
499 845 636 904 Sixti,
665 846 912 894 ‚lohannes
934 845 1171 894 Cervillon
1191 844 1373 893 dimisit
1393 844 1748 908 baptizandum,
1779 859 1925 908 quem

146 931 201 975 R.
227 931 279 976 P.
307 931 363 975 D.
397 928 681 976 Franciscus
710 929 884 992 Borgia
910 927 1307 991 archiepiscopus
1332 928 1638 986 Cusentinus,
1672 926 1926 991 episcopus

147 1010 428 1069 Teanensis,
464 1026 610 1075 super
655 1011 910 1059 brachium
954 1027 1094 1059 suum
1138 1012 1390 1061 dexterum
1424 1011 1606 1075 recepit
1645 1025 1754 1059 cum
1790 1010 1928 1058 toba-

147 1094 223 1143 lea
264 1096 473 1154 sericea,
525 1110 640 1143 auro
676 1093 891 1143 laborata
925 1095 1216 1158 perpulchre
1260 1095 1321 1143 ad
1358 1095 1561 1155 collum,
1598 1109 1743 1158 quam
1784 1093 1929 1142 etiam

151 1178 211 1226 ad
250 1179 425 1227 collum
465 1178 711 1243 predictus
753 1178 999 1226 Johannes
1037 1179 1280 1227 attulerat.
1323 1178 1468 1228 Venit
1504 1177 1762 1226 cardinalis
1804 1179 1930 1225 Nea-

148 1260 391 1324 politanus
428 1262 487 1310 ad
523 1262 652 1310 idem
692 1261 869 1309 ostium
911 1266 959 1310 et
996 1261 1228 1310 infantem
1271 1261 1603 1321 catechizavit,
1651 1260 1824 1309 deinde
1869 1259 1932 1308 ad

150 1343 304 1407 ipsam
334 1345 568 1408 capellam
600 1345 863 1393 introduxit
891 1362 1043 1409 usque
1071 1346 1197 1393 inter
1224 1346 1374 1394 altare
1405 1351 1452 1394 et
1486 1345 1781 1409 sepulturam
1812 1343 1929 1392 Sixti

151 1441 275 1490 pape
298 1427 398 1485 1111,
430 1426 508 1474 ubi
539 1426 700 1474 medio
728 1442 872 1491 super
901 1428 1111 1491 quodam
1134 1428 1345 1476 scabello
1367 1427 1547 1476 ibidem
1567 1427 1743 1492 posito,
1769 1431 1931 1491 tapete

157 1515 405 1574 cooperte,
445 1510 601 1574 posita
636 1510 724 1558 fuit
761 1511 949 1560 concha
984 1528 1160 1576 magna
1188 1517 1418 1576 argentea
1437 1511 1485 1559 in
1518 1516 1654 1576 parte
1682 1511 1928 1570 deaurata,

157 1594 375 1657 ejusdem
404 1595 520 1643 Sixti
547 1611 689 1659 pape,
716 1612 804 1660 pro
824 1597 1115 1661 baptismate
1144 1597 1259 1646 dicti
1292 1597 1504 1645 infantis.
1545 1599 1647 1653 Quo
1680 1599 1928 1659 pervento,

160 1678 529 1743 superimposita
574 1679 662 1727 fuit
707 1680 1014 1743 gubernatori
1056 1680 1208 1730 Urbis·
1248 1681 1440 1730 tobalea
1477 1680 1665 1729 sericea
1713 1678 1934 1743 superius

157 1764 424 1828 designata,
470 1765 518 1812 in
560 1765 758 1829 spatulis
801 1765 930 1824 suis;
964 1764 1043 1828 qui
1086 1764 1271 1828 accepit
1315 1764 1374 1812 de
1405 1764 1628 1812 manibus
1669 1761 1934 1826 archiepis-

154 1847 262 1912 copi
294 1848 541 1897 Cusentini
570 1848 775 1912 predicti
809 1848 1143 1912 baptizandum
1178 1831 1322 1911 super
1357 1847 1608 1895 brachium
1641 1861 1782 1894 suum
1816 1845 1933 1894 dex-

155 1935 330 1989 terum,
369 1945 514 1993 quem
546 1930 801 1979 cardinalis
835 1931 981 1989 idem,
1018 1931 1175 1979 infuso
1210 1946 1356 1994 super
1392 1934 1535 1994 caput
1568 1929 1765 1978 infantis
1802 1929 1933 1976 fonte

154 2012 423 2076 baptizavit,
459 2018 506 2062 et
535 2014 628 2062 alia
653 2014 766 2063 fecit
795 2018 934 2078 prout
964 2014 1014 2061 in
1045 2014 1304 2074 ordinario,
1331 2016 1696 2078 Caputaquense
1720 2015 1934 2060 secreta-

156 2096 228 2144 rio
251 2100 299 2144 et
319 2096 591 2145 Mutinense
614 2097 798 2145 datario
827 2097 1067 2162 episcopis
1099 2113 1244 2162 super
1269 2097 1502 2145 infantem
1529 2097 1687 2160 ipsum
1710 2099 1939 2158 tanquam

155 2179 371 2243 patronis
395 2195 566 2228 manus
594 2181 890 2230 tenentibus.
923 2180 1111 2230 Infante
1132 2181 1369 2244 baptizato
1398 2184 1445 2229 et
1469 2178 1579 2228 lotis
1599 2193 1688 2243 per
1714 2177 1937 2225 cardina-

154 2263 252 2311 lem
282 2264 653 2328 Neapolitanum
682 2269 729 2313 et
754 2270 984 2329 patronos
1015 2280 1150 2314 more
1178 2265 1319 2313 solito
1347 2263 1587 2321 manibus,
1612 2260 1841 2325 imposita
1868 2264 1941 2308 est

159 2346 282 2395 collo
303 2347 547 2411 Magnifici
569 2348 702 2396 Pauli
721 2348 780 2396 de
804 2348 988 2397 Ursinis
1008 2348 1199 2397 tobalea
1219 2348 1405 2397 sericea
1425 2345 1645 2411 superius
1667 2344 1937 2408 designata,

160 2428 241 2490 qui
263 2429 549 2494 baptizatum
576 2431 636 2480 de
662 2431 861 2480 brachio
890 2431 1223 2495 gubernatoris
1251 2431 1491 2495 recipiens
1520 2444 1664 2493 super
1687 2427 1940 2476 brachium

162 2527 303 2560 suum
331 2513 583 2562 dexterum
608 2515 770 2579 posuit
799 2530 935 2563 more
962 2519 1195 2564 consueto
1223 2519 1270 2563 et
1298 2529 1449 2577 usque
1477 2512 1538 2561 ad
1565 2512 1763 2560 domum
1790 2509 1943 2559 cardi-

162 2595 284 2643 nalis
306 2612 343 2643 s.
368 2597 517 2646 Marie
536 2597 586 2645 in
605 2598 798 2646 Porticu
819 2598 1092 2662 reportavit,
1119 2602 1166 2647 et
1185 2597 1367 2646 nemini
1386 2593 1685 2659 consignavit
1705 2594 1941 2641 infantem

162 2695 307 2742 quam
334 2680 543 2744 primum
573 2681 620 2728 in
649 2681 872 2729 manibus
902 2681 1015 2730 dicti
1045 2681 1174 2729 Pauli
1204 2680 1363 2729 Ursini
1392 2683 1538 2728 esset.
1575 2674 1848 2740 Antequam
1881 2675 1942 2724 ad

165 2763 342 2810 ostium
366 2764 493 2813 dicte
522 2765 705 2828 capelle
726 2765 1018 2829 perveniret,
1051 2764 1229 2828 incepit
1259 2764 1376 2812 flere
1405 2778 1593 2821 amare;
1625 2760 1702 2826 qui
1730 2760 1880 2824 prius,
1914 2776 1943 2806 a

168 2845 295 2895 lecto
327 2852 566 2907 materno,
603 2864 754 2912 usque
788 2849 850 2897 ad
882 2848 1061 2897 dictam
1094 2848 1329 2912 capellam
1361 2850 1409 2896 et
1442 2846 1491 2893 in
1524 2861 1599 2904 ea,
1632 2842 1865 2908 quidquid
1893 2842 1942 2890 in

164 2930 541 2979 catechizatione
564 2936 610 2980 et
628 2931 917 2996 baptismate
940 2931 1259 2995 omnibusque
1282 2930 1386 2979 aliis
1407 2929 1594 2978 actibus
1615 2928 1658 2977 ei
1680 2927 1938 2985 acciderat,

165 3012 516 3075 patientissime
544 3015 805 3064 sustulerat
832 3015 935 3064 sine
960 3015 1056 3064 ulla
1080 3015 1400 3079 displicentia.
1431 3013 1615 3062 Infante
1643 3015 1806 3060 autem
1837 3010 1942 3073 ipso

165 3095 420 3144 ecclesiam
459 3104 687 3159 exeunte,
727 3103 888 3147 tantus
924 3099 1009 3146 fuit
1049 3099 1276 3148 tubarum
1313 3103 1360 3146 et
1399 3097 1697 3145 musicorum
1736 3094 1941 3141 aliorum

169 3178 354 3226 sonitus
375 3179 504 3242 quod
528 3180 603 3227 vix
625 3181 826 3246 quisque
849 3197 991 3229 suum
1017 3182 1215 3230 verbum
1243 3181 1446 3229 audiret..
1480 3183 1593 3227 Post
1613 3178 1750 3240 cujus
1777 3191 1942 3223 reces-

172 3277 297 3321 sum,
329 3262 407 3325 qui
435 3278 493 3311 eo
522 3264 687 3314 ordine
716 3274 811 3330 quo
840 3266 901 3314 ad
927 3266 1184 3315 ecclesiam
1216 3265 1346 3314 venit
1373 3263 1572 3310 domum
1599 3275 1819 3309 reversus
1846 3263 1938 3319 est,

169 3344 438 3394 cardinales
460 3346 655 3396 tandem
677 3349 822 3397 etiam
843 3349 1100 3398 ecclesiam
1121 3349 1370 3398 exiverunt
1386 3352 1433 3394 et
1453 3345 1514 3394 ad
1531 3345 1679 3408 pedes
1702 3343 1940 3391 scalarum

178 3428 374 3478 basilice
404 3430 558 3480 mulas
597 3432 914 3482 ascendentes
949 3432 1011 3481 ad
1047 3432 1218 3481 domos
1249 3447 1358 3479 suas
1399 3429 1663 3478 redierunt.
1699 3427 1940 3476 Infantem

357 3541 391 3567 T.
420 3542 457 3567 11.
1665 3528 1712 3563 37
