2202 3926
273 290 340 327 188
754 345 758 347 μ
877 289 1110 328 JOHANNIS
1138 290 1432 338 BURCHARDI,
1705 294 1922 337 [Septembre
1943 298 2032 340 1494]

269 409 384 442 num
410 392 710 452 inferiorum,
746 397 881 441 erant
904 393 1114 442 defuncti
1143 393 1527 457 propinquiores
1555 394 1889 456 Sequebantur
1909 399 2035 462 epis-

270 492 418 541 copus
452 479 702 525 Massanus
734 481 781 524 et
812 491 839 523 a
867 476 1046 523 dextris
1081 475 1335 538 episcopus
1367 475 1748 538 Sogobricensis‚
1776 494 1803 525 a
1834 479 2035 530 sinistris

270 561 524 624 episcopus
544 559 852 622 Rapollanus,
877 574 904 606 a
924 557 1102 605 dextris
1125 557 1380 620 episcopus
1401 558 1628 617 Nolanus,
1650 575 1678 607 a
1695 559 1896 608 sinistris
1914 578 2036 621 unus

268 644 417 692 laicus
441 658 669 690 romanus
692 639 1080 702 consanguineus
1103 639 1335 699 defuncti,
1360 655 1388 688 a
1408 641 1586 689 dextris
1608 643 1862 707 episcopus
1884 645 2037 694 Ascu-

267 728 423 783 lanUS,
449 740 476 772 a
498 723 702 771 sinistris
721 723 842 770 alius
864 737 1109 781 romanUS,
1135 738 1163 769 a
1183 722 1362 770 dextris
1385 725 1772 788 consanguineus
1795 728 2033 791 ejusdem,

270 809 522 872 episcopus
553 805 807 853 Amerinus
828 820 856 852 a
877 804 1104 865 sinistris;
1130 810 1232 853 tum
1257 806 1334 854 alii
1363 807 1531 870 prelati
1561 814 1608 857 et
1636 811 1868 873 capellani
1901 813 2031 862 bini:

268 888 573 938 ascendimus
595 904 682 952 per
701 887 824 935 viam
846 887 1133 951 planiorem,
1155 889 1374 938 videlicet
1392 895 1502 940 ante
1521 893 1807 956 Capitolium
1831 900 1875 942 et
1896 895 2037 944 intra-

267 973 422 1021 vimus
445 988 532 1036 per
558 974 746 1036 portam
774 970 1022 1019 lateralem
1050 972 1238 1020 Araceli
1261 988 1270 1020 :
1297 974 1585 1036 guardianus
1606 975 1779 1025 locavit
1801 993 1852 1025 se
1873 994 2036 1027 versus

266 1061 453 1120 portam
475 1054 790 1118 principalem
810 1054 1013 1102 ecclesie
1036 1058 1082 1102 et
1101 1070 1218 1103 crux
1237 1072 1403 1104 versus
1425 1058 1643 1117 chorum,
1669 1060 1822 1108 noluit
1845 1062 2031 1119 mutari,

269 1154 491 1187 asserens
521 1138 588 1185 sic
617 1139 744 1202 apud
771 1153 853 1186 eos
879 1154 984 1187 esse
1017 1144 1318 1188 consuetum.
1341 1143 1440 1204 Ego
1474 1142 1786 1199 nihilominus
1814 1144 1918 1192 fieri
1946 1146 2036 1194 feci

271 1222 504 1271 feretrum
531 1236 640 1269 cum
673 1221 840 1270 funere
867 1237 1002 1270 more
1030 1227 1280 1284 consueto,
1311 1223 1530 1273 videlicet
1556 1224 1706 1288 pedes
1733 1240 1897 1274 versus
1924 1242 2036 1290 por-

277 1309 369 1353 tam
405 1309 452 1353 et
486 1309 627 1367 caput
659 1319 823 1352 versus
856 1303 1002 1352 altare
1034 1305 1213 1369 majus;
1243 1306 1380 1369 juxta
1412 1306 1554 1354 sunus
1584 1306 1822 1356 intorticia
1851 1308 1966 1356 hinc
1992 1313 2038 1357 et

268 1389 396 1448 inde,
426 1392 474 1436 et
506 1391 614 1451 post
643 1378 893 1447 int'ortitia,
924 1388 973 1435 id
994 1393 1066 1436 est
1099 1393 1228 1436 retro
1262 1389 1475 1438 funestos
1497 1390 1706 1453 prelatos
1740 1395 1787 1439 et
1813 1391 1951 1450 alios,
1975 1391 2036 1439 ad

271 1487 437 1520 eorum
451 1471 672 1519 videlicet
686 1471 932 1519 dexteram
948 1471 1166 1520 intrantis
1184 1471 1232 1519 in
1249 1472 1574 1535 superioribus
1591 1473 1802 1533 sedibus,
1821 1474 1870 1522 in
1885 1475 2036 1538 prima

266 1572 429 1603 versus
469 1555 617 1602 altare
651 1555 806 1619 majus
846 1554 1100 1618 episcopus
1142 1557 1410 1614 Massanus,
1448 1555 1495 1602 in
1533 1557 1745 1604 secunda
1781 1558 2036 1623 episcopus

266 1638 660 1701 Segobricensis;
692 1636 740 1683 in
772 1637 928 1695 tertia,
961 1636 1214 1700 episcopus
1243 1636 1549 1699 RapollanUS,
1574 1637 1623 1685 in
1651 1643 1820 1701 quarta
1849 1640 2037 1703 episco-

265 1737 354 1784 pus
391 1721 630 1778 Nolanus3
669 1721 716 1767 in
751 1719 932 1782 quinta,
966 1719 1148 1783 primus
1186 1719 1338 1768 laicus
1376 1720 1783 1784 consanguineus,
1818 1721 1866 1768 in
1903 1726 2038 1770 sexta

264 1804 518 1867 episcopus
543 1804 809 1852 Asculanus
829 1822 838 1860 ;
861 1802 908 1849 in
931 1803 1134 1866 septima
1161 1804 1402 1851 secundus
1432 1804 1584 1852 laicus
1613 1804 2032 1868 consanguineus;

263 1886 311 1934 in
340 1891 508 1934 octava
541 1887 796 1950 episcopus
823 1885 1106 1943 Amerinus3
1131 1890 1238 1949 post
1266 1902 1396 1946 eum,
1421 1887 1500 1934 alii
1527 1887 1697 1951 prelati
1726 1887 1772 1934 in
1795 1887 2035 1936 inferiori-

263 1969 350 2018 bus
391 1969 584 2017 sedibus
624 1969 748 2016 illius
789 1969 971 2027 lateris,
1004 1969 1239 2032 capellani
1276 1975 1324 2018 et
1362 1970 1440 2018 alii
1479 1971 1646 2034 togati.
1683 1971 1755 2018 Ad
1791 1970 2031 2021 sinistram

262 2053 501 2112 intrantis,
534 2057 630 2101 tam
663 2051 991 2115 superioribus
1021 2067 1165 2114 quam
1193 2052 1516 2112 inferioribus,
1543 2054 1771 2103 sederunt
1792 2055 1918 2104 cives
1953 2071 2032 2105 ro-

263 2137 391 2185 mani
411 2141 458 2185 et
478 2137 572 2186 alii.

328 2222 384 2267 D.
410 2220 614 2268 Jacobus
636 2219 1025 2282 Rustemberger,
1051 2219 1331 2267 sollicitator
1357 2219 1607 2267 literarum
1634 2222 2026 2284 apostolicarum,

262 2302 556 2351 Alemannus
589 2302 848 2365 discipulus
873 2302 1043 2350 Coricii
1072 2303 1154 2367 (1),
1180 2307 1310 2350 stans
1338 2302 1386 2349 in
1420 2302 1560 2351 solito
1580 2303 1763 2367 pulpito
1789 2305 1850 2352 ad
1874 2306 2035 2368 predi-

263 2386 469 2434 candum
495 2386 733 2445 ordinatO,
757 2385 806 2432 in
832 2385 997 2433 habitu
1026 2401 1110 2433 suo
1137 2385 1413 2448 quotidiano
1436 2385 1548 2434 fecit
1570 2387 1836 2436 orationem
1858 2388 2034 2437 brevis-

263 2469 433 2517 simam
462 2469 732 2518 funeralem
756 2488 764 2516 :
792 2484 885 2532 qua
904 2469 1031 2517 facta
1052 2473 1099 2517 et
1127 2468 1444 2533 responsoriis
1466 2468 1629 2528 finitis,
1661 2471 2033 2533 precedentibus

266 2552 470 2600 funestis
491 2552 614 2600 binis
637 2557 685 2600 et
705 2552 846 2611 binis,
872 2555 920 2599 ut
936 2556 1183 2610 venerant,
1209 2567 1358 2599 unum
1383 2567 1629 2600 cursorem
1649 2558 1760 2602 ante
1780 2569 1830 2602 se
1847 2555 2033 2603 haben-

262 2635 406 2694 tibus,
426 2636 577 2683 secuti
594 2640 704 2683 sunt
719 2635 951 2695 mazzerii,
970 2635 1223 2698 episcopus
1236 2634 1502 2682 Asculanus
1517 2650 1545 2682 a
1559 2635 1757 2697 dextris,
1776 2638 2032 2701 episcopus

264 2718 553 2781 Rapollanus
580 2734 608 2765 a
641 2718 843 2766 sinistris
876 2720 1090 2768 Amerini
1122 2738 1130 2767 :
1165 2718 1347 2783 primus
1377 2717 1528 2765 laicus
1562 2734 1590 2767 a
1616 2720 1796 2768 dextris
1821 2722 2032 2785 episcopi

263 2800 540 2860 Feltrensis,
577 2802 696 2848 alius
730 2802 842 2850 civis
876 2818 904 2850 a
931 2803 1127 2862 dextris,
1153 2805 1210 2851 D.
1242 2802 1521 2851 Dominicus
1549 2804 1606 2852 de
1636 2807 1796 2868 Capua
1832 2806 2033 2855 clericus

263 2899 472 2942 camere,
499 2888 546 2932 et
567 2889 675 2946 post
697 2900 779 2933 eos
808 2886 885 2933 alii
907 2886 1165 2934 familiares
1191 2885 1313 2933 Rmi.
1341 2888 1397 2932 D.
1430 2886 1684 2934 cardinalis
1713 2889 2030 2951 Neapolitani,

263 2971 310 3015 et
329 2967 455 3015 cives
477 2969 664 3015 romani
686 2969 930 3018 redierunt
952 2970 1013 3017 ad
1030 2969 1226 3016 domum
1249 2968 1460 3018 defuncti
1484 2970 1714 3033 episcopi.
1733 2973 1861 3020 Vero
1882 2973 2033 3035 Sego-

264 3049 515 3111 bricensis,
541 3051 751 3099 Nolanus
785 3054 1009 3102 etceteri
1043 3052 1212 3115 prelati
1233 3052 1412 3108 familie
1442 3058 1488 3101 et
1510 3052 1718 3101 curiales
1741 3053 1798 3100 de
1829 3054 2033 3103 ecclesia

313 3221 345 3257 1.
375 3220 423 3256 Le
442 3221 548 3259 5522.
572 3224 607 3258 2.
630 3226 665 3258 et
685 3222 717 3258 le
738 3222 846 3271 Chigi
867 3223 1051 3260 donnent:
1126 3223 1290 3264 Jacobus,
1313 3223 1571 3259 sollicitator...
1595 3224 1799 3269 discipulus
1819 3225 2030 3271 Conipanis.

265 3280 315 3315 Le
338 3279 407 3315 149
423 3285 458 3315 et
480 3280 509 3315 le
527 3282 621 3317 5160
696 3284 728 3317 J.
751 3284 1068 3328 Rustemberyer...
1091 3283 1295 3328 discipulus
1316 3282 1519 3328 Compcznii.
1545 3281 1672 3318 C’etait
1688 3281 1900 3319 l'Allemand
1916 3282 2033 3320 Goritz

266 3339 311 3375 de
343 3339 613 3387 Luxembourg,
649 3346 777 3378 savant
809 3341 938 3378 eclaire
964 3346 999 3377 et
1019 3344 1222 3389 protecteur
1242 3340 1305 3376 des
1329 3340 1465 3380 lettres.
1502 3341 1594 3389 Voy.
1629 3340 1663 3376 la
1688 3342 1806 3379 notice
1840 3353 1910 3389 que
1932 3341 1981 3378 lui
2013 3353 2033 3378 a

267 3401 459 3435 consacree
480 3398 634 3444 Roscoe‚
666 3401 735 3435 The
755 3401 820 3445 life
841 3403 914 3437 and
934 3402 1036 3437 Pont.
1057 3402 1100 3445 of
1114 3401 1183 3436 Leo
1204 3400 1261 3435 the
1279 3400 1389 3445 tenth,
1411 3403 1436 3437 t.
1456 3399 1499 3442 ll,
1525 3411 1560 3447 p.
1580 3400 1714 3437 524-8.
