2202 3926
135 351 404 394 [Fc·vrior149:3]
583 349 751 387 RERUM
785 348 1087 388 URBANARUM
1120 349 1470 389 COMMENTARH.
1874 357 1919 394 43

198 455 339 505 Feria
360 454 591 514 secunda,
611 457 669 503 25
692 453 938 514 februarii,
965 454 1054 504 suit
1073 454 1320 519 publicum
1342 455 1684 504 consistorium
1705 457 1755 505 in
1780 459 1919 507 tertia

130 541 238 590 aula
257 539 417 604 palatii
439 543 688 599 consueta,
713 539 762 586 in
784 554 878 603 quo
898 542 953 587 R.
976 538 1025 586 in
1047 539 1237 588 Christo
1259 542 1311 588 P.
1336 542 1392 588 D.
1417 539 1638 589 Andreas
1661 541 1918 606 episcopus

129 624 416 674 Albanensis
447 628 495 672 et
527 622 772 688 magnifici
806 626 905 671 DD.
938 622 1028 671 viri
1062 626 1367 673 Beneventus
1405 624 1464 673 de
1505 629 1673 674 sancto
1707 627 1918 690 Georgio

132 726 191 759 ex
215 709 473 758 comitibus
507 707 791 756 Blandracte
826 707 1007 756 ordinis
1042 707 1194 757 sancti
1225 708 1457 756 Johannis
1494 709 1919 775 Hierosolymitani

131 798 178 843 et
208 793 483 842 Ludovicus
519 792 735 841 Titionus
770 795 963 843 Vesane
1002 792 1203 852 militeS‚
1239 792 1553 841 illustrissimi
1593 796 1650 842 D.
1692 794 1918 843 Bonifatii

130 876 429 927 marchionis
460 876 804 925 Montisferrati
834 880 1050 925 oratores
1081 877 1165 924 SS.
1203 879 1260 924 D.
1300 878 1357 925 N.
1391 877 1665 927 Alexandro
1699 893 1822 942 pape
1852 880 1916 928 Vl

132 961 458 1011 obedientiam
479 959 690 1008 debitam
710 960 1044 1023 prestiterunt.

200 1043 446 1108 Proposite
466 1043 663 1092 fuerunt
689 1043 784 1092 due
811 1042 1181 1092 commissiones
1207 1060 1216 1093 :
1247 1044 1406 1109 prima
1429 1062 1520 1110 per
1544 1049 1601 1095 D.
1624 1048 1918 1095 Coronatum

131 1131 191 1179 de
215 1129 408 1189 Planca,
430 1128 669 1177 decanum
690 1127 1058 1188 advocatorum3
1091 1127 1306 1177 secunda
1327 1143 1417 1192 per
1438 1131 1496 1177 D.
1523 1129 1838 1179 Franciscum
1859 1132 1918 1179 de

131 1213 317 1272 Padua;
351 1228 446 1277 qua
479 1212 690 1277 incepta,
727 1212 786 1261 de
820 1212 1019 1276 speciali
1050 1212 1280 1261 mandato
1313 1213 1399 1261 SS.
1438 1216 1496 1261 D.
1528 1216 1586 1262 N.
1622 1213 1794 1263 ivimus
1830 1230 1918 1280 pro

131 1297 403 1347 oratoribus
435 1296 665 1362 predictis
701 1297 750 1345 in
782 1312 929 1361 parva
961 1296 1145 1361 capella
1180 1311 1317 1345 more
1352 1297 1492 1345 solito
1532 1299 1915 1363 expectantibuS‚

131 1397 252 1447 quos
282 1381 584 1430 associarunt
610 1381 672 1430 ad
705 1380 949 1446 pontificis
981 1380 1278 1445 presentiam
1312 1383 1411 1429 RR.
1449 1381 1499 1429 in
1533 1367 1726 1432 Christo
1758 1386 1920 1448 patres

131 1468 232 1515 DD.
268 1465 567 1515 Arelatensis
600 1469 648 1514 et
677 1465 968 1514 Cusentinus
1002 1464 1355 1530 archiepiscopi
1389 1469 1438 1514 et
1467 1466 1834 1517 Vulteranensis
1864 1484 1918 1515 ac

87 1543 89 1545 ’
130 1549 482 1599 Alexandrinus
514 1549 747 1614 episcopi,
782 1549 1067 1599 assistentes
1097 1552 1244 1614 Pape.
1283 1552 1630 1600 Presentarunt
1661 1553 1744 1601 SS.
1778 1555 1834 1600 D.
1861 1554 1917 1601 N.

128 1634 292 1683 literas
314 1634 633 1683 credentiales
655 1639 703 1683 et
721 1634 1005 1683 mandatum
1024 1650 1114 1699 per
1132 1635 1378 1684 notarium
1399 1636 1649 1701 publicum
1672 1635 1919 1700 subscrip-

132 1724 260 1779 tum;
294 1735 388 1783 que
418 1719 562 1768 ambo
601 1718 730 1767 lecta
759 1719 972 1768 fuerunt.
1016 1720 1241 1768 Secunda
1270 1719 1614 1769 commissione
1650 1720 1916 1784 proposita,

130 1801 243 1850 licet
262 1805 320 1850 D.
342 1805 366 1850 J
373 1803 557 1851 ustinus
573 1803 855 1862 VilitranuS,
880 1804 1139 1852 advocatus
1157 1799 1282 1860 fisci,⁴
1307 1804 1500 1853 tertiam
1522 1804 1920 1853 commissionem

132 1884 482 1949 propositurus,
514 1902 622 1935 eam
649 1892 813 1935 tamen
844 1888 903 1935 de
927 1887 1155 1936 mandato
1184 1890 1266 1937 SS.
1299 1892 1355 1937 D.
1383 1891 1440 1937 N.
1472 1905 1560 1953 per
1580 1905 1659 1938 me
1681 1890 1771 1938 sibi
1792 1890 1920 1938 facto

134 1984 232 2018 non
257 1969 527 2034 proposuit.
563 1970 842 2018 Orationem
872 1971 988 2020 fecit
1015 1973 1073 2020 D.
1108 1973 1431 2031 Beneventus,
1466 1974 1708 2022 secundus
1736 1978 1917 2032 orator,

133 2053 215 2118 qui
251 2053 425 2102 deinde
461 2053 676 2102 fimbrias
711 2053 932 2118 pluvialis
978 2058 1107 2119 Pape
1146 2055 1208 2104 ad
1253 2071 1499 2105 cameram
1546 2057 1770 2122 portavit,
1822 2073 1920 2104 non

133 2138 353 2186 obstante
370 2138 501 2202 quod
520 2138 775 2202 religiosus
797 2138 980 2187 ordinis
1002 2155 1041 2187 s.
1064 2138 1298 2187 Johannis
1321 2140 1748 2206 Hierosolymitani
1770 2146 1917 2200 esset,

134 2226 263 2288 Papa
297 2223 346 2271 id
385 2223 506 2271 mihi
541 2239 771 2288 expresse
812 2223 1167 2273 committente.
1211 2227 1428 2272 Fuerunt
1466 2225 1593 2274 inter
1628 2240 1740 2274 suos
1782 2223 1920 2272 multi

131 2307 308 2357 milites
330 2312 378 2356 et
398 2307 605 2367 nobileS,
626 2308 792 2373 perliS‚
814 2308 1027 2357 vestibus
1049 2308 1108 2357 de
1132 2308 1361 2357 broccato
1383 2307 1485 2356 auri
1507 2311 1555 2357 et
1575 2307 1763 2372 argenti
1783 2323 1839 2357 ac
1861 2308 1919 2356 de

130 2393 309 2442 velluto
338 2392 645 2442 ornatissime
665 2393 839 2457 parati.

199 2476 338 2525 Feria
359 2481 530 2540 quarta
556 2481 764 2540 quatuor
790 2481 1085 2541 temporum,
1111 2481 1170 2526 27
1194 2477 1443 2538 februarii,
1475 2476 1683 2526 statione
1705 2476 1766 2524 ad
1786 2492 1922 2524 sanc-

132 2567 229 2610 tam
249 2561 451 2611 Mariam
472 2562 710 2626 majorem
729 2561 983 2622 existente,
1009 2564 1093 2611 SS.
1120 2564 1178 2610 D.
1204 2564 1261 2611 N.
1287 2562 1451 2610 audita
1477 2561 1626 2610 missa
1649 2561 1701 2609 in
1727 2577 1922 2610 camera

134 2660 220 2693 sua
258 2644 376 2693 dixit
407 2661 459 2693 se
492 2645 673 2693 iturum
702 2645 763 2693 ad
803 2651 1020 2695 sanctam
1055 2648 1259 2697 Mariam
1295 2650 1537 2714 majorem
1580 2646 1747 2695 habito
1787 2646 1919 2710 prius

133 2730 324 2780 modico
346 2732 632 2781 consistorio
655 2731 753 2780 sive
774 2730 923 2789 brevi,
947 2746 1004 2779 ac
1025 2730 1205 2780 ibidem
1227 2732 1445 2781 oratione
1465 2735 1576 2779 ante
1599 2730 1748 2778 altare
1770 2729 1914 2787 facta,

133 2833 184 2864 se
205 2806 419 2865 visurum
449 2832 542 2880 que
569 2831 656 2881 pro
685 2818 926 2864 structura
951 2814 1076 2862 illius
1108 2815 1315 2864 ecclesie
1344 2816 1441 2863 sive
1468 2814 1723 2879 supracelo
1750 2818 1918 2878 parata

132 2904 286 2961 erant,
311 2901 615 2965 interrogans
645 2915 724 2950 me
751 2915 876 2949 anne
907 2899 1187 2948 conveniret
1216 2900 1416 2964 popu10‚
1449 2900 1668 2949 oratione
1692 2914 1779 2963 per
1805 2913 1915 2947 eum

130 3049 204 3095 doli
228 3062 315 3088 cosa
338 3054 463 3088 strana
488 3050 554 3086 che
579 3048 713 3087 Prelati
745 3060 820 3086 non
847 3048 952 3085 siano
979 3048 1090 3085 sicuri
1116 3048 1154 3084 in
1179 3048 1310 3094 Roma,
1339 3050 1396 3086 ne'
1424 3049 1462 3086 in
1495 3061 1581 3086 casa
1607 3061 1680 3086 uno
1708 3048 1916 3086 Cardinale.

134 3109 270 3158 Hoggi,
296 3122 317 3147 o
342 3122 408 3159 per
445 3113 575 3158 questo
608 3121 629 3146 ο
661 3120 725 3158 per
749 3108 853 3154 altro,
881 3108 922 3146 S.
952 3107 1118 3145 Sanctita
1149 3120 1171 3144 a
1198 3111 1290 3146 tutte
1322 3108 1356 3146 le
1390 3113 1495 3158 porte
1528 3108 1564 3145 di
1591 3109 1708 3146 Roma
1744 3110 1791 3145 ha
1828 3108 1918 3145 fatto

145 3172 294 3205 mettere
324 3181 387 3218 per
413 3169 568 3219 guardia
595 3168 646 3206 VI
678 3168 768 3206 fanti
800 3169 892 3206 dove
923 3172 1096 3206 staranno
1129 3160 1437 3207 continuamente'
1456 3181 1521 3218 per
1554 3172 1679 3206 tenere
1699 3172 1808 3206 conto
1824 3167 1917 3204 delle

134 3238 288 3275 persone
307 3233 457 3266 entrano
476 3229 514 3265 in
538 3229 702 3267 Roma...

185 3313 203 3331 α
232 3297 360 3343 Rome'
380 3311 453 3335 xxv
472 3299 562 3337 febr*
589 3300 742 3348 1492l3'
1134 3352 1153 3371 «
1181 3336 1284 3373 Serv.
1315 3336 1430 3373 Pau.
1458 3335 1640 3372 VALomus
1663 3334 1724 3371 Or.
1756 3348 1774 3366 »

180 3429 305 3475 (Arch.
339 3430 496 3468 Fiorent.
528 3432 664 3469 Lettere
696 3435 773 3479 aql-i
799 3435 865 3469 otti
892 3434 932 3469 di
960 3435 1120 3478 Prattca,
1143 3432 1231 3469 clas,
1251 3433 1298 3477 X,
1326 3431 1413 3469 dist.
1444 3431 1480 3477 6,
1510 3443 1546 3469 n.
1567 3431 1604 3476 9,
1632 3442 1666 3468 a.
1696 3442 1726 3467 c.
1751 3429 1849 3476 260.)
1870 3449 1915 3454 —

133 3489 228 3537 Voy.
250 3489 556 3536 precedemment‚
577 3501 663 3538 pag.
683 3493 721 3536 7,
735 3491 769 3528 la
783 3496 867 3529 note
888 3495 935 3529 οὺ
958 3492 980 3528 il
1001 3496 1057 3529 est
1075 3491 1140 3529 fait
1160 3491 1316 3528 allusion
1336 3494 1357 3527 a
1378 3494 1435 3527 eet
1458 3493 1686 3527 evencment.
