2216 3886
268 337 337 372 550
878 333 1107 371 JOHANNIS
1144 331 1435 370 BURCHARDI.
1718 368 1721 371 ,
1823 331 1927 371 [Ao-⁴11
1947 334 2042 373 1499]

268 437 362 484 lam
394 435 730 494 intimationis,
774 451 918 498 quam
957 434 1231 481 cursoribus
1271 432 1404 491 dedi,
1443 432 1621 480 tenoris
1662 432 2029 495 subsequentis:

332 522 399 567 Ex
431 524 563 582 parte
593 518 715 565 Rmi.
750 521 805 566 D.
844 516 1099 565 cardinalis
1129 514 1435 563 Alexandrini
1469 518 1515 562 et
1545 514 1788 573 Senensis,
1821 520 1870 563 et
1896 518 1950 564 R.
1986 519 2038 564 P.

267 602 488 649 Gulielmi
516 601 573 648 de
597 601 841 658 Perreriis,
867 598 1096 647 auditoris
1125 602 1245 656 rote,
1271 602 1586 646 executorum
1612 598 1890 646 testamenti
1914 599 2038 646 bone

266 685 499 732 memorie
541 682 795 730 cardinalis
836 699 874 730 s.
915 682 1128 746 Dionysii
1170 681 1419 729 intimetur
1457 680 1656 743 singulis
1699 679 1890 727 RRmis.
1931 682 2032 728 DD.

265 766 584 815 cardinalibus
618 770 664 813 et
698 765 928 827 magistro
962 765 1133 812 domus
1165 766 1247 813 SS.
1281 767 1336 812 D.
1359 767 1414 813 N.
1449 779 1589 827 pape,
1614 768 1662 811 et
1688 763 1959 811 oratoribus
1988 768 2035 812 et

264 848 457 913 prelatis
485 849 533 895 in
560 862 759 895 romana
779 847 911 894 curia
941 847 1272 906 existentibus,
1297 847 1427 910 quod
1450 847 1526 895 die
1551 848 1777 907 crastina,
1805 852 1829 895 7
1854 847 2033 895 mensis

265 932 472 996 augusti,
502 932 629 978 bono
663 946 804 978 mane
837 921 1022 978 dicetur
1054 930 1270 978 officium
1303 936 1607 979 mortuorum
1636 931 1685 978 in
1720 930 1864 979 domo
1899 930 2037 978 solite

264 1015 522 1064 residentia
546 1013 659 1061 dicti
690 1013 944 1061 cardinalis
971 1013 1208 1073 defuncti;
1235 1013 1407 1062 deinde
1436 1014 1564 1062 circa
1587 1015 1760 1063 horam
1784 1030 1852 1062 ΧΠ
1871 1019 2038 1078 porta-

263 1099 391 1146 bitur
422 1098 482 1145 ad
514 1097 749 1161 capellam
783 1113 821 1144 s.
850 1096 1105 1145 Petronille
1137 1096 1332 1144 basilice
1364 1113 1403 1144 s.
1437 1098 1562 1146 Petri
1593 1113 1652 1146 ex
1682 1098 1826 1154 Urbe,
1857 1097 2038 1146 ibidem

263 1180 593 1245 sepeliendus;
618 1181 867 1227 intimetur
887 1180 1030 1228 etiam
1052 1180 1182 1228 clero
1205 1180 1400 1228 basilice
1421 1180 1635 1244 predicte
1659 1186 1705 1229 et
1724 1181 2039 1245 infrascriptis

265 1265 579 1313 conventibus
601 1268 837 1328 quatenus
859 1263 1030 1311 eadem
1055 1262 1132 1311 die
1166 1263 1390 1323 crastina,
1412 1263 1533 1311 hora
1552 1280 1622 1311 xu
1644 1264 1717 1312 vel
1741 1268 1871 1324 ante,
1894 1263 2042 1312 velint

266 1364 371 1396 esse
393 1349 441 1396 in
463 1348 607 1396 domo
631 1348 743 1395 dicti
766 1347 1018 1394 cardinalis
1041 1347 1267 1406 defuncti,
1292 1346 1466 1395 deinde
1495 1347 1623 1396 circa
1642 1348 1816 1396 horam
1836 1364 1905 1396 xu
1928 1363 2041 1412 por-

265 1432 441 1479 tabitur
460 1431 520 1480 ad
550 1432 783 1496 capellam
811 1447 849 1478 s.
876 1431 1133 1479 Petronille
1159 1431 1356 1479 basilice
1380 1447 1419 1478 s.
1444 1432 1570 1479 Petri
1600 1447 1658 1480 ex
1686 1432 1830 1492 Urbe,
1856 1432 2040 1502 ibidem

268 1515 590 1578 sepeliendus.
615 1515 867 1562 intimetur
888 1514 1031 1563 etiam
1055 1514 1184 1562 clero
1207 1515 1400 1562 basilice
1420 1515 1635 1579 predicte
1659 1520 1706 1564 et
1727 1515 2043 1579 infrascriptis

268 1599 579 1646 conventibus
605 1604 843 1661 quatenus
865 1597 1035 1646 eadem
1057 1598 1132 1645 die
1156 1599 1380 1658 crastina,
1405 1599 1527 1647 hora
1554 1615 1623 1646 xil
1651 1599 1724 1647 vel
1746 1603 1874 1658 ante,
1899 1598 2043 1647 velint

271 1697 377 1730 esse
398 1681 445 1729 in
468 1682 612 1730 domo
636 1682 748 1730 dicti
774 1681 1030 1729 cardinalis
1058 1682 1287 1741 defuncti,
1315 1682 1375 1730 ad
1398 1681 1723 1731 decantandas
1745 1681 1924 1729 ibidem
1943 1696 2047 1730 ves-

271 1780 410 1828 peras
439 1770 485 1813 et
515 1765 696 1828 vigilias
728 1764 873 1812 officii
908 1765 1261 1824 defunctorum,
1294 1765 1467 1813 deinde
1501 1765 1839 1813 associandum
1873 1780 2046 1829 corpus

274 1847 504 1907 defuncti,
527 1863 660 1895 more
684 1848 840 1896 solito.

337 1930 473 1979 Clero
494 1931 692 1979 basilice
715 1947 754 1978 s.
782 1933 927 1990 Petri,

337 2014 473 2063 Clero
496 2018 758 2063 conventus
780 2016 1011 2075 Minerve,

339 2099 476 2147 Clero
499 2103 762 2147 conventus
783 2100 989 2157 Araceli,

338 2182 476 2230 Clero
499 2186 762 2230 conventus
783 2198 821 2230 s.
843 2182 1116 2245 Augustini,

337 2265 475 2313 Clero
497 2269 760 2312 conventus
784 2281 822 2313 s.
841 2265 990 2313 Marie
1014 2265 1072 2313 de
1095 2265 1297 2328 Populo,

339 2348 474 2396 Clero
497 2352 760 2396 conventus
781 2348 1164 2408 Carmelitarum,

339 2432 476 2479 Clero
498 2437 761 2480 conventus
783 2449 821 2480 s.
846 2430 1075 2478 Marcelli.

339 2515 517 2563 Eadem
536 2515 631 2574 die,
657 2514 900 2572 mercurii,
921 2518 945 2561 7
970 2514 1177 2577 augusti,
1198 2514 1428 2562 ordinatis
1450 2515 1672 2563 omnibus
1694 2515 1742 2562 in
1764 2515 1918 2579 prima
1941 2515 2049 2563 aula

273 2599 444 2645 (lomus
471 2598 685 2662 predicte
709 2603 756 2646 et
778 2598 1006 2646 defuncto
1039 2614 1183 2662 super
1207 2598 1387 2646 lectum
1411 2598 1584 2661 posito,
1610 2602 1655 2646 et
1678 2600 1814 2663 juxta
1842 2615 1953 2648 eum
1975 2599 2048 2646 in-

274 2682 466 2729 tortitiis
504 2699 634 2741 xxlv,
670 2682 917 2745 inceptum
957 2682 1042 2729 fuit
1079 2682 1292 2729 officium
1332 2682 1380 2728 in
1414 2681 1584 2730 eadem
1619 2682 1728 2730 aula
1762 2698 1850 2745 per
1876 2683 2047 2730 fratres

274 2780 311 2810 s.
337 2763 589 2826 Augustini
624 2765 704 2826 qui
736 2765 824 2812 soli
854 2769 1085 2812 venerant
1116 2769 1163 2812 et
1191 2765 1414 2812 dixerunt
1439 2780 1663 2827 vesperas
1686 2769 1732 2812 et
1761 2766 1971 2828 primum
2000 2771 2047 2813 et

275 2845 539 2892 secundum
564 2850 871 2894 nocturnum,
898 2846 1123 2894 Distribui
1142 2846 1202 2893 ad
1223 2847 1435 2909 singulos
1453 2853 1549 2894 tres
1571 2847 1794 2895 candelas
1816 2863 1904 2911 pro
1926 2863 2045 2910 quo-

272 2926 388 2975 libet
410 2927 572 2987 fratre,
603 2933 649 2976 et
681 2930 890 2992 vesperis
921 2928 1138 2987 totidem,
1158 2932 1204 2975 et
1230 2928 1278 2974 in
1308 2928 1463 2991 primo
1485 2934 1741 2988 nocturno,
1768 2929 1969 2978 totidem
1995 2930 2041 2977 in

274 3010 504 3058 secundo.
538 3012 749 3059 Tertium
778 3016 1066 3060 nocturnum
1094 3011 1315 3058 dixerunt
1343 3011 1512 3058 fratres
1536 3011 1722 3060 Araceli
1751 3017 1798 3060 et
1824 3013 2044 3062 carmeli—

274 3099 447 3152 tarum,
469 3093 658 3142 Lamles
681 3095 850 3142 fratres
872 3095 1081 3142 Minerve
1111 3099 1158 3141 et
1179 3110 1216 3141 s.
1243 3093 1472 3153 Marcelli,
1498 3094 1669 3157 quibus
1691 3095 1913 3143 omnibus
1935 3095 2044 3144 dedi

271 3176 514 3235 candelas,
545 3183 595 3225 ut
627 3178 810 3241 primis.
844 3177 1009 3225 Finitis
1042 3177 1279 3236 laudibus,
1315 3177 1587 3225 beneficiati
1616 3178 1813 3227 basilice
1846 3195 1885 3227 s.
1918 3180 2044 3227 Petri

270 3265 576 3324 portaverunt
597 3260 877 3308 defunctum
900 3261 958 3309 de
980 3260 1089 3308 aula
1109 3260 1167 3307 ad
1189 3260 1471 3308 catalectum
1500 3260 1699 3308 inferius
1730 3260 1778 3308 in
1806 3261 1937 3309 curia
1960 3277 2043 3309 sua

271 3349 508 3406 paratum,
532 3348 578 3391 et
596 3343 707 3391 inde
727 3359 874 3406 usque
895 3342 955 3391 ad
973 3342 1217 3390 basilicam
1232 3342 1498 3406 predictam
1521 3347 1567 3391 et
1587 3343 1859 3407 depositum
1879 3360 2040 3393 suum.

272 3426 517 3474 Petierunt
539 3430 811 3489 propterea,
836 3441 921 3489 pro
950 3441 1117 3473 eorum
1147 3425 1514 3483 consuetudine,
1541 3425 1706 3474 donari
1733 3427 1801 3475 eis
1825 3442 1911 3491 per
1931 3442 2042 3475 exe—
