2222 3926
323 345 393 380 254
927 345 1160 383 JOHANNIS
1195 346 1489 392 BURCHARDI,
1766 348 1973 388 [Decembre
1998 350 2093 389 1495]

390 445 441 505 ᾗ).
477 444 576 493 Sed
591 446 735 494 libera
755 463 838 495 nos
863 463 891 494 a
910 448 1049 495 malo.

429 565 440 577 .
477 529 801 590 Peccavimus,
824 530 1044 588 Domine,
1070 545 1175 576 cum
1177 529 1397 591 patribus
1415 529 1600 577 nostris.

431 651 440 660 .
479 612 672 675 Injuste
690 614 888 678 opimus,
914 612 1207 676 iniquitatem
1225 613 1443 678 fecimus,

431 734 441 744 .
479 695 869 759 Derelinquimus
890 704 933 743 te
951 695 1128 755 Deum,
1153 696 1430 745 salvatorem
1448 705 1676 757 nostrum,

432 815 442 825 .
479 779 548 826 Et
568 779 840 827 recessimus
855 796 883 827 a
904 787 946 827 te
959 780 1186 828 salvatore
1203 789 1382 828 nostro.

433 898 446 910 .
481 862 888 911 Exacerbavimus
910 863 1092 926 eloquia
1119 871 1219 922 tua,
1250 871 1294 910 et
1309 863 1712 927 prophanavimus
1730 863 1947 927 justitias
1970 862 2091 913 tuas.

432 984 442 994 .
480 945 550 993 Et
573 945 623 993 in
633 946 826 1010 judiciis
848 946 941 994 tuis
961 962 1056 994 non
1077 947 1434 994 ambulavimus.

430 1067 439 1078 .
479 1030 538 1078 N
536 1046 559 1078 e
581 1030 864 1090 memineris,
890 1030 1113 1090 Domine,
1132 1031 1438 1095 iniquitatum
1454 1027 1722 1079 nostrarum
1739 1031 2059 1096 antiquarum.

429 1153 439 1163 .
478 1114 581 1162 Cito
609 1114 866 1178 anticipent
881 1130 965 1162 nos
986 1114 1296 1162 misericordie
1319 1122 1411 1174 tue,
1430 1115 1542 1180 quia
1544 1131 1779 1180 pauperes
1795 1115 1919 1181 sacti
1934 1133 2097 1166 sumus

320 1197 479 1246 nimis.
1924 1196 1927 1197 ⁷

391 1282 440 1342 3⁷.
481 1281 561 1330 Ne
579 1282 798 1346 respicias
807 1289 1002 1346 peccata
1022 1289 1200 1342 nostra,
1224 1281 1446 1343 Domine,

388 1365 443 1427 ᾗ).
479 1364 735 1430 Sedfia'em
754 1365 966 1413 Ecclesie
986 1372 1078 1413 tue.

387 1452 433 1512 ᾗ.
478 1448 656 1497 Averte
675 1466 703 1497 a
724 1449 853 1497 nobis
875 1449 1249 1513 indiynationem
1269 1458 1418 1511 tuam,

388 1534 442 1594 ᾗ).
478 1532 548 1581 Et
553 1533 728 1597 procul
750 1532 930 1580 anobis
950 1533 1094 1597 furor
1115 1541 1238 1581 tuus.

388 1621 434 1680 3⁷.
475 1616 677 1680 Adjuva
697 1632 800 1675 nos,
819 1616 954 1663 Deus
974 1616 1198 1664 salutaris
1218 1624 1390 1676 noster,

390 1701 442 1761 ἡ.
478 1701 550 1748 Et
563 1708 757 1765 propter
775 1700 978 1764 qloriam
996 1700 1200 1748 nominis
1222 1700 1307 1760 tui,
1336 1701 1560 1760 Domine,
1585 1700 1727 1750 libera
1747 1718 1848 1764 nos,
1874 1709 1917 1750 et
1935 1703 2096 1767 propi-

323 1784 418 1831 tius
439 1790 531 1831 esto
542 1783 749 1847 peccatis
770 1783 940 1830 nostris
956 1791 1154 1847 propter
1174 1800 1343 1831 nomen
1365 1792 1514 1833 tuum.

327 1854 328 1857 Ἰ
390 1868 443 1928 ἣν.
479 1867 719 1915 Memento
738 1868 886 1916 nostri
909 1869 1117 1917 Domine
1138 1869 1186 1916 in
1207 1869 1488 1932 beneplacito
1492 1870 1679 1934 populi,

389 1953 442 2012 ᾗ).
483 1951 557 1999 Et
574 1951 709 1999 visita
728 1968 813 1998 nos
831 1952 880 1999 in
901 1952 1099 2000 salutari
1119 1960 1214 2000 tu0.

398 2036 449 2096 ᾖ).
489 2035 652 2084 Salvos
672 2037 755 2101 sac
775 2052 877 2097 nos,
906 2036 1134 2097 Domine,
1155 2036 1291 2085 Deus
1307 2045 1479 2096 noster,

392 2119 443 2178 fi.
482 2119 556 2167 Et
566 2119 712 2167 libera
733 2136 819 2167 nos
841 2120 896 2167 de
917 2120 1216 2169 tribulatione
1233 2128 1288 2168 ut
1305 2121 1611 2185 confiteamur
1631 2122 1811 2170 nomini
1828 2114 1989 2172 sancto
2007 2132 2104 2171 tuo.

328 2211 331 2213 ’
395 2202 445 2260 Ῡ.
469 2201 612 2250 Mitte
631 2202 779 2261 nobis,
799 2202 1023 2263 Domine,
1046 2204 1279 2251 auoeilium
1303 2204 1358 2252 de
1377 2205 1569 2265 Sancto,
1608 2234 1611 2235 ν

388 2285 445 2344 ᾗ).
470 2284 543 2332 Et
560 2285 615 2332 de
634 2284 750 2332 Sion
773 2294 903 2334 tuere
921 2303 1025 2335 nos.

396 2367 446 2428 51.
470 2368 695 2427 Domine,
720 2369 895 2417 eoeaua'i
914 2370 1171 2418 orationem
1187 2387 1355 2433 meam,

390 2451 441 2511 ὦ.
466 2449 536 2498 Et
556 2451 731 2499 clamor
752 2468 881 2500 meus
903 2452 969 2500 ad
985 2460 1027 2500 te
1053 2453 1224 2501 veniat.

390 2539 437 2598 91.
463 2535 693 2584 Dominus
714 2535 963 2595 vobiscum,

330 2621 334 2624 ⁴
391 2620 443 2680 fi),
470 2619 543 2667 Et
553 2635 661 2667 cum
682 2618 853 2682 spiritu
876 2628 974 2668 tuo.

385 529 424 1176 ᾣψῷψῷψῶψ

1099 2751 1297 2800 Oremus
1306 2790 1315 2799 .

395 2901 482 2949 Aa'
498 2911 541 2949 te
557 2901 756 2950 Domine
780 2903 1032 2951 clamantes
1054 2905 1227 2952 ooeaua'i
1243 2913 1289 2953 et
1306 2907 1425 2954 aeris
1446 2908 1742 2957 serenitatem
1760 2926 1814 2956 ac
1826 2925 1995 2972 pacem
2021 2925 2107 2956 no—

327 2986 393 3032 bis
417 2985 575 3033 tribue
594 2985 983 3048 supplicantibus,
1008 2996 1061 3035 ut
1080 2988 1161 3052 qui
1171 2989 1309 3051 juste
1310 3005 1402 3051 pro
1417 2992 1797 3055 peccatisnostris
1818 2992 2107 3058 affliyimur,

326 3067 642 3116 misericordia
662 3076 742 3115 tua
756 3070 1057 3131 preveniente
1072 3072 1365 3120 clementiam
1389 3075 1662 3126 sentiamus.

391 3154 489 3202 Per
504 3154 746 3202 dominum
759 3162 989 3214 nostrum,
1014 3163 1120 3204 etc..

407 3237 692 3296 Quesumus,
711 3238 1000 3301 omnipotens
1019 3238 1171 3299 Deus,
1199 3240 1489 3289 clementiam
1519 3249 1667 3302 tuam,
1697 3250 1752 3290 ut
1771 3240 2105 3291 inundantiam

330 3403 651 3499 inlundationibus,
673 3403 813 3446 Romae,
837 3405 943 3451 1531,
971 3409 1007 3442 et
1032 3405 1259 3453 Ciaoeonius,
1286 3409 1377 3446 Vitae
1397 3413 1430 3446 et
1449 3421 1506 3446 res
1525 3415 1635 3458 yestae
1655 3412 1720 3449 SS.
1743 3413 1968 3459 Pontificum,
1989 3414 2014 3448 t.
2039 3411 2101 3456 Ill,

328 3474 368 3498 co
387 3491 398 3503 .
420 3463 499 3499 164.
