2216 3886
309 311 379 346 590
911 308 1144 344 JOHANNIS
1177 305 1472 350 BURCHARDI,
1762 305 1970 345 [Decembre
1987 305 2081 345 1499]

312 412 510 461 tentiam
545 413 804 461 salutarem
842 409 1124 473 injungendi
1163 408 1374 470 plenam,
1410 406 1612 454 liberam
1655 410 1703 454 et
1735 407 2079 467 omnimodam,

310 497 593 555 auctoritate
613 493 876 557 apostolica
897 497 944 540 et
968 507 1027 538 ex
1048 494 1177 539 certa
1206 489 1422 548 scientia,
1450 493 1619 537 tenore
1645 489 1944 552 presentium
1967 506 2083 539 con-

309 579 523 628 cedimus
542 575 819 624 facultatem
846 573 1087 637 quibusvis
1110 573 1214 621 aliis
1237 572 1598 621 confessoribus
1621 572 1918 620 secularibus
1940 576 1987 620 et
2006 588 2083 622 re·-

308 661 491 725 ligiosis
515 660 564 707 in
584 659 711 706 dicta
738 657 861 706 Urbe
885 660 932 704 et
955 661 1090 704 extra
1116 671 1280 704 muros
1300 655 1427 703 illius
1449 659 1496 703 et
1516 655 1628 703 illuc
1650 654 1849 720 ubilibet
1872 654 2083 704 existen-

307 744 452 802 tibus,
478 756 806 806 quascumque
823 739 1075 788 facultates
1096 739 1144 786 in
1168 739 1306 787 dictis
1325 735 1513 787 casibus
1532 739 1786 787 reservatis
1805 738 2082 787 absolvendi

309 842 337 873 a
373 825 511 874 nobis
548 829 596 874 et
621 824 736 872 sede
763 823 997 887 predicta,
1027 822 1173 870 verbo
1212 822 1286 870 vel
1317 821 1506 885 scriptis
1535 821 1697 870 forsan
1732 820 2077 879 obtinentibus,

309 912 354 958 et
384 909 423 956 si
448 909 495 956 in
527 908 596 957 eis
624 909 872 956 caveretur
901 921 1146 970 expresse,
1173 906 1301 969 quod
1327 905 1419 953 illis
1447 905 1737 964 nullatenus,
1761 905 1835 953 vel
1863 920 1961 953 non
1989 904 2080 952 nisi

306 992 393 1039 sub
426 991 569 1040 certis
598 990 838 1055 expressis
866 990 1011 1038 modo
1039 995 1087 1037 et
1116 989 1273 1038 forma
1299 992 1381 1037 aut
1405 988 1742 1052 conceptione,
1778 988 1852 1036 vel
1882 1003 2079 1052 expres-

308 1075 442 1123 sione
462 1075 719 1123 verborum
741 1073 964 1137 derogari
978 1076 1192 1136 possent,
1213 1087 1275 1120 ne
1297 1072 1524 1135 aliquam,
1550 1072 1678 1120 dicto
1701 1087 1827 1120 anno
1857 1071 2080 1131 durante,

309 1158 584 1208 facultatem
612 1158 935 1222 predictarum
961 1159 1182 1219 pretextu
1202 1155 1251 1203 in
1285 1155 1423 1204 dictis
1445 1155 1635 1203 casibus
1657 1154 1911 1204 reservatis
1931 1155 2086 1204 absol-

308 1257 416 1291 vere
444 1258 635 1306 quoquo
660 1241 804 1290 modo
831 1244 1128 1305 presumant,
1157 1240 1245 1287 sub
1273 1238 1785 1288 excommunicationis
1811 1242 1858 1287 et
1887 1238 2086 1287 anathe-

310 1325 624 1373 matizationis
664 1325 759 1372 late
801 1323 1039 1372 sententie
1078 1339 1221 1387 pena,
1259 1338 1401 1386 quam
1442 1322 1840 1371 contrafacientes
1880 1337 1938 1370 eo
1979 1321 2084 1386 ipso

310 1408 570 1468 incurrant,
597 1412 645 1457 et
666 1424 694 1456 a
714 1423 809 1471 qua
824 1422 922 1455 non
942 1406 1033 1454 nisi
1055 1422 1083 1454 a
1102 1406 1240 1454 nobis
1263 1410 1310 1454 et
1332 1407 1694 1455 successoribus
1718 1405 1896 1454 nostris
1919 1405 2083 1454 Ponti-

311 1491 482 1540 ficibus
514 1490 726 1539 romanis
755 1490 987 1539 canonice
1015 1489 1319 1549 intrantibus,
1350 1494 1661 1553 preterquam
1688 1489 1855 1537 mortis
1882 1488 2083 1537 articulo

312 1576 576 1635 constituti,
608 1575 786 1624 absolvi
819 1574 1005 1638 possint
1032 1574 1415 1638 quibuscumque
1453 1574 1491 1622 si
1522 1574 1856 1624 inobedientes
1887 1573 2081 1632 fuerint,

312 1661 363 1705 ut
382 1658 638 1722 prefertur,
654 1655 1013 1721 predicationis,
1034 1655 1272 1714 lectionis,
1291 1656 1650 1715 abmonitionis,
1670 1661 2084 1704 sacramentorum

315 1745 363 1790 et
401 1740 624 1789 audiendi
667 1739 1015 1798 confessiones,
1056 1738 1218 1786 officia
1256 1738 1606 1799 interdicimus,
1650 1738 1915 1788 dictrictius
1959 1738 2087 1786 inhi-

313 1825 500 1883 bentes,
549 1823 855 1888 predicentes
902 1826 948 1871 et
992 1822 1290 1870 declarantes
1337 1827 1501 1886 aperte
1554 1822 1992 1887 transgressoribus
2039 1827 2086 1871 et

309 1908 721 1972 contemptoribus
751 1906 999 1970 predictiS,
1030 1922 1119 1953 nos
1153 1906 1341 1969 gravius
1376 1911 1545 1954 contra
1581 1922 1663 1955 eos
1697 1905 2004 1970 spiritualiter
2034 1910 2081 1954 et

308 1991 637 2055 temporaliter
665 2005 995 2055 processurOS,
1027 1993 1074 2037 et
1103 1976 1417 2037 nihilominus
1446 1989 1677 2054 quidquid
1711 1989 1897 2053 egerint
1922 1989 2082 2038 ahsol-

310 2074 483 2135 vendo,
516 2075 589 2124 vel
616 2075 734 2123 alias
767 2074 944 2122 nullius
973 2073 1033 2122 sit
1062 2073 1250 2121 roboris
1278 2073 1352 2121 vel
1381 2073 1634 2134 momenti,
1657 2078 1755 2122 non
1784 2073 2085 2122 obstantibus

308 2158 556 2222 premissis
585 2157 1005 2207 constitutionibus
1027 2161 1075 2206 et
1102 2156 1482 2205 ordinationibus
1510 2157 1785 2220 apostolicis
1812 2157 2083 2221 ceterisque

308 2242 559 2290 contrariis
594 2242 999 2305 quibuscumque3
1029 2241 1252 2288 studeant
1291 2240 1438 2304 igitur
1473 2256 1643 2288 omnes
1676 2240 1851 2288 Christi
1889 2240 2081 2300 fideles,

309 2330 360 2374 ut
381 2329 624 2384 tenentur,
648 2326 744 2374 hoc
774 2340 911 2373 sacro
933 2340 1059 2372 anno
1082 2324 1251 2388 jubilei
1276 2324 1423 2372 corda
1453 2341 1538 2373 sua
1565 2324 1798 2373 altissimo
1826 2340 2085 2389 preparare

311 2424 569 2473 moresque
595 2413 642 2458 et
661 2409 806 2457 vitam
834 2409 883 2455 in
911 2407 1082 2457 melius
1109 2411 1426 2467 commutare,
1449 2408 1509 2456 ab
1539 2408 1716 2456 illicitis
1742 2407 1977 2457 desistere
2001 2424 2088 2473 per

310 2492 593 2540 humilitatis
615 2491 854 2556 spiritum,
878 2507 965 2555 per
985 2490 1177 2539 contriti
1196 2491 1355 2539 cordis
1378 2491 1687 2551 sacrificium,
1709 2490 2087 2556 cooperantibus

313 2576 635 2641 eleemosynis
658 2580 704 2623 et
728 2574 1198 2639 peregrinationibus
1226 2574 1522 2636 satisfacere,
1547 2580 1599 2624 ut
1619 2575 1841 2623 basilicas
1863 2579 1911 2624 et
1933 2575 2089 2623 eccle-

311 2660 404 2708 sias
424 2660 665 2724 predictas
688 2659 949 2718 visitantes,
972 2659 1158 2718 devote,
1182 2675 1294 2707 vere
1317 2658 1588 2722 penitentes
1614 2663 1662 2707 et
1693 2658 1904 2707 confessi
1931 2658 2087 2723 ipsam

311 2744 643 2807 plenissimam
680 2742 792 2791 anni
824 2742 993 2806 jubilei
1027 2741 1374 2806 indulgentiam
1413 2747 1460 2791 et
1494 2742 1939 2792 reconciliationem
1976 2757 2088 2790 cum

309 2826 509 2890 pissimo
532 2827 855 2890 Redemptore
879 2830 1044 2873 nostro
1063 2841 1151 2888 per
1182 2840 1350 2874 eorum
1377 2826 1548 2874 merita
1569 2842 1624 2874 ac
1651 2826 1779 2875 bona
1804 2840 1955 2889 opera
1975 2839 2089 2873 con-

313 2910 448 2973 sequi
471 2913 764 2958 mereantur.

378 2993 583 3042 Nomina
606 3009 717 3042 vero
738 2992 977 3041 dictorum
998 2992 1373 3056 penitentiorum
1398 2997 1508 3040 sunt
1527 2992 1637 3052 hec,
1661 2992 1883 3041 videlicet
1907 3008 1917 3040 :
1943 2994 2089 3041 Fran-

311 3080 469 3130 ciscus
509 3077 762 3143 episcopus
798 3076 1235 3141 Milopotamensis;
1271 3075 1531 3125 Riccardus
1565 3078 1721 3141 Trapp
1755 3076 1804 3124 in
1829 3075 2010 3125 artibus
2039 3079 2087 3124 et

293 3162 557 3227 vtheologia
588 3161 846 3225 magister3
878 3161 1053 3209 Paulus
1087 3159 1145 3208 de
1181 3162 1324 3208 Curte
1361 3159 1541 3208 ordinis
1572 3160 1947 3225 predicatorum,
1972 3174 2084 3224 pro-

311 3247 484 3306 fessor,
516 3246 661 3295 etiam
696 3244 746 3292 in
784 3244 965 3293 artibus
1004 3248 1052 3293 et
1085 3244 1328 3308 theologia
1358 3243 1616 3307 magister3
1652 3243 1877 3293 Claudius
1911 3241 2083 3292 Cathe-

311 3328 412 3387 lini,
447 3328 626 3376 ordinis
663 3328 867 3377 fratrum
905 3328 1253 3377 heremitarum
1286 3344 1324 3375 s.
1360 3327 1614 3392 Augustini
1647 3328 1908 3392 professor,
1939 3325 2082 3375 etiam

313 3412 361 3460 in
398 3411 643 3476 theologia
668 3412 915 3477 magister,
946 3412 1189 3461 Johannes
1224 3411 1281 3460 de
1309 3410 1594 3469 Malaleone,
1619 3410 1798 3460 ordinis
1821 3410 2077 3466 Minorum,
