2202 3926
134 368 245 412 [Mars
262 369 357 410 1493]
546 395 549 398 Α
579 366 749 404 RERUM
782 366 1087 405 URBANARUM
1123 366 1472 406 COMMENTARH.
1886 378 1940 420 53¹

135 480 244 525 eam
282 474 332 521 in
369 476 566 538 pectore
605 472 863 537 duplicavit
888 471 939 520 in
973 471 1173 520 modum
1202 470 1359 520 crucis
1391 471 1558 521 dicens
1596 490 1606 521 :
1639 473 1812 539 Accipe
1844 487 1936 526 sto-

133 561 228 608 lam
249 567 334 607 ete.
358 560 480 607 Tum
501 556 731 623 imposuit
753 556 797 605 ei
818 556 1083 621 planetam,
1115 556 1183 605 ita
1214 560 1378 605 tamen
1402 557 1531 620 quod
1556 558 1799 622 posterior
1816 577 1927 624 pars

135 647 356 692 maneret
402 658 547 707 super
595 641 806 707 spatulas
862 640 1118 689 cardinalis
1166 640 1334 690 dicens
1361 658 1371 689 ε
1399 640 1577 705 Accipe
1629 650 1800 691 vestem
1843 654 1927 693 etc.

134 731 254 777 Tum
298 727 519 792 deposita
553 726 720 787 mitra,
757 724 966 774 surrexit
1008 724 1285 789 episcopus,
1325 725 1493 773 dIcens
1532 742 1542 774 ε
1578 726 1711 774 Deus
1759 731 1933 777 sancti-

131 812 404 877 ficationem
438 819 523 859 ete.
563 810 747 860 Deinde
784 818 949 858 versus
985 808 1045 857 ad
1076 809 1225 857 altare
1255 809 1518 874 genuflexit
1542 814 1589 858 et
1610 810 1730 860 dixit
1767 829 1777 861 :
1814 812 1934 862 Veni

135 904 314 945 creator
332 896 553 959 spiritas;
576 895 705 944 dicto
735 894 891 959 primo
919 909 1060 943 versu
1093 893 1315 952 surrexit,
1342 894 1483 954 sedit,
1515 896 1704 960 accepit
1734 898 1930 947 mitram

136 985 201 1039 et,
227 979 452 1027 extractis
474 976 788 1034 chirothecis,
811 976 1000 1024 inunxit
1013 991 1186 1024 manus
1205 976 1462 1024 cardinalis
1485 977 1593 1026 oleo
1615 981 1931 1030 catechume-

133 1069 323 1122 norum,
347 1065 491 1125 prout
512 1060 559 1108 in
581 1059 848 1124 pontificali
871 1059 1038 1108 dicens
1065 1077 1075 1109 :
1100 1058 1331 1109 Conseero
1351 1069 1392 1108 te
1410 1069 1494 1110 ete.
1516 1064 1661 1111 Facta
1678 1065 1924 1125 unctione,

133 1145 336 1199 extorsit
373 1159 546 1208 parum
582 1143 808 1208 pollicem
850 1159 961 1192 cum
1003 1144 1130 1194 mica
1174 1144 1336 1209 panis,
1384 1149 1486 1194 tum
1524 1146 1657 1196 dedit
1697 1148 1927 1198 cardinali

131 1229 332 1277 calicem
364 1244 476 1277 cum
514 1227 623 1276 vino
658 1231 706 1276 et
736 1242 877 1292 aqua,
914 1232 1094 1292 patena
1123 1231 1171 1276 et
1200 1227 1377 1287 hostia,
1410 1224 1577 1277 dicens
1604 1247 1614 1279 :
1640 1230 1818 1296 Accipe
1838 1241 1922 1281 ete.

131 1312 395 1362 Cardinalis
425 1327 535 1361 cum
565 1310 724 1360 indice
753 1315 802 1360 et
831 1311 993 1360 medio
1023 1311 1275 1376 utriusque
1310 1327 1482 1361 manus
1518 1314 1675 1378 tetigit
1697 1331 1923 1380 cuppam,

130 1398 234 1446 aliis
255 1401 483 1461 patenam
501 1400 548 1445 et
576 1395 806 1455 hostiam,
839 1401 888 1444 et
910 1396 1142 1456 surrexit3
1178 1395 1354 1445 deinde
1385 1397 1662 1458 cardinalis,
1687 1404 1735 1448 et
1766 1400 1814 1448 in
1837 1417 1925 1450 suo

133 1480 364 1539 scabello,
387 1480 500 1528 lavit
519 1495 709 1528 manus.
735 1479 870 1528 Idem
894 1480 1008 1529 fecit
1029 1480 1288 1546 episcopus
1313 1480 1361 1529 in
1383 1481 1668 1532 faldistorio.
1692 1484 1927 1534 Dixerunt

130 1565 442 1628 postmodum
471 1564 694 1613 ultimum
723 1580 917 1614 versum
945 1569 1144 1625 tractus,
1178 1565 1434 1629 episcopus
1470 1565 1517 1613 in
1552 1582 1703 1615 cornu
1723 1568 1925 1632 epistole

133 1654 180 1698 et
221 1648 478 1698 cardinalis
515 1648 565 1697 in
607 1664 757 1698 cornu
801 1649 1054 1714 evangelii.
1098 1652 1219 1698 Tum
1256 1650 1593 1714 transportatis
1628 1651 1922 1712 missalibus,

129 1733 388 1797 episcopus
410 1733 458 1781 in
482 1748 632 1781 cornu
657 1733 910 1797 evangelii,
933 1739 981 1782 et
1002 1733 1259 1782 cardinalis
1280 1734 1330 1782 in
1351 1734 1507 1798 capite
1524 1750 1675 1784 cornu
1699 1736 1922 1800 epistole,

135 1817 359 1865 dixerunt
388 1816 711 1880 evangelium,
749 1818 896 1866 credo
929 1822 976 1866 et
1006 1818 1337 1878 offertorium;
1371 1818 1546 1882 quibus
1574 1819 1732 1878 dictis,
1765 1820 1925 1869 cardi-

59 1894 64 1898 *
130 1903 269 1962 nalis,
301 1919 466 1952 coram
495 1903 723 1967 episcopo
758 1901 1110 1950 infaldistorio
1147 1902 1198 1950 in
1234 1902 1398 1951 medio
1437 1903 1601 1950 altaris
1627 1913 1748 1952 *cum
1781 1905 1924 1953 mitra

133 1986 354 2046 sedente,
378 1986 663 2050 genuflexus
695 1984 866 2034 obtulit
898 1984 941 2032 ei
979 1984 1073 2032 duo
1104 1985 1363 2044 intorticia‚
1402 1985 1522 2033 duos
1550 2001 1704 2050 panes
1739 1993 1787 2036 et
1825 1989 1920 2037 duo

126 2070 298 2119 barilia
327 2070 440 2129 vini,
470 2085 742 2133 manusque
777 2067 1054 2132 recipientis
1082 2068 1371 2117 deosculans
1400 2068 1462 2117 ad
1490 2069 1679 2133 singula
1704 2076 1848 2135 prout
1871 2073 1920 2120 in

127 2153 392 2218 pontificali
429 2153 478 2200 in
513 2150 964 2200 consecrationibus
998 2150 1266 2200 electorum
1295 2152 1570 2200 ordinatum
1607 2156 1708 2212 est;
1746 2154 1919 2203 deinde

123 2237 380 2301 episcopus
403 2235 517 2284 lavit
537 2250 729 2294 manus,
755 2233 962 2283 accessit
982 2234 1044 2282 ad
1072 2234 1223 2282 altare
1253 2238 1300 2283 et
1318 2239 1607 2298 prosecutus
1628 2239 1702 2284 est
1719 2237 1917 2286 missam

121 2336 272 2384 usque
302 2320 362 2368 ad
383 2318 780 2369 communionem
801 2338 811 2378 3
848 2318 979 2367 idem
1003 2318 1119 2367 fecit
1148 2318 1404 2367 cardinalis
1433 2319 1483 2367 in
1504 2335 1654 2369 cornu
1676 2322 1914 2385 predicto,

121 2405 268 2453 etiam
298 2404 447 2453 verba
468 2402 852 2452 consecrationis
872 2403 1144 2466 proferens.

186 2488 321 2536 Dicta
361 2487 582 2536 oratione
619 2486 826 2534 Domine
861 2485 1002 2534 Jesus
1045 2485 1246 2546 Christe,
1289 2487 1446 2551 primo
1485 2488 1746 2554 episcopus
1785 2489 1915 2538 dedit

116 2586 288 2634 pacem
316 2570 567 2628 cardinali,
601 2569 804 2633 sumptis
840 2585 929 2633 per
963 2570 1246 2635 episcopum
1275 2578 1602 2622 sacramento*
1624 2575 1712 2622 sub
1754 2576 1914 2639 specie

117 2654 254 2718 panis
299 2659 348 2703 et
385 2659 486 2702 toto
525 2653 762 2717 sanguine
794 2657 841 2702 et
867 2654 1105 2717 particula
1140 2655 1187 2702 in
1223 2655 1401 2714 calice3
1435 2662 1696 2720 antequam
1736 2658 1913 2721 digitos

117 2737 338 2786 ablueret
352 2737 726 2786 communicavit
742 2737 1036 2786 cardinalem
1051 2738 1110 2787 de
1127 2754 1331 2803 corpore
1347 2744 1530 2788 tantum
1547 2755 1636 2804 per
1652 2741 1911 2805 specialem

118 2820 328 2868 hostiam
351 2835 438 2884 pro
461 2835 519 2868 eo
542 2824 904 2881 consecratam;
931 2827 1033 2870 tum
1057 2823 1165 2872 dedi
1189 2823 1577 2887 purificationem
1600 2826 1830 2874 cardinali
1853 2826 1910 2874 de

116 2903 285 2952 calice.
330 2904 518 2953 Deinde
557 2904 813 2969 episcopus
850 2906 1000 2955 abluit
1039 2907 1232 2971 digitos,
1275 2912 1446 2971 postea
1479 2924 1682 2968 manus;
1715 2909 1910 2958 interim

116 2987 311 3037 missale
334 2988 591 3037 cardinalis
612 2993 857 3053 portatum
879 2990 966 3039 fuit
984 2991 1044 3039 ad
1066 2995 1209 3056 caput
1223 3007 1373 3041 cornu
1390 2993 1622 3057 evangelii
1644 2998 1691 3042 et
1712 2993 1907 3041 missale

116 3071 329 3136 episcopi
368 3072 429 3121 ad
457 3089 608 3122 cornu
642 3075 864 3139 epistole,
897 3075 1016 3123 dixit
1040 3076 1406 3140 responsorium
1441 3094 1451 3125 2
1484 3075 1597 3125 Jam
1632 3093 1727 3125 non
1754 3077 1906 3125 (licam

117 3167 194 3199 vos
211 3164 496 3216 servos'etc„
521 3172 688 3206 versus
725 3158 786 3206 ad
811 3159 1046 3223 populum
1075 3164 1123 3208 et
1154 3165 1327 3225 altare.
1357 3161 1556 3210 Interim
1578 3161 1836 3209 cardinalis
1857 3161 1905 3208 in

115 3245 266 3283 cornu
288 3239 510 3288 suo'dixit
534 3242 685 3302 credo,
710 3246 853 3307 prout
872 3243 921 3290 in
942 3243 1234 3307 pontificali;
1261 3244 1434 3308 quibus
1463 3244 1604 3292 dictis
1625 3245 1901 3308 episcopus,

110 3322 312 3382 accepta
333 3319 491 3382 mitra,
523 3324 647 3372 sedit
675 3325 725 3373 in
758 3326 1023 3375 faldistorio
1058 3327 1107 3375 in
1141 3328 1304 3376 medio
1333 3326 1497 3376 altaris
1528 3326 1616 3375 sibi
1644 3333 1831 3391 parato,
1858 3332 1904 3374 et

109 3402 275 3449 ambas
305 3417 477 3450 manus
504 3408 664 3467 posuit
690 3425 836 3472 super
873 3415 1018 3473 caput
1045 3412 1302 3459 cardinalis
1340 3425 1506 3458 coram
1542 3426 1592 3458 se
1628 3411 1889 3474 genuflexi,

112 3486 278 3534 dicens
304 3503 314 3535 :
338 3486 514 3550 Accipe
532 3489 748 3551 spiritum
764 3497 1079 3541 sanctum‘etc.
1103 3494 1364 3557 Explicavit
1382 3493 1556 3541 deinde
1575 3493 1895 3555 posteriorem
