2202 3926
302 363 369 399 136
911 363 1142 400 JOHANNIS
1176 364 1467 410 nunciatam,
1873 368 1953 406 [Mai
1975 370 2068 411 1494]

302 467 419 515 mihi
453 482 664 529 unquam
699 467 960 530 acquiram,
996 467 1069 514 vel
1103 467 1353 515 vindicabo
1388 481 1473 512 seu
1504 469 1665 528 petam
1698 465 1961 528 acquirere,
1997 467 2068 514 vel

301 549 663 612 quomodolibet
683 549 938 606 vindicare,
971 554 1016 596 et
1047 549 1166 595 nihil
1192 563 1401 609 unquam
1429 547 1655 609 recipiam
1685 547 1757 612 vel
1775 547 1964 596 habebo
1987 563 2069 595 seu

304 632 518 680 retinebo
550 633 626 679 vel
657 635 817 694 petam
848 631 1083 693 recipere,
1120 630 1326 677 retinere
1359 643 1448 676 nec
1483 629 1628 676 etiam
1660 629 1840 678 habere
1875 630 1924 677 in
1957 630 2068 688 illis,

301 731 458 778 neque
499 715 644 761 ullam
679 714 1007 776 potestariam,
1050 712 1335 775 capitaniam
1370 713 1444 760 vel
1480 713 1756 771 rectoriam,
1794 713 2071 776 nullumque

305 797 432 843 aliud
453 795 664 842 officium
688 795 916 857 recipiam
949 810 1031 842 seu
1056 795 1271 858 recipere
1293 800 1452 859 petam
1475 796 1522 842 in
1545 796 1727 844 eisdem
1753 795 1826 843 vel
1858 795 2072 859 ipsorum

303 879 479 941 aliquo,
514 893 604 925 nec
638 878 782 926 etiam
813 878 1058 941 occupabo
1087 882 1166 925 aut
1196 894 1433 941 occupare
1464 879 1738 942 permittam
1772 894 1857 926 seu
1896 877 2070 925 faciam

301 962 552 1025 premissa,
590 977 673 1008 seu
704 966 888 1024 partem
920 960 1127 1023 aliquam
1161 963 1461 1021 eorumdem,
1496 977 1585 1010 nec
1617 962 1696 1009 illa
1729 961 1968 1009 offendam
2002 961 2071 1008 vel

301 1044 566 1093 molestabo
596 1060 686 1092 nec
717 1045 862 1091 etiam
893 1058 1143 1091 romanam
1180 1045 1461 1104 Ecclesiam,
1495 1060 1686 1107 quoque
1719 1044 1807 1092 sub
1838 1043 2070 1101 censuris,

301 1128 532 1191 penisque
555 1127 877 1190 spiritualibus
904 1132 950 1175 et
971 1128 1315 1191 temporalibus
1339 1128 1385 1174 in
1406 1128 1691 1191 supradictis
1721 1126 2073 1175 conditionibus

303 1216 350 1259 et
388 1210 715 1258 inseudatione
752 1211 1007 1270 contentis,
1045 1227 1161 1274 quas
1195 1210 1273 1259 hic
1304 1211 1473 1258 haberi
1507 1210 1614 1258 volo
1650 1211 1699 1257 in
1739 1210 1938 1273 singulis
1978 1211 2073 1258 suis

301 1295 516 1358 partibus
545 1309 632 1357 pro
658 1294 947 1357 specificatis
978 1299 1026 1342 et
1054 1294 1269 1357 repetitis
1297 1298 1344 1342 et
1364 1294 1633 1357 expressis:
1660 1294 1966 1342 schismatico
1988 1309 2073 1342 seu

301 1379 518 1426 heretico
547 1378 832 1440 cuicumque
860 1378 931 1425 vel
964 1393 991 1425 a
1023 1377 1117 1424 fide
1151 1377 1286 1425 devio
1319 1377 1392 1424 vel
1419 1377 1478 1424 ab
1505 1377 1610 1440 ipsa
1639 1377 1855 1424 Ecclesia
1883 1377 2072 1440 preciso

303 1462 501 1525 ejusque
533 1461 835 1524 sequacibus,
867 1465 948 1508 aut
975 1459 1196 1509 dantibus
1224 1459 1292 1507 eis
1320 1459 1548 1507 auxilium
1575 1460 1829 1507 consilium
1854 1459 1922 1507 vel
1943 1459 2074 1507 favo—

302 1561 422 1602 rem,
446 1559 544 1591 non
569 1544 691 1591 dabo
713 1545 877 1607 quovis
895 1543 1038 1590 modo
1060 1558 1148 1605 per
1161 1558 1256 1600 me,
1280 1543 1349 1590 vel
1371 1542 1516 1590 alium
1539 1557 1623 1590 seu
1645 1543 1783 1602 alios,
1803 1543 1982 1591 directe
2000 1543 2075 1591 vel

301 1628 550 1687 indirecte,
586 1628 773 1691 publice
806 1626 879 1674 vel
919 1625 1123 1684 occulte,
1161 1625 1407 1682 auxilium,
1450 1625 1703 1672 consilium
1737 1625 1808 1673 vel
1841 1625 2071 1685 favorem,

301 1727 391 1758 nec
413 1711 472 1757 ab
499 1710 621 1767 aliis,
653 1713 885 1772 quantum
913 1708 960 1754 in
988 1723 1065 1755 me
1093 1707 1253 1765 fuerit,
1285 1707 1322 1754 si
1353 1708 1588 1771 impedire
1616 1714 1802 1771 potero,
1834 1709 1936 1756 dari
1964 1724 2076 1772 per-

301 1794 507 1851 mittam,
530 1793 615 1840 sed
633 1808 715 1840 eos
731 1793 866 1855 juxta
885 1805 1027 1854 posse
1046 1805 1226 1848 meum,
1249 1790 1403 1836 donec
1426 1796 1782 1851 convertantur,
1813 1807 2078 1855 persequar

301 1882 347 1924 et
369 1877 606 1924 invadam.
640 1878 741 1931 Que
765 1874 929 1921 omnia
960 1877 1007 1920 et
1035 1872 1238 1934 singula,
1269 1876 1320 1919 ut
1341 1872 1524 1935 jacent,
1557 1873 1645 1920 sub
1664 1873 1767 1922 fide
1799 1890 1909 1922 mea
1947 1875 2078 1937 regia

298 1960 479 2018 volens,
514 1962 652 2006 Rmo.
688 1958 737 2004 in
766 1956 954 2004 Christo
985 1955 1107 2018 patri
1140 1959 1187 2002 et
1209 1954 1406 2002 domino
1435 1958 1492 2003 D.
1525 1956 1731 2004 Johanni
1762 1957 1882 2005 tituli
1913 1960 2076 2005 sancte

300 2044 516 2089 Susanne
549 2044 711 2088 sancte
740 2054 939 2087 romano
967 2038 1180 2087 Ecclesie
1213 2038 1493 2101 presbytero
1522 2039 1751 2087 cardinali
1779 2040 1953 2088 Montis
1984 2044 2076 2088 Re-

300 2124 437 2187 galis,
463 2123 723 2186 apostolice
748 2122 873 2169 sedis
901 2121 1079 2184 legato,
1117 2120 1177 2167 ad
1206 2120 1298 2166 hec
1332 2120 1605 2182 specialiter
1637 2122 1881 2185 deputato,
1904 2123 2007 2171 vice
2030 2129 2076 2171 et

299 2207 494 2255 nomine
519 2209 603 2254 SS.
629 2210 686 2254 D.
720 2208 775 2253 N.
802 2220 922 2268 pape
953 2209 1213 2266 sancteque
1247 2218 1444 2251 romane
1479 2204 1692 2252 Ecclesie
1726 2205 2070 2268 predictorum,

298 2290 527 2353 presenti,
579 2289 825 2352 stipulanti
872 2291 915 2335 et
963 2286 1231 2348 recipienti,
1280 2301 1468 2343 curare,
1517 2302 1776 2349 procurare
1822 2292 1869 2336 et
1915 2288 2074 2337 facere

298 2372 632 2420 inviolabiliter
666 2371 939 2428 observare,
976 2368 1203 2431 promitto
1244 2368 1422 2431 pariter
1454 2373 1502 2416 et
1531 2369 1659 2432 juro.
1703 2371 1781 2418 Sic
1821 2386 1898 2418 me
1945 2373 2074 2419 Deus

299 2456 489 2519 adjuvet
511 2460 558 2502 et
580 2459 746 2502 sancta
765 2453 857 2501 hec
879 2453 965 2501 Dei
990 2452 1252 2515 evangelia.
1289 2472 1311 2495 »

362 2540 481 2584 Tum
503 2553 584 2584 rex
607 2536 772 2584 ambas
794 2551 964 2582 manus
987 2550 1132 2597 super
1150 2534 1325 2581 librum
1347 2533 1558 2595 missale,
1584 2551 1727 2598 quem
1756 2539 1921 2585 Rmus.
1945 2538 2075 2602 lega-

299 2625 373 2668 tus
395 2620 597 2677 tenebit,
624 2619 845 2666 videlicet
866 2618 1083 2665 dextram
1106 2633 1252 2680 super
1272 2616 1570 2678 crucifixum,
1596 2622 1643 2666 et
1665 2619 1909 2668 sinistram
1931 2637 2075 2685 super

297 2707 501 2766 quatuor
533 2702 782 2764 evangelia
811 2701 871 2749 ad
903 2702 994 2750 hec
1025 2700 1298 2764 specialiter
1332 2699 1380 2746 in
1415 2699 1540 2749 dicto
1581 2702 1761 2750 missali
1797 2703 1989 2768 depicta
2028 2708 2074 2752 et

298 2787 493 2857 scripta,
518 2789 691 2848 ponat3
716 2785 1018 2848 sicquelegit
1036 2785 1243 2848 etjurat.

362 2867 577 2925 Interim,
600 2866 712 2913 dum
730 2867 1060 2929 juramentum
1081 2867 1350 2930 predictum
1367 2882 1453 2930 per
1474 2847 1638 2930 regem
1655 2873 1911 2932 prestatur,
1930 2869 2071 2917 vexil-

295 2950 395 2997 lum
436 2953 599 2997 sancte
640 2965 838 2997 romane
870 2950 1100 3009 Ecclesie,
1125 2950 1186 2998 ad
1220 2950 1313 2997 hoc
1347 2965 1432 3012 per
1467 2951 1549 2997 SS.
1586 2952 1643 2997 D.
1667 2953 1723 2998 N.
1749 2966 1921 3013 papam
1957 2951 2069 2998 mis-

297 3049 420 3091 sum,
447 3033 721 3094 imponatur
751 3048 834 3079 sue
862 3033 1015 3092 haste,
1041 3038 1088 3081 et
1110 3037 1325 3081 erectum
1354 3036 1576 3080 teneatur
1601 3049 1686 3096 per
1714 3034 1991 3096 religiosum
2021 3039 2067 3083 et

297 3118 546 3162 strenuum
569 3113 818 3160 dominum
838 3114 1172 3162 Collerandum
1197 3118 1260 3177 (1)
1284 3116 1475 3178 Borgia,
1493 3115 1696 3163 militem
1712 3116 1892 3163 ordinis
1914 3118 2065 3166 sancti

295 3197 528 3244 Johannis
556 3197 978 3256 Hierosolimitani‚
1013 3198 1215 3261 predicti
1250 3198 1372 3245 Rmi.
1399 3201 1455 3246 D.
1476 3199 1729 3246 cardinalis
1757 3214 2060 3262 germanum,

296 3279 377 3342 qui
405 3279 628 3327 vexillum
661 3279 819 3342 ipsum
854 3296 911 3328 ex
940 3281 1282 3328 commissione
1305 3282 1388 3329 SS.
1415 3283 1470 3328 D.
1497 3283 1551 3329 N.
1577 3297 1699 3345 pape
1721 3298 1779 3330 ex
1801 3282 1926 3330 Urbe
1947 3298 2061 3346 por-

298 3363 425 3411 tavit.

343 3464 376 3500 1.
407 3462 659 3499 Coerulandum
683 3464 858 3511 fflinaldi,
882 3477 916 3513 p.
937 3466 1018 3509 214,
1035 3468 1078 3500 n⁰
1096 3466 1148 3511 6).
