2216 3886
313 309 383 345 588
920 305 939 342 J
943 303 1150 342 OHANNIS
1184 303 1480 348 BURCHARDI,
1761 305 1967 345 [Decembre
1992 308 2086 347 1499]

313 410 687 476 cooperantibus
710 407 1031 470 eleemosynis
1050 410 1097 453 et
1118 405 1602 468 peregrinationibus,
1629 411 1681 454 ut
1700 407 1924 456 basilicas
1943 415 1990 459 et
2011 426 2087 459 ec-

316 495 486 544 clesias
513 493 771 557 predictas,
799 491 848 537 in
877 489 1049 551 quibus
1080 491 1190 535 sunt
1219 487 1347 535 mille
1379 491 1426 535 et
1454 487 1553 536 fere
1578 486 1946 537 innumerabilia
1973 491 2086 539 fidei

311 580 514 644 pignora
540 590 636 623 una
663 588 770 622 cum
799 571 914 635 ipsis
942 570 1300 634 gloriosissimis
1330 570 1558 633 apostolis
1591 573 1732 619 Petro
1760 575 1807 620 et
1840 573 1987 620 Paulo
2009 590 2086 623 re-

314 661 586 724 quiescunt,
611 655 691 719 qui
725 657 928 702 mortem
951 669 1038 716 pro
1069 653 1240 701 Christi
1266 654 1463 703 nomine
1491 654 1726 718 perpessi,
1751 655 1854 719 ejus
1875 658 2087 720 aspectui

312 757 505 805 semper
525 739 753 788 assistunt
775 737 943 785 devote
970 736 1217 785 visitantes
1247 740 1294 784 et
1327 737 1537 785 confessi
1565 737 1695 801 ipsos
1717 738 2088 801 gloriosissimos

312 824 555 890 apostolos
578 826 626 871 et
648 826 840 869 sanctos
866 820 1215 869 intercessores
1238 819 1298 867 ad
1327 820 1588 868 Dominum
1617 820 1818 881 habere,
1841 827 1888 870 et
1909 822 2088 886 plenis-

315 909 485 956 simam
507 905 856 969 indulgentiam
877 904 1156 967 hujusmodi
1180 908 1228 952 et
1248 903 1692 951 reconciliationem
1715 919 1826 951 cum
1848 903 1952 968 ipso
1973 905 2089 968 piis-

313 992 434 1039 simo
458 990 778 1052 Redemptore
800 991 965 1035 nostro
986 1001 1073 1050 per
1101 986 1309 1034 divinam
1342 985 1726 1034 misericordiam
1747 987 1964 1049 ipsorum
1987 988 2090 1036 ani-

314 1073 484 1123 mabus
515 1070 793 1136 purgatorio
820 1069 918 1133 igni
948 1085 1035 1133 pro
1058 1069 1330 1133 expiatione
1353 1085 1589 1133 penarum
1619 1070 1802 1118 eisdem
1826 1071 2090 1119 secundum

318 1157 526 1206 divinam
555 1154 904 1218 indulgentiam
942 1151 1219 1217 hujusmodi
1259 1156 1306 1200 et
1348 1153 1795 1202 reconciliationem
1835 1169 1946 1202 cum
1986 1154 2090 1218 ipso

317 1240 533 1305 piissimo
556 1238 880 1302 Redemptore
902 1241 1068 1284 nostro
1090 1252 1176 1300 per
1197 1236 1403 1284 divinam
1425 1236 1808 1285 misericordiam
1832 1241 1879 1286 et
1897 1253 2090 1286 eorum-

319 1325 428 1373 dem
448 1324 774 1387 apostolorum
796 1327 843 1372 et
865 1326 1143 1371 sanctorum
1163 1320 1388 1384 precibus
1410 1324 1457 1368 et
1481 1320 1685 1380 meritiS,
1709 1337 1892 1385 perque
1919 1336 2088 1370 eorum

314 1408 442 1456 bona
463 1423 614 1471 opera
635 1407 864 1470 consequi
886 1410 1181 1465 mereantur.
1207 1405 1380 1451 Amen.

382 1488 506 1537 Nulli
536 1504 652 1551 ergo
680 1488 877 1536 omnino
907 1488 1162 1536 hominum
1191 1488 1334 1537 liceat
1365 1489 1492 1536 hanc
1525 1489 1751 1553 paginam
1780 1494 1943 1539 nostre
1969 1506 2089 1538 nun-

318 1572 545 1631 tiationis,
575 1571 929 1632 declarationis,
961 1571 1339 1636 approbationis,
1370 1572 1717 1631 concessionis,
1747 1572 2086 1633 innovationis,

316 1655 597 1720 adjectionis
621 1661 666 1703 et
689 1655 941 1703 voluntatis
964 1654 1224 1717 infringere
1244 1654 1318 1701 vel
1340 1654 1383 1702 ei
1406 1670 1525 1702 ausu
1546 1655 1804 1703 temerario
1829 1656 2086 1705 contraire.

320 1739 366 1786 Si
397 1739 501 1801 quis
530 1742 691 1786 autem
712 1738 806 1786 hoc
830 1742 1115 1800 attemptare
1141 1737 1504 1800 presumpserit,
1530 1737 1911 1801 indignationem
1935 1739 2090 1786 omni-

323 1821 533 1884 potentis
567 1820 654 1867 Dei
694 1835 749 1867 ac
782 1822 875 1867 BB.
914 1820 1042 1868 Petri
1076 1824 1125 1867 et
1154 1819 1287 1868 Pauli
1320 1819 1648 1883 apostolorum
1684 1822 1789 1886 ejus
1825 1837 1876 1871 se
1909 1822 2092 1870 noverit

320 1903 642 1952 incursurum.

385 1990 557 2036 Datum
581 1992 730 2037 Rome
750 1989 873 2052 apud
891 2005 930 2036 s.
951 1991 1163 2048 Petrum,
1185 2004 1311 2037 anno
1327 1989 1670 2038 incarnationis
1686 1988 1927 2036 dominice
1947 1992 2087 2049 1499,

315 2088 398 2119 xm
419 2071 513 2119 kal.
535 2071 764 2135 januarii,
789 2071 1094 2134 pontificatus
1116 2072 1268 2120 nostri
1289 2075 1474 2121 octavo.
1500 2102 1563 2108 —-
1583 2074 1623 2120 A
1646 2075 1819 2121 Draco.
1845 2073 2090 2122 Johannes

320 2154 622 2202 Mutinensis.
645 2183 710 2189 —
731 2155 1002 2218 Registrata
1022 2155 1070 2202 in
1093 2156 1352 2204 secretaria
1373 2156 1638 2219 apostolica
1662 2172 1672 2203 ε
1696 2158 1747 2203 Ρ.
1775 2155 1926 2203 Duba.

382 2240 542 2286 Tener
569 2252 679 2285 vero
706 2238 975 2286 litterarum
1002 2239 1239 2288 facultatis
1263 2239 1613 2303 penitentiariis
1644 2238 1839 2287 basilice
1869 2255 1908 2286 s.
1939 2240 2086 2300 Petri,

319 2321 547 2386 principis
575 2321 903 2384 apostolorum
932 2337 1164 2371 concesse
1193 2327 1240 2371 et
1265 2323 1563 2371 inhibitionis
1591 2339 1651 2371 ne
1674 2323 1753 2370 alii
1781 2323 2089 2372 confessores

318 2408 598 2468 presumant
619 2404 864 2453 absolvere
883 2410 1104 2468 pretextu
1127 2406 1408 2455 facultatum
1427 2422 1842 2470 quarumcumque
1863 2406 1967 2454 talis
1990 2409 2087 2454 est:

382 2487 674 2548 Alexander,
700 2488 973 2552 episcopus,
998 2505 1162 2537 servus
1184 2505 1430 2538 servorum
1460 2489 1568 2549 Dei,
1594 2489 1653 2537 ad
1674 2489 1884 2537 futuram
1902 2489 1971 2537 rei
1992 2504 2093 2536 me-

319 2571 540 2620 moriam.
568 2571 774 2619 Pastoris
798 2572 969 2631 eterni,
994 2573 1075 2635 qui
1093 2588 1180 2636 pro
1200 2573 1351 2621 salute
1373 2573 1531 2637 gregis
1555 2572 1783 2620 dominici
1812 2573 1860 2620 in
1881 2571 2091 2636 pretium

325 2655 564 2704 immolari
589 2672 685 2703 non
717 2656 899 2714 abnuit,
923 2656 1049 2704 vices
1081 2655 1211 2714 (licet
1237 2655 1501 2718 immeriti),
1527 2660 1753 2719 gerentes
1780 2655 1829 2702 in
1860 2654 2020 2712 terris,
2045 2656 2092 2701 et

326 2754 523 2802 gregem
545 2739 702 2802 ipsum
733 2738 871 2786 nobis
899 2743 946 2787 et
972 2739 1130 2788 divina
1157 2740 1515 2803 dispensatione
1548 2738 1859 2787 commissum
1892 2741 2090 2801 paterne

323 2822 720 2869 considerationis
747 2822 903 2869 intuiti
931 2823 1301 2886 conspicientes,
1336 2826 1381 2870 et
1407 2823 1466 2870 de
1494 2822 1763 2869 animarum
1791 2820 2089 2883 singulorum

322 2904 537 2952 fidelium
572 2903 725 2952 salute
766 2904 968 2951 sollicite
1009 2903 1291 2966 cogitantes,
1331 2902 1614 2964 illarumque
1654 2902 1879 2966 periculis
1921 2915 2092 2949 occur-

323 2991 503 3046 rentes,
537 2987 595 3034 ad
620 3002 678 3034 ea
711 2986 919 3034 libenter
950 2985 1245 3034 intendimus
1279 2989 1326 3033 et
1350 2985 1600 3045 debemus,
1630 3001 1719 3049 per
1753 3003 1847 3050 que
1877 2987 2091 3036 fidelium

323 3071 606 3119 eorumdem
647 3070 772 3118 salus
812 3069 1081 3117 animarum
1116 3068 1266 3116 valeat
1287 3069 1552 3131 procurari,
1578 3069 1762 3133 ipsique
1796 3070 1964 3119 fideles
1999 3071 2092 3119 hoc

322 3169 459 3202 sacro
489 3168 616 3202 anno
643 3153 814 3218 jubilei
840 3153 900 3201 ad
922 3153 1099 3201 almam
1122 3151 1298 3200 Urbem
1320 3167 1407 3215 pro
1429 3153 1773 3215 consequenda
1800 3153 2095 3216 indulgentia

323 3252 409 3301 pro
444 3252 640 3284 suorum
672 3236 944 3300 expiatione
980 3240 1290 3301 peccatorum
1320 3226 1551 3284 concessa
1582 3236 1900 3296 confluentes,
1935 3242 1982 3285 et
2016 3236 2095 3284 alii

326 3321 375 3367 in
405 3320 532 3369 dicta
560 3322 685 3369 Urbe
711 3324 1066 3370 commorantes
1099 3326 1147 3368 et
1174 3322 1441 3370 residentes
1466 3321 1591 3368 illius
1620 3335 1820 3383 capaces
1841 3320 2025 3368 facilius
2047 3324 2094 3367 et

326 3403 540 3464 liberius,
577 3407 676 3453 Deo
705 3405 928 3468 propitio,
961 3403 1088 3452 effici
1118 3405 1319 3468 possint,
1355 3420 1469 3453 sane
1506 3403 1701 3467 provide
1733 3403 2093 3451 considerantes
