2228 3938
326 355 372 390 26
929 351 948 388 J
954 351 1115 388 OHANN
1120 351 1162 389 IS
1197 350 1492 398 BURCHARDI,
1780 354 1989 394 [Decembre
2017 356 2117 396 1492]

328 460 492 504 Rmus.
531 458 586 504 D.
625 455 879 504 cardinalis
915 455 1259 510 Neapolitanus
1294 455 1460 515 astitit,
1497 459 1545 504 et
1573 458 1738 505 Rmus.
1761 451 1825 504 D.
1857 456 2112 506 cardinalis

326 539 553 589 Senensis
574 540 691 588 dixit
718 538 1043 602 evangelium3
1078 542 1134 586 D.
1174 539 1496 586 Bernardinus
1519 539 1755 586 Gambara
1777 539 2105 587 subdiaconus

327 623 618 687 apostolicus
641 622 896 686 epistolam
915 621 1133 679 latinam,
1158 624 1215 668 D.
1243 621 1454 669 lsaacius
1474 622 1790 685 Argyropilus
1810 623 2114 688 evangelium

328 722 524 770 grecum
546 710 595 754 et
615 704 890 753 Demetrius
919 703 1174 766 epistolam
1203 719 1416 766 grecam.
1449 705 1645 753 Interim
1673 705 1788 753 dum
1810 713 1852 754 et
1872 707 1921 754 in
1943 715 2065 755 terra
2087 723 2114 756 a

327 788 599 837 cantoribus
630 788 888 847 diceretur,
929 789 1013 835 SS.
1048 789 1103 834 D.
1135 789 1187 835 N.
1213 787 1397 850 recepit
1425 787 1474 835 in
1502 788 1812 837 assistentem
1833 789 1936 838 ‘sibi
1967 793 2023 838 R.
2049 793 2106 839 D.

328 872 642 922 Benedictum
663 871 1086 935 archiepiscopum
1114 870 1467 931 Nicostensem,
1491 872 1568 920 cui
1591 873 1650 922 de
1673 873 1901 921 mandato
1924 874 2111 922 Sancti-

330 957 437 1006 tatis
462 972 548 1005 sue
570 972 629 1004 ex
655 960 768 1003 tunc
802 955 929 1003 inter
955 954 1073 1002 alios
1103 954 1386 1002 assistentes
1415 954 1577 1003 locum
1606 956 1731 1005 dedi.
1762 956 1919 1005 Finita
1946 956 2110 1017 missa,

331 1044 460 1104 Papa
487 1038 710 1088 ascendit
743 1038 935 1097 solium,
964 1037 1045 1085 ubi
1072 1037 1319 1086 benedixit
1345 1053 1533 1098 ensem,
1566 1055 1663 1088 non
1695 1042 1856 1087 tamen
1889 1039 2112 1102 aspersit,

331 1124 442 1187 quia
470 1139 568 1171 non
597 1126 699 1170 erat
727 1121 792 1169 ibi
821 1137 945 1184 aqua
978 1120 1250 1169 benedicta.
1288 1124 1409 1168 Tum
1443 1122 1574 1170 dedit
1607 1138 1717 1171 eum
1750 1123 1880 1172 illus.
1923 1125 1979 1172 D.
2011 1123 2114 1172 Fri-

330 1206 493 1254 derico
516 1221 680 1254 coram
700 1222 751 1254 se
774 1205 1048 1270 genuflexo,
1081 1204 1167 1253 sub
1194 1204 1350 1253 verbis
1379 1206 1638 1267 annotatis,
1671 1211 1722 1254 ut
1751 1206 1906 1255 solent
1928 1207 2115 1255 romani

330 1289 602 1353 pontifices.
628 1290 839 1353 Expletis
859 1288 1016 1337 verbis
1040 1291 1169 1352 Papa
1195 1288 1378 1353 recepit
1405 1288 1565 1352 ipsum
1596 1289 1869 1353 principem
1892 1290 1953 1338 ad
1973 1305 2115 1339 oscu-

328 1373 429 1421 lum
447 1373 583 1436 pedis
604 1388 776 1421 manus
799 1377 844 1421 et
867 1372 962 1420 oris
988 1390 996 1419 :
1024 1387 1114 1435 ego
1134 1371 1243 1420 dedi
1261 1388 1429 1420 ensem
1449 1388 1535 1419 suo
1558 1372 1885 1437 majordomo,
1906 1373 1987 1436 qui
2002 1389 2113 1422 eum

330 1461 438 1520 post
472 1456 750 1505 immediate
778 1460 887 1504 ante
916 1456 1075 1519 ipsum
1098 1455 1369 1519 principem
1398 1456 1622 1520 portavit.
1656 1459 1786 1520 Papa
1813 1457 1900 1505 sub
1927 1457 2113 1520 porticu

331 1540 483 1589 sancti
506 1540 634 1588 Petri
667 1539 797 1588 dedit
828 1539 1074 1587 licentiam
1109 1539 1332 1587 omnibus
1366 1539 1692 1588 cardinalibus
1726 1545 1775 1588 et
1805 1539 1954 1588 voluit
1986 1539 2115 1603 quod

332 1639 500 1672 omnes
522 1623 611 1688 ipsi
631 1624 898 1673 cardinales
923 1623 1239 1688 collegialiter
1267 1639 1420 1687 usque
1446 1625 1504 1672 ad
1533 1623 1763 1688 palatium
1785 1624 2114 1688 apostolorum

329 1707 639 1756 habitationis
674 1724 759 1757 sue
795 1708 1092 1756 associarent
1117 1707 1405 1771 principem,
1435 1708 1548 1771 quia
1580 1707 1649 1756 sic
1677 1708 1834 1756 fuerat
1869 1723 2027 1772 nuper
2052 1708 2110 1756 de

332 1791 550 1854 ipsorum
572 1791 888 1839 cardinalium
910 1789 1112 1839 consilio
1132 1789 1433 1848 ordinatum3
1459 1789 1623 1852 sicque
1645 1790 1827 1839 factum
1849 1796 1940 1839 est.

394 1874 627 1923 Venimus
647 1890 735 1939 per
753 1879 952 1938 pontem
982 1874 1131 1921 sancti
1162 1873 1334 1937 Angeli
1361 1873 1436 1922 via
1465 1876 1596 1922 recta
1616 1873 1677 1921 ad
1704 1889 1928 1938 campum
1950 1876 2109 1936 Flore,

334 1958 533 2007 domum
573 1957 632 2006 de
663 1957 903 2016 Maximis,
940 1956 1201 2004 Minervam
1237 1956 1298 2004 ad
1322 1955 1597 2020 Apostolos.
1635 1956 1964 2006 Interfuerunt
1995 1974 2111 2007 xvm

332 2039 619 2099 cardinales,
642 2041 725 2103 qui
746 2040 845 2088 bini
866 2040 965 2088 bini
988 2039 1078 2088 sibi
1105 2039 1424 2088 succedentes
1457 2043 1627 2087 mutuo
1650 2040 1924 2103 equitarunt
1951 2058 1962 2090 ε
1986 2041 2113 2091 inter

330 2127 521 2172 Rmum.
560 2125 616 2171 D.
658 2126 926 2173 Senensem
966 2128 1013 2172 et
1053 2122 1372 2171 camerarium
1405 2122 1455 2168 in
1490 2122 1658 2170 ultimo
1698 2123 1806 2171 loco
1840 2125 2110 2187 equitantes

329 2208 554 2271 princeps
596 2207 802 2265 mediUS,
852 2211 899 2255 et
936 2206 1216 2254 immediate
1255 2210 1367 2253 ante
1415 2205 1574 2269 ipsum
1613 2205 1753 2254 miles
1792 2222 1961 2256 ensem
1997 2224 2108 2257 cum

328 2292 456 2356 pileo
485 2296 679 2355 gestans
712 2306 846 2339 more
882 2290 1040 2338 solito.
1077 2288 1154 2336 Hii
1191 2293 1352 2337 autem
1389 2289 1660 2337 cardinales
1691 2290 2015 2339 interfuerunt
2039 2292 2109 2339 vi-

328 2376 521 2434 delicet,
558 2373 920 2438 Neapolitanus,
958 2372 1108 2421 sancti
1141 2372 1268 2421 Petri
1303 2373 1362 2420 ad
1394 2372 1598 2422 Vincula
1621 2371 1702 2437 (1),
1732 2373 1883 2421 sancti
1915 2375 2105 2438 Angeli,

328 2459 686 2519 Ulixbonensis,
724 2450 1122 2515 Rechanatensis,
1173 2456 1324 2504 sancti
1368 2456 1648 2514 ClementiS,
1681 2458 1956 2517 JanuensiS,
1993 2461 2110 2507 Par-

329 2541 527 2602 mensis,
568 2543 951 2598 Beneventanus,
986 2543 1148 2588 sancte
1187 2539 1460 2598 Anastasie,
1499 2540 1676 2587 Montis
1710 2540 1922 2603 Regalis,
1956 2543 2107 2591 sancti

330 2618 562 2684 severini,
589 2625 843 2684 Ascanius,
878 2624 1096 2683 Ursinus,
1129 2623 1379 2681 Columna,
1412 2622 1650 2682 Sabellus,
1680 2623 1990 2683 camerarius,
2024 2626 2108 2674 Se-

325 2708 511 2756 nensis.
545 2711 662 2757 Cum
693 2712 856 2756 essent
890 2712 1000 2757 ante
1033 2710 1223 2771 portam
1254 2706 1418 2771 palatii
1455 2706 1801 2769 apostolorum,
1838 2707 2107 2756 cardinales

328 2791 498 2840 ordine
521 2792 660 2840 solito
693 2808 743 2840 se
770 2792 1007 2850 locarunt,
1037 2790 1210 2854 quibus
1234 2806 1294 2839 ex
1317 2804 1454 2838 more
1475 2789 1699 2854 princeps
1721 2791 1819 2854 egit
1840 2791 2035 2854 gratias,
2061 2795 2108 2839 et

327 2878 637 2922 recesserunt
668 2890 861 2935 omnes;
896 2875 957 2922 ad
996 2874 1202 2938 primam
1234 2873 1495 2922 lectionem
1534 2873 1665 2922 dedit
1691 2890 1866 2938 aquam
1894 2876 2105 2923 Marinus

328 2960 517 3005 Leonus
552 2961 716 3005 orator
745 2960 983 3017 Venetus;
1005 2958 1066 3005 ad
1105 2958 1366 3006 secundam
1406 2956 1502 3004 dux
1536 2957 1738 3005 Gravine
1778 2962 1942 3004 orator
1976 2958 2104 3021 regis

328 3040 646 3104 Neapolitani,
676 3045 725 3087 ut
749 3044 929 3098 orator,
960 3056 1058 3088 non
1087 3044 1138 3088 ut
1164 3041 1260 3088 dux
1287 3040 1381 3105 (2);
1413 3042 1472 3089 ad
1500 3039 1691 3088 tertiam
1722 3039 2007 3102 magnificus
2038 3043 2096 3089 D.

375 3177 409 3212 1.
439 3176 491 3211 La
510 3177 684 3223 presence
706 3177 726 3210 a
745 3174 859 3211 Rome
880 3174 929 3209 du
949 3173 1108 3210 cardinal
1133 3174 1251 3211 Julien
1273 3175 1317 3210 de
1337 3174 1371 3211 la
1395 3174 1537 3210 Rovere
1565 3172 1771 3210 semblerait
1790 3176 1864 3209 etre
1890 3185 1935 3210 en
1956 3178 2099 3212 contra-

326 3233 463 3271 diction
490 3245 576 3270 avec
603 3245 642 3269 ce
670 3232 732 3280 qui
758 3233 925 3281 precede,
947 3236 994 3269 ou
1021 3232 1045 3268 il
1071 3236 1127 3269 est
1152 3233 1204 3269 dit
1228 3244 1298 3280 que
1328 3233 1360 3268 le
1386 3231 1558 3277 cardinal,
1581 3231 1735 3268 brouille
1762 3244 1848 3268 avec
1870 3232 1901 3269 le
1921 3234 2035 3281 Pape,
2056 3246 2102 3271 ne

325 3293 463 3330 voulait
482 3291 565 3340 plus
585 3291 726 3328 revenir
745 3294 766 3328 a
786 3291 914 3337 Rome,
937 3291 967 3327 si
986 3290 1058 3327 l’on
1078 3303 1123 3328 ne
1145 3303 1184 3327 se
1204 3291 1380 3339 rappelait
1407 3303 1477 3340 que
1498 3291 1530 3327 le
1555 3303 1716 3340 passage
1743 3296 1800 3329 est
1827 3293 2050 3330 d’Infessura
2066 3298 2103 3331 et

327 3364 396 3402 que
417 3352 450 3388 le
469 3356 567 3389 texte
588 3353 633 3388 de
651 3351 837 3388 Burchard
857 3351 1011 3399 precede
1031 3350 1419 3399 chronologiquement
1438 3364 1477 3389 ce
1502 3363 1673 3400 passage.

373 3413 407 3450 2.
438 3413 538 3448 Dans
565 3414 647 3448 tous
674 3410 726 3447 les
752 3421 859 3456 mss„
886 3410 970 3447 saus
991 3409 1022 3446 le
1051 3411 1118 3446 149
1145 3409 1218 3457 (sol.
1246 3410 1289 3447 18
1314 3412 1383 3456 v0),
1411 3413 1458 3447 οὐ
1482 3422 1529 3448 on
1551 3410 1592 3447 lit
1612 3422 1619 3448 :
1641 3425 1660 3446 «
1739 3423 1812 3449 non
1834 3414 1875 3448 ut
1894 3413 2013 3448 orator
2035 3410 2099 3447 sed

329 3475 369 3508 ut
387 3472 474 3509 dux.
496 3485 516 3505 »
