2222 3926
269 337 336 371 196
873 337 1103 373 JOHANNIS
1136 338 1430 383 BURCHARDI,
1717 340 1924 379 [Novemhre
1943 342 2037 381 1494]

269 438 501 487 tractavit.
536 441 586 485 In
615 438 755 486 valvis
787 439 1103 487 ecclesiarum
1131 445 1178 487 et
1204 440 1307 487 aliis
1336 439 1454 487 locis
1477 438 1680 502 publicis
1703 439 1859 487 aureis
1882 440 2032 490 literis

269 522 498 586 scriptum
518 517 623 570 erat
645 538 654 569 ε
682 525 816 582 REX,
840 524 974 580 PAX,
1002 525 1076 570 ET
1099 523 1515 582 RESTAVRATIO
1539 523 1907 571 LIBERTATIS.
1931 524 2040 572 Iniit

266 605 390 652 inter
419 604 510 652 alia
531 620 641 652 cum
675 604 789 667 ipsis
813 604 1099 652 Florentinis
1140 604 1481 652 conventiones
1508 608 1555 652 et
1585 603 1807 668 capitula,
1837 620 1930 668 que
1962 605 2039 654 die

268 687 495 751 vigesima
533 692 667 735 sexta
710 686 823 734 dicti
866 687 1046 735 mensis
1092 687 1285 736 fuerunt
1338 687 1387 735 in
1424 687 1630 736 ecclesia
1670 688 2039 752 metropolitana

269 771 527 830 Florentie,
548 771 695 818 missa
714 770 779 818 ibi
802 770 952 830 finita,
973 770 1162 834 publice
1182 771 1308 820 lecta
1324 776 1370 820 et
1390 771 1562 820 mediis
1580 771 1866 835 juramentis
1887 772 2038 837 stipu-

266 854 377 912 lata,
402 870 487 917 per
507 869 599 917 que
627 854 751 902 inter
777 859 939 902 cetera
967 849 1230 902 'Florentini
1258 854 1544 918 promittunt
1568 854 1682 903 dare
1710 853 1812 918 regi
1842 858 2037 904 centum

268 937 462 1001 triginta
499 938 649 986 millia
700 938 984 986 ducatorum
1029 938 1152 986 infra
1204 954 1401 997 annum,
1443 937 1665 987 videlicet
1717 937 1810 985 hoc
1858 936 2002 985 modo
2024 952 2034 984 ε

270 1021 618 1085 quinquaginta
638 1022 766 1070 mille
783 1021 885 1085 regi
907 1027 954 1070 et
972 1021 1276 1080 consiliariis,
1292 1022 1461 1070 decem
1479 1021 1609 1071 mille
1628 1036 1715 1086 per
1735 1025 1889 1070 totum
1903 1035 2040 1069 men-

272 1120 374 1153 sem
405 1105 626 1153 februarii
654 1105 871 1169 proxime
908 1105 1070 1165 futuri,
1109 1105 1427 1169 quadraginta
1472 1105 1603 1153 mille
1636 1104 1735 1168 regi
1765 1119 1852 1168 per
1886 1107 2038 1161 totum

268 1188 441 1252 julium
486 1189 703 1253 proxime
738 1189 970 1249 futurum,
1006 1188 1200 1253 triginta
1236 1189 1381 1237 millia
1413 1188 1571 1238 eidem
1624 1188 1796 1237 deinde
1833 1187 2042 1251 quolibet

271 1288 416 1332 anno,
445 1272 699 1321 duodecim
722 1273 870 1321 millia
894 1289 1043 1337 usque
1065 1273 1125 1321 ad
1147 1273 1294 1322 finem
1315 1272 1427 1321 belli
1454 1289 1463 1321 :
1491 1289 1574 1321 rex
1596 1271 1794 1321 habebit
1814 1271 2043 1320 continuo

275 1354 515 1405 Florentie
546 1356 667 1405 duos
692 1362 909 1406 oratores
942 1372 1052 1405 suos
1087 1362 1134 1406 et
1166 1357 1266 1406 vice
1299 1372 1438 1406 versa
1471 1355 1734 1406 Florentini
1771 1354 1890 1404 duos
1920 1353 2045 1419 apud

274 1455 439 1504 regem
469 1440 528 1489 de
562 1440 706 1489 rebus
735 1440 917 1490 bellicis
946 1441 1311 1490 occurrentibus
1347 1444 1514 1489 mutuo
1540 1444 1849 1502 tractaturos-3
1871 1438 1981 1487 Pisa
1998 1442 2044 1486 et

275 1524 537 1573 Liburnum
559 1529 699 1574 erunt
721 1524 769 1572 in
787 1528 1024 1589 potestate
1047 1525 1174 1589 regis
1196 1540 1347 1588 usque
1364 1525 1424 1573 ad
1441 1524 1585 1573 finem
1606 1523 1717 1572 belli
1743 1539 1753 1571 z
1777 1521 2044 1571 differentie

274 1608 400 1657 inter
418 1611 685 1658 Januenses
714 1614 759 1657 et
791 1608 1094 1658 Florentinos
1132 1608 1388 1658 occasione
1416 1610 1555 1658 Petre
1588 1609 1779 1667 Sancte,
1805 1609 2043 1656 Sarzanne

274 1696 322 1742 et
340 1690 489 1742 Castri
511 1692 646 1753 Novi,
678 1692 881 1741 remisse
909 1696 1019 1741 sunt
1052 1692 1204 1741 eidem
1229 1693 1331 1757 regi
1353 1692 1452 1756 qui,
1476 1697 1528 1742 ut
1548 1706 1796 1741 accessum
1819 1705 1960 1739 suum
1987 1689 2048 1738 ad

275 1775 453 1824 Urbem
484 1775 546 1841 (t)
574 1776 868 1837 honestaret,
903 1777 979 1825 his
1015 1777 1184 1826 diebus
1214 1777 1454 1825 Florentie
1489 1775 1698 1826 decrevit
1735 1778 1783 1825 et
1813 1772 2047 1839 publicari

276 1858 392 1909 fecit
415 1865 637 1924 patentes
662 1860 825 1910 literas
848 1861 936 1909 sub
957 1859 1235 1925 hujusmodi
1256 1865 1424 1909 tenore
1449 1879 1457 1909 :

341 1944 536 1992 Carolus
564 1944 649 1993 Dei
682 1943 851 2009 gratia,
886 1946 1178 1993 Francorum
1207 1960 1309 2004 rex,
1345 1941 1577 1993 universis
1613 1942 1786 1992 Christi
1826 1941 2048 1991 fidelibus

271 2032 522 2092 presentes
548 2028 711 2077 literas
744 2028 1031 2093 inspecturis
1070 2028 1225 2077 zelum
1260 2028 1496 2078 catholice
1530 2026 1642 2076 fidei
1679 2031 1724 2075 et
1762 2026 1964 2076 salutem
2000 2026 2049 2074 in

273 2111 477 2160 Domino
501 2112 870 2176 sempiternam:

338 2196 708 2246 Considerantes
725 2195 952 2246 attentius
969 2200 1015 2245 et
1030 2195 1154 2244 intra
1167 2199 1330 2245 nostre
1347 2193 1522 2244 mentis
1539 2208 1714 2243 arcana
1729 2207 2047 2258 sepenumero

273 2279 570 2329 revolventes
592 2279 958 2329 innumerabilia
982 2280 1154 2328 damna
1177 2283 1225 2328 et
1245 2278 1570 2338 incommoda,
1598 2277 1759 2336 cedeS‚
1789 2281 1973 2340 strages
2001 2279 2048 2323 et

275 2363 697 2413 innumerabilium
719 2363 964 2413 civitatum
986 2367 1033 2412 et
1052 2363 1267 2412 fidelium
1302 2361 1593 2427 populorum
1614 2360 1963 2409 desolationem
2002 2362 2050 2406 et

275 2447 651 2496 devastationem
674 2452 722 2496 et
741 2448 948 2513 plurima
972 2447 1064 2497 alia
1082 2446 1463 2496 horrendissima
1488 2445 1702 2495 facinora
1722 2459 1813 2508 que
1845 2441 2052 2508 spurcis-

277 2530 382 2578 simi
404 2532 545 2580 Turci
568 2531 851 2596 sanguinem
872 2531 1186 2581 christianum
1208 2531 1504 2580 incessanter
1525 2530 1845 2579 debaccantes
1864 2543 1892 2575 a
1910 2523 2050 2590 quin·

277 2616 505 2680 quaginta
534 2616 671 2665 annis
699 2616 833 2675 citra,
869 2620 982 2666 uta
1011 2614 1274 2680 majoribus
1308 2612 1485 2663 nostris
1519 2612 1735 2678 profecto
1767 2611 1860 2660 fide
1894 2608 2050 2674 dignis

276 2700 546 2761 didicimus,
565 2705 904 2764 perpetrarunt
926 2717 935 2749 :
962 2700 1308 2764 cupientesque
1331 2714 1466 2746 more
1481 2696 1844 2762 progenitorum
1865 2697 2052 2741 nostro-

277 2799 383 2831 rum
412 2786 706 2832 Francorum
737 2800 908 2848 regum
939 2783 1451 2832 christianissimorum
1487 2781 1633 2830 tantis
1676 2777 1938 2828 sceleribus
1969 2774 2049 2839 qui

277 2866 366 2932 ipsi
382 2867 554 2932 perfidi
574 2868 714 2917 Turci
735 2868 955 2933 religioni
973 2868 1232 2917 christiane
1255 2866 1483 2916 continuo
1506 2864 1748 2913 minantur
1765 2878 1851 2927 pro
1872 2858 2049 2910 viribus

278 2966 532 3000 occurrere
558 2967 613 3000 ac
641 2967 810 3000 eorum
833 2952 1125 3001 sitibundam
1146 2950 1329 3000 rabiem
1353 2948 1461 2998 totis
1491 2947 1740 2996 conatibus
1762 2944 2045 3009 reprimere,

278 3041 531 3099 postquam
549 3036 728 3100 placuit
742 3036 985 3086 Altissimo
998 3036 1047 3085 in
1066 3052 1215 3102 regno
1233 3039 1279 3085 et
1295 3032 1519 3083 dominiis
1535 3030 1709 3080 nostris
1727 3042 1863 3078 suam
1881 3043 2051 3094 pacem

279 3133 460 3182 ponere
480 3123 526 3167 et
547 3118 628 3167 illa
647 3119 985 3185 tranquillitate
1007 3121 1165 3186 potiri,
1178 3117 1516 3185 proposuimus
1535 3130 1620 3180 pro
1637 3111 1914 3178 repellendo
1932 3113 2052 3161 Tur-

328 3288 359 3329 1.
388 3288 460 3328 Sur
491 3303 530 3328 ce
559 3288 661 3330 traite
689 3304 776 3329 avec
809 3289 994 3338 Florence,
1026 3290 1087 3339 qui
1118 3290 1173 3327 fut
1197 3286 1324 3326 conclu
1354 3286 1386 3324 le
1412 3287 1458 3323 25
1484 3283 1691 3330 novembre,
1724 3293 1805 3333 voy.
1829 3279 2052 3333 Desjardins‚

276 3348 462 3397 Neqociat.
491 3354 585 3399 dipl.
609 3354 651 3389 de
676 3354 712 3388 la
738 3354 873 3389 Franco
899 3363 982 3388 auec
1008 3352 1043 3387 la
1072 3351 1239 3392 Toscane,
1263 3353 1289 3386 t.
1319 3348 1347 3393 Ι,
1367 3358 1404 3395 p.
1433 3346 1521 3391 6013
1544 3344 1566 3381 il
1588 3356 1610 3381 a
1629 3347 1686 3381 ete
1713 3343 1835 3392 publie
1862 3341 2051 3381 textuelle-

277 3414 378 3447 ment
397 3422 461 3459 par
483 3411 574 3448 Gino
596 3411 757 3460 Capponi
778 3412 869 3448 dans
899 3407 1082 3447 l'archivto
1108 3409 1246 3446 Stoi-ico
1266 3407 1435 3451 italiam),
1458 3409 1484 3443 t.
1510 3404 1537 3450 I,
1560 3416 1596 3454 p.
1619 3404 1772 3441 362-366
1794 3407 1830 3440 et
1855 3406 1912 3440 est
1935 3402 2054 3439 donne

282 3468 303 3506 ἐι
323 3469 430 3519 l'app.
455 3478 495 3507 n0
510 3472 567 3508 25.
