2248 3906
267 311 339 346 392
877 305 1109 342 JOHANNIS
1143 304 1437 350 BURCHARDI,
1817 309 1924 351 [Anat
1945 314 2040 354 1497]

336 415 405 461 Ex
428 414 561 476 parte
590 409 713 457 Rmi.
745 411 802 456 D.
835 408 1088 456 cardinalis
1112 407 1320 466 Ascanii,
1349 408 1747 469 vicecancellarii,
1772 414 2040 461 executoris

272 495 546 547 testamenti
575 494 700 541 bone
730 491 963 540 memorie
987 491 1242 538 cardinalis
1265 490 1323 537 de
1346 494 1527 539 Lunate
1558 491 1640 555 (1),
1671 492 1918 541 intimatur
1938 510 2042 543 om-

274 581 413 628 nibus
441 576 758 626 cardinalibus
786 578 834 621 et
859 573 1089 635 magistro
1118 573 1288 620 domus
1315 574 1476 636 palatii
1509 577 1653 638 Pape,
1685 576 1814 638 quod
1840 577 2046 625 crastina

273 663 369 721 die,
404 676 494 723 que
531 659 619 707 erit
652 661 678 704 8
711 655 948 720 presentis
982 655 1162 702 mensis
1193 656 1401 718 augusti,
1435 656 1561 704 circa
1589 657 1759 706 horam
1787 658 2041 719 decimam,

273 744 564 807 incipientur
583 739 741 803 vigilie
761 738 1096 787 defunctorum
1119 738 1166 784 in
1188 738 1296 786 aula
1317 738 1476 801 palatii
1497 740 1633 789 solite
1655 741 1913 789 residentie
1935 758 2045 805 pre-

276 825 386 875 dicti
407 823 661 873 cardinalis
685 822 742 869 de
766 824 964 880 Lunate,
990 821 1162 884 quibus
1185 826 1232 869 et
1253 821 1499 869 matutinis
1521 822 1857 872 defunctorum
1879 823 2044 883 finitis,

278 910 478 958 cadaver
498 906 718 970 ejusdem
740 904 994 953 cardinalis
1014 904 1281 967 portabitur
1301 904 1361 951 ad
1382 905 1636 953 ecclesiam
1662 907 1800 955 beate
1821 907 1969 955 Marie
1990 908 2049 956 de

278 990 461 1054 Populo
497 986 827 1051 sepeliendum
860 1005 868 1033 :
900 987 1046 1035 velint
1077 992 1333 1052 propterea
1356 988 1596 1037 honorare
1624 989 1804 1037 dictum
1833 990 2051 1038 cardina-

278 1074 373 1122 lem
397 1072 695 1130 defunctum,
718 1074 858 1133 prout
882 1074 1166 1119 consuetum
1189 1076 1261 1120 est
1284 1076 1330 1120 et
1356 1073 1424 1120 eis
1448 1073 1674 1136 placebit.

343 1158 463 1203 Item
485 1154 733 1202 intimatur
754 1154 1066 1201 conventibus
1092 1157 1139 1201 et
1162 1154 1338 1201 rectori
1362 1154 1676 1219 infrascriptis
1706 1157 1851 1219 quod,
1882 1157 2052 1206 eadem

280 1240 356 1288 die
384 1238 607 1296 crastina,
639 1237 765 1285 inter
792 1237 962 1284 horam
990 1252 1167 1283 nonam
1195 1241 1242 1285 et
1270 1237 1527 1298 decimam,
1561 1238 1703 1288 velint
1734 1255 1840 1288 esse
1871 1240 1919 1287 in
1946 1240 2055 1288 aula

278 1322 440 1386 palatii
463 1320 722 1384 supradicti
751 1320 1004 1368 cardinalis
1034 1321 1091 1369 de
1118 1323 1302 1369 Lunate
1325 1321 1554 1381 defuncti,
1579 1322 1639 1370 ad
1662 1322 1920 1371 dicendum
1944 1322 2054 1370 offi-

282 1406 411 1453 cium
432 1408 755 1461 mortuorum,
786 1403 958 1451 deinde
981 1404 1316 1451 associandum
1338 1405 1539 1453 cadaver
1559 1406 1779 1469 ejusdem
1801 1406 2053 1454 cardinalis

282 1489 342 1537 ad
362 1489 538 1537 dictam
560 1487 815 1536 ecclesiam
838 1487 977 1534 beate
1000 1487 1148 1535 Marie
1170 1489 1229 1535 de
1252 1488 1434 1551 Populo
1460 1505 1469 1535 :

761 1571 900 1618 beate
921 1571 1069 1631 Marie
1090 1572 1317 1630 Minerve,

350 1654 669 1703 Conventibus
764 1656 858 1702 Ara
878 1654 993 1714 Celi,

766 1738 905 1785 beate
926 1737 1075 1785 Marie
1098 1738 1156 1785 de
1182 1738 1378 1801 Populo,

348 1822 538 1871 Rectori
561 1821 766 1869 ecclesie
787 1820 1094 1884 parochialis,

345 1905 483 1954 Feria
522 1908 716 1967 quarta,
756 1908 783 1960 9
819 1904 930 1951 dicti
964 1904 1144 1952 mensis
1184 1905 1390 1968 augusti,
1432 1905 1480 1952 in
1520 1921 1679 1966 mane,
1722 1906 1850 1954 circa
1886 1905 2055 1954 horam

279 1989 535 2047 decimam,
568 2003 626 2036 ex
660 1987 1001 2035 commissione
1032 1988 1155 2035 Rmi.
1181 1991 1237 2035 D.
1264 1988 1520 2036 cardinalis
1547 1989 1738 2036 Ascanii
1763 1978 2053 2049 executoris,

279 2090 338 2121 ex
365 2073 508 2120 domo
541 2087 643 2130 sua,
669 2087 755 2135 per
774 2087 924 2118 unum
944 2086 1002 2120 ex
1022 2071 1118 2118 suis
1141 2071 1449 2120 servitoribus
1475 2072 1605 2121 facta
1632 2073 1790 2132 nobis,
1811 2073 2066 2136 inceptum

279 2157 369 2204 fuit
397 2155 612 2203 officium
639 2161 957 2213 mortuorum,
989 2155 1211 2203 videlicet
1238 2155 1578 2214 invitatorium,
1609 2155 1800 2204 omissis
1827 2157 2056 2219 vesperis,

279 2255 368 2304 per
399 2238 796 2298 inadvertentiam
827 2253 1003 2298 meam,
1037 2253 1123 2302 per
1151 2238 1323 2297 fratres
1360 2238 1418 2286 de
1447 2239 1647 2302 Populo,
1690 2239 1818 2287 dicto
1853 2255 1940 2303 per
1975 2255 2059 2288 eos

279 2323 436 2388 primo
461 2325 696 2370 nocturno
718 2337 829 2370 cum
852 2321 1101 2369 versiculis
1124 2326 1170 2370 et
1192 2321 1488 2370 orationibus
1511 2327 1558 2370 et
1577 2324 1837 2387 requiescat
1857 2324 1907 2370 in
1923 2339 2055 2387 pace.

281 2409 396 2454 Post
421 2421 522 2464 eos,
557 2405 729 2452 fratres
763 2405 821 2453 de
855 2408 948 2452 Ara
982 2405 1079 2453 Celi
1113 2405 1334 2453 dixerunt
1365 2405 1558 2453 tertium
1590 2410 1880 2454 nocturnum
1914 2410 1961 2454 et
1988 2422 2063 2454 re—

283 2490 491 2552 quiescat
520 2488 568 2535 in
590 2504 728 2551 pace.
765 2490 887 2536 Ante
916 2488 1172 2536 adventum
1206 2489 1439 2550 omnium,
1472 2490 1674 2538 cadaver
1704 2494 1947 2554 portatum
1980 2489 2066 2539 fuit

287 2573 347 2621 ad
379 2572 537 2620 aulam
571 2576 618 2620 et
648 2572 858 2635 positum
898 2589 1039 2635 super
1073 2577 1293 2636 paratum
1325 2573 1503 2621 lectum
1541 2589 1649 2621 curn
1683 2572 1824 2637 pallio
1862 2575 1920 2620 D.
1960 2588 2065 2620 car-

291 2656 460 2703 dinalis
507 2655 750 2714 defuncti3
799 2671 943 2719 super
979 2671 1073 2719 quo
1109 2657 1265 2720 posita
1301 2657 1494 2704 fuerunt
1534 2673 1668 2705 arma
1713 2655 1966 2704 cardinalis
2006 2656 2065 2703 de

293 2743 476 2787 Lunate
520 2755 579 2787 ex
616 2743 748 2787 carta
782 2755 926 2802 super
957 2739 1049 2786 alia
1076 2739 1207 2802 prius
1238 2739 1505 2798 existentia,
1539 2740 1632 2788 duo
1667 2739 1775 2788 alba
1806 2739 2062 2796 intorticia,

293 2886 320 2922 Il
340 2897 485 2922 nomma
505 2888 525 2922 a
545 2889 602 2921 cet
621 2886 704 2922 effet
730 2897 800 2921 une
826 2885 1059 2921 commission
1087 2886 1131 2921 de
1161 2886 1217 2921 six
1243 2886 1452 2923 cardinaux.
1477 2886 1583 2934 (Voy.
1606 2888 1626 2922 a
1647 2886 1753 2934 l’app.
1776 2892 1818 2922 n⁰
1839 2887 1899 2931 29,
1923 2885 1958 2923 la
1979 2887 2063 2935 dep.

292 2945 337 2981 de
358 2945 484 2982 Bracci
504 2945 552 2981 du
573 2946 619 2980 22
641 2944 736 2992 juin,
757 2947 793 2980 et
812 2944 903 2979 dans
931 2943 1083 2991 Sanuto,
1112 2944 1164 2980 les
1191 2945 1287 2980 brefs
1308 2957 1378 2993 que
1405 2945 1435 2981 le
1458 2956 1550 2992 pape
1571 2957 1712 2993 envoya
1731 2957 1778 2981 au
1798 2945 1868 2981 duc
1887 2945 1930 2981 de
1951 2946 2064 2983 Milan

291 3009 328 3041 et
347 3007 367 3040 a
387 3004 420 3040 la
440 3003 656 3052 Seigneurie
683 3003 726 3039 de
749 3002 881 3039 Venise
908 3015 954 3039 au
981 3004 1076 3051 sujet
1098 3004 1142 3039 de
1170 3003 1202 3039 la
1228 3008 1321 3040 mort
1340 3005 1387 3039 du
1408 3004 1477 3040 duc
1497 3004 1541 3040 de
1563 3003 1715 3050 Gandie,
1737 3008 1763 3042 t.
1787 3005 1816 3050 I,
1843 3003 1911 3042 col.
1934 3005 2005 3041 660
2034 3010 2070 3043 et

293 3063 401 3111 suiv.)

341 3124 374 3161 1.
405 3138 423 3157 «
446 3124 514 3169 (Da
533 3123 676 3170 Roma).
706 3122 815 3158 Come
841 3134 862 3158 a
887 3123 922 3158 di
948 3124 969 3157 8
995 3122 1080 3158 l'era
1108 3126 1221 3159 morte
1248 3122 1281 3158 el
1306 3122 1608 3160 reverendissimo
1639 3122 1798 3159 cardinal
1826 3123 1869 3160 de
1896 3124 1999 3160 Luna
2024 3123 2069 3160 de

290 3182 415 3219 nation
441 3194 573 3230 pavese
594 3180 629 3219 et
654 3186 749 3218 tutto
778 3181 828 3217 dil
857 3181 1015 3217 cardinal
1042 3182 1212 3226 Ascanio,
1237 3186 1314 3218 eta
1341 3193 1408 3218 sua
1434 3182 1694 3230 compiacentia
1720 3187 1841 3220 creato
1868 3184 1915 3220 da
1941 3187 2070 3231 questo

295 3253 388 3290 papa
413 3242 585 3278 cardinal.
606 3242 675 3278 Era
700 3252 833 3289 povero
860 3241 1030 3288 cardinal,
1054 3241 1159 3278 havia
1185 3253 1274 3290 poco
1303 3242 1446 3279 intrata.
1474 3243 1594 3279 Morse
1620 3255 1641 3279 a
1661 3243 1777 3279 Roma
1797 3243 1843 3279 da
1862 3242 1960 3279 febre
1985 3255 2005 3280 e
2030 3242 2068 3279 fu

298 3301 441 3349 sepulto
462 3302 571 3339 molto
600 3301 881 3339 serialmente....
904 3301 949 3338 Et
967 3300 999 3337 el
1019 3301 1179 3337 cardinal
1198 3302 1368 3348 Ascanio,
1390 3302 1575 3338 hessendo
1602 3302 1633 3338 el
1654 3302 1811 3350 preditto
1837 3302 1998 3339 cardinal
2023 3302 2068 3338 de

297 3361 400 3397 Luna
419 3362 459 3397 in
478 3364 647 3398 eoetremis
667 3362 700 3398 fo
721 3373 741 3398 a
761 3363 795 3398 di
815 3363 849 3403 7,
872 3372 963 3398 vene
984 3373 1005 3397 a
1024 3361 1140 3397 Roma
1164 3361 1231 3398 che
1258 3355 1426 3398 habitava
1451 3374 1472 3398 a
1501 3361 1727 3399 Grotaferata
1753 3366 1788 3398 et
1815 3362 1875 3398 fue
1902 3373 1924 3398 a
1949 3357 2068 3410 parla-

299 3421 418 3458 mente
441 3420 494 3458 col
514 3421 697 3469 pontifice,
718 3424 775 3468 poi
797 3421 932 3458 ritorno
953 3421 1031 3456 fuor
1051 3419 1086 3456 di
1107 3421 1234 3458 Roma.
1259 3435 1278 3454 »
1300 3421 1349 3458 M.
1373 3420 1526 3465 Sanuto,
1549 3422 1685 3466 Dim-ii,
1707 3425 1736 3459 t.
1759 3421 1786 3464 I,
1807 3420 1874 3457 col.
1896 3421 1978 3456 710.
