2222 3926
160 339 270 383 [Aont
290 339 386 379 1496]
606 335 778 375 RERUM
808 335 1112 391 URBANARUM
1146 335 1498 374 COMMENTARII.
1876 337 1947 374 315

164 449 292 493 tores
314 446 522 507 quatuor
541 441 800 507 supradicti
817 441 1036 507 [iverunt]
1054 440 1115 488 ad
1135 438 1393 488 ecclesiam
1410 439 1550 488 beate
1566 439 1715 488 Marie
1736 454 1946 490 conven-

162 532 237 576 tus
258 528 460 576 fratrum
482 527 723 575 Minorum
744 526 804 575 de
823 525 1127 575 observantia
1147 523 1538 589 congregationis
1567 523 1701 571 Beati
1721 522 1941 582 Amadei,

162 616 298 661 extra
329 615 522 660 Portam
559 615 804 670 Rosatam,
845 611 927 659 ubi
959 608 1219 659 celebravit
1250 608 1449 656 missam
1479 607 1757 672 capellanus
1788 606 1943 665 ducis,

159 697 434 745 cantoribus
455 696 758 744 cantantibus
779 699 967 760 partem
990 694 1230 753 introitus,
1255 701 1299 740 et
1318 692 1367 739 in
1388 699 1530 751 terra,
1554 691 1766 750 Patrem,
1790 690 1944 738 Sanc-

163 789 255 840 ίιιε,
287 783 335 828 et
355 779 399 828 A
407 795 533 843 ymas
562 780 670 839 Dei,
696 780 876 843 absque
908 794 967 827 eo
1001 777 1132 842 quod
1156 776 1426 835 celebrans,
1457 775 1617 823 Gloria
1651 777 1700 823 in
1730 774 1947 823 Excelsis

161 864 236 914 vel
261 863 428 923 CredO,
451 867 533 911 aut
553 862 668 926 quid
690 863 819 910 aliud
839 867 1025 922 cantet;
1055 862 1140 911 sed
1167 877 1226 909 eo
1248 861 1439 909 dicente
1462 875 1547 908 seu
1567 875 1686 908 voce
1709 860 1949 908 submissa

161 946 442 1012 hujusmodi
470 946 733 1010 incipiente
754 946 821 993 illi
850 946 1109 995 cantabant
1133 962 1142 993 ε
1169 945 1243 993 cui
1271 943 1594 993 interfuerunt
1622 944 1827 1008 legatuS,
1852 944 1949 992 dux

163 1036 211 1081 et
229 1031 308 1080 alii
329 1030 533 1095 predicti
553 1046 563 1087 ;
589 1034 636 1079 et
652 1030 717 1089 ita
735 1029 1074 1078 accelerabant
1095 1033 1290 1078 cantum
1311 1033 1536 1077 cantores
1552 1028 1683 1091 quod
1703 1028 1950 1076 celebran-

162 1121 259 1164 tem
280 1115 329 1163 in
344 1115 476 1163 nullo
492 1114 838 1178 impediebant,
863 1129 955 1162 nec
976 1114 1079 1178 ipse
1101 1113 1351 1162 celebrans
1373 1127 1543 1161 eorum
1564 1116 1760 1160 cantum
1794 1112 1844 1159 in
1867 1111 1950 1159 ali-

163 1215 259 1265 quo
277 1199 555 1248 advertebat
568 1198 643 1247 vel
661 1214 745 1246 eos
761 1198 1063 1261 expectabat,
1079 1197 1164 1245 sed
1176 1196 1559 1260 prosequebatur
1573 1195 1772 1243 missam
1791 1210 1944 1255 suam,

100 1272 114 1286 ⁶
162 1298 218 1331 ac
248 1283 289 1330 si
317 1283 422 1331 sine
442 1282 534 1330 illis
562 1282 850 1330 celebraret.
878 1281 1041 1330 Paravi
1067 1281 1116 1328 in
1137 1280 1280 1344 plano
1308 1279 1596 1344 presbyterii
1624 1279 1686 1327 ad
1705 1279 1949 1327 sinistram

162 1367 387 1416 intrantis
408 1367 458 1414 in
479 1381 630 1414 cornu
651 1365 903 1429 evangelii,
923 1366 1060 1429 juxta
1079 1379 1274 1411 murum
1295 1367 1343 1412 et
1369 1378 1521 1427 prope
1550 1363 1718 1423 altare,
1745 1363 1838 1411 duo
1860 1363 1950 1412 fal-

162 1450 362 1499 distoria
382 1449 534 1514 paria,
558 1464 708 1496 unum
730 1447 866 1495 altari
888 1446 1044 1510 magis
1072 1460 1341 1508 congruum
1363 1459 1450 1508 pro
1473 1444 1661 1507 legat03
1684 1445 1815 1493 aliud
1831 1459 1949 1493 con-

160 1534 383 1583 veniebat
402 1549 509 1582 esse
531 1533 592 1581 ad
609 1532 860 1581 dexteram
879 1529 1042 1595 legati,
1067 1544 1155 1594 pro
1178 1529 1319 1589 duce,
1344 1528 1694 1591 aliquantulum
1717 1533 1882 1576 tamen
1902 1527 1949 1575 in

162 1622 292 1668 retro
313 1618 524 1683 positum
550 1617 599 1664 in
626 1617 770 1680 plano
790 1614 1005 1663 inferiori
1027 1618 1139 1662 ante
1160 1612 1540 1678 presbyterium3
1562 1612 1622 1660 ad
1637 1611 1763 1660 latus
1785 1611 1951 1660 faldis-

161 1703 270 1751 torii
297 1702 433 1750 ducis
454 1717 606 1749 unum
626 1700 873 1749 banchum
890 1699 1110 1762 longum,
1131 1696 1354 1745 banchali
1377 1700 1679 1760 coopertum,
1703 1711 1815 1743 cum
1836 1711 1951 1759 qua-

161 1793 270 1836 tuor
308 1787 512 1835 cussinis
550 1786 602 1833 in
640 1790 770 1833 terra
804 1783 991 1848 positis,
1025 1797 1112 1846 pro
1147 1784 1354 1845 quatuor
1390 1782 1666 1830 oratoribus
1702 1781 1947 1846 predictis,

160 1872 273 1920 licet
312 1870 615 1918 ordinatores
653 1868 807 1926 duciS,
848 1867 927 1930 qui
967 1869 1176 1930 quatuor
1202 1864 1297 1913 alia
1324 1864 1593 1914 faldistoria
1623 1881 1711 1930 pro
1742 1871 1953 1929 quatuor

164 1954 435 2003 oratoribus
456 1952 704 2018 predictiS,
729 1951 835 2000 aliis
857 1949 1046 1997 duobus
1062 1947 1259 1997 omnino
1272 1947 1422 2011 paria,
1447 1948 1692 2011 apportari
1713 1948 1946 2009 fecerant,

165 2042 442 2087 assererent
489 2037 662 2085 ducem
703 2036 772 2083 sic
805 2034 1061 2083 observare
1094 2034 1411 2090 consuetum,
1449 2032 1673 2095 quodque
1709 2031 1760 2078 in
1790 2031 1950 2080 missis

163 2127 210 2170 et
237 2120 535 2170 orationibus
568 2125 614 2168 et
644 2120 749 2167 aliis
774 2118 920 2177 locis,
953 2123 1052 2165 tam
1076 2115 1280 2180 publicis
1309 2130 1455 2178 quam
1488 2115 1701 2179 privatis,
1732 2119 1950 2164 oratores

163 2204 379 2252 omnium
401 2219 570 2267 regum
589 2207 636 2251 et
662 2201 935 2267 principum
964 2215 1110 2264 supra
1139 2199 1296 2263 ipsum
1325 2198 1375 2246 in
1406 2213 1608 2247 romana
1633 2199 1769 2247 curia
1789 2199 1949 2248 locum

161 2288 447 2337 habentium
475 2303 620 2350 supra
649 2302 700 2334 se
729 2286 890 2333 locare
913 2299 1011 2332 non
1030 2283 1264 2347 placeret,
1290 2285 1339 2330 et
1365 2287 1659 2331 conarentur
1680 2282 1949 2331 orationem

165 2389 326 2422 meam
347 2372 612 2421 reformare
640 2375 689 2419 et
714 2370 764 2417 in
786 2384 927 2417 suum
955 2367 1156 2416 modum
1182 2366 1416 2414 reducere
1443 2381 1453 2413 ε
1479 2365 1653 2428 quibus
1683 2367 1969 2434 contradixi,

164 2460 211 2504 et
231 2455 368 2503 ducis
398 2455 593 2504 decreto
623 2470 701 2502 me
733 2453 914 2500 remisi.
939 2454 1122 2500 Tamen
1151 2451 1266 2509 dux,
1290 2465 1342 2498 re
1364 2449 1628 2507 intellecta,
1649 2449 1796 2498 voluit
1820 2451 1949 2498 ordi-

163 2538 348 2586 nationi
372 2553 451 2585 me
476 2537 639 2585 locum
665 2535 866 2594 habere,
890 2549 1036 2597 quam
1065 2533 1350 2592 observavit,
1377 2537 1425 2582 et
1447 2537 1686 2582 steterunt
1707 2533 1882 2598 singuli
1900 2534 1947 2581 in

162 2621 282 2669 locis
300 2637 387 2685 pro
410 2621 480 2669 eis
502 2619 750 2667 ordinatis.

228 2704 421 2753 Missale
448 2706 557 2768 post
587 2702 889 2766 evangelium
914 2700 1201 2749 ministravit
1232 2701 1414 2749 electus
1437 2701 1833 2765 archiepiscopus
1854 2703 1948 2749 Ba—

162 2788 315 2838 rensis
346 2788 526 2852 legato,
562 2787 643 2850 qui
678 2789 935 2850 antequam
973 2784 1135 2848 ipsum
1166 2784 1486 2844 oscularetur,
1523 2785 1739 2848 invitavit
1770 2786 1946 2833 ducem

161 2873 242 2936 qui
261 2887 373 2921 eum
395 2887 493 2920 non
514 2870 796 2935 acceptavit.
823 2869 918 2918 Sed
938 2872 1048 2933 post
1072 2867 1217 2932 legati
1239 2868 1655 2918 deosculationem
1677 2869 1822 2918 etiam
1843 2869 1946 2933 ipse

161 2955 257 3003 dux
277 2954 585 3004 deosculatus
606 2957 702 3012 est;
728 2954 856 3002 idem
885 2953 945 3001 de
973 2967 1092 3016 pace
1121 2967 1266 3015 quam
1288 2952 1435 3000 etiam
1462 2953 1593 3002 idem
1623 2953 1806 3002 electus
1830 2953 1946 3016 ipsis

162 3040 448 3088 ministravit
469 3039 778 3087 observatum
804 3042 894 3087 est.
925 3038 1041 3086 Aliis
1063 3036 1336 3086 oratoribus
1358 3053 1415 3085 ac
1440 3036 1785 3100 principalibus
1811 3034 1947 3082 nobi-

160 3121 286 3169 libus
307 3121 438 3170 dedit
458 3138 628 3186 pacem
649 3139 774 3170 unus
795 3138 852 3172 ex
884 3122 1145 3187 capellanis
1164 3121 1311 3186 legati
1336 3138 1346 3169 z
1372 3137 1496 3169 unus
1523 3126 1711 3170 tantum
1740 3118 1944 3167 clericus

162 3204 437 3253 scholarum
455 3206 703 3269 capellano
725 3207 989 3255 celebranti
1009 3207 1262 3266 serviebat,
1282 3206 1364 3269 qui
1386 3221 1473 3269 pro
1496 3204 1763 3252 elevatione
1785 3217 1944 3251 sacra-

161 3289 313 3336 menti
351 3287 494 3336 dabat
541 3293 747 3352 quatuor
786 3293 953 3354 parata
988 3290 1223 3339 intortitia
1270 3293 1478 3353 quatuor
1523 3287 1833 3336 servitoribus
1882 3285 1940 3332 de

161 3387 354 3421 camera
384 3370 519 3419 ducis
549 3373 784 3433 tenenda;
809 3373 939 3436 quod
968 3389 1078 3421 cum
1099 3374 1218 3422 mihi
1244 3373 1477 3420 indecens
1506 3371 1768 3430 videretur,
1792 3370 1942 3418 missa

161 3456 314 3516 finita,
344 3454 392 3503 id
432 3454 543 3503 duci
575 3457 819 3519 expositO,
850 3457 1012 3519 rogavi
1048 3462 1099 3506 ut
1141 3456 1358 3505 officium
1401 3455 1678 3520 hujusmodi
1711 3454 1939 3516 deinceps
