2202 3926
173 345 257 386 [Mai
277 345 372 386 4493]
617 344 787 382 RERUM
820 344 1127 385 URBANARUM
1160 344 1512 384 COMMENTARII.
1917 348 1961 384 71

172 450 327 515 inquit
360 449 581 515 pontifex
620 464 629 497 :
673 469 696 494 «
736 450 862 498 Num
898 448 1030 512 quid,
1075 448 1114 496 si
1154 448 1400 513 principes
1441 449 1679 497 electores
1727 449 1775 496 in
1815 465 1967 496 unum

174 534 420 583 noluerint
454 533 747 594 consentire,
785 533 925 582 sedes
948 533 1232 597 apostolica,
1258 533 1491 581 advocato
1520 537 1567 581 et
1595 531 1854 580 defensore
1882 547 1968 578 suo

175 619 394 668 careret?
425 638 446 662 »

244 723 266 746 «
298 703 438 761 Quod
461 718 519 751 eo
541 701 696 767 magis
725 702 1060 761 confirmatur,
1085 701 1198 766 quia
1227 718 1286 751 ex
1313 702 1537 751 omnibus
1572 701 1785 766 regibus,
1810 701 1969 749 nullus

176 787 442 854 apostolice
464 787 592 837 sedis
612 787 832 835 instituto
854 786 928 834 vel
947 786 1251 835 ordinatione
1274 787 1470 850 eligitur
1487 786 1561 835 vel
1582 786 1878 851 approbatur
1897 786 1969 834 vel

174 874 279 937 ejus
303 872 590 921 auctoritate
613 871 808 934 ungitur
829 886 884 919 ac
907 874 1184 929 coronatur,
1206 870 1299 918 nisi
1331 886 1416 918 rex
1445 886 1695 931 romanus,
1721 874 1772 919 ut
1795 886 1844 920 re
1866 870 1970 935 ipsa

174 962 222 1007 et
250 957 439 1022 juribus
477 958 685 1004 constat.
716 957 823 1018 Ipse
858 954 988 1002 enim
1022 970 1107 1002 rex
1141 969 1370 1002 romanus
1405 954 1606 1014 electus,
1637 955 1921 1018 priusquam
1942 970 1969 1002 a

174 1043 289 1091 sede
320 1039 586 1105 apostolica
625 1037 985 1102 comprobetur,
1018 1038 1123 1103 ejus
1163 1042 1327 1086 tamen
1368 1037 1659 1087 authoritate
1692 1038 1891 1102 ungitur
1922 1042 1969 1088 et

173 1129 460 1183 coronatur;
484 1123 615 1172 solus
643 1122 819 1186 estqui
843 1123 975 1187 jurat
1000 1139 1051 1172 se
1077 1126 1428 1187 protectorem,
1453 1122 1764 1171 defensorem
1786 1127 1834 1171 et
1853 1139 1967 1188 pro-

178 1212 454 1258 curatorem
483 1223 624 1256 suum
651 1206 894 1271 pontificis
923 1222 978 1256 ac
1001 1210 1166 1255 sancte
1194 1222 1396 1255 romane
1419 1206 1635 1256 Ecclesie
1663 1207 1712 1255 in
1740 1207 1965 1256 omnibus

174 1309 344 1342 eorum
374 1291 743 1342 necessitatibus
774 1295 822 1340 et
854 1290 1139 1340 utilitatibus
1165 1291 1288 1350 fore,
1321 1306 1489 1339 eorum
1515 1291 1745 1350 honoreS,
1777 1306 1968 1356 posses-

173 1378 335 1427 siones
376 1381 423 1426 et
457 1377 567 1441 jura
606 1375 806 1435 tuendo,
844 1375 1165 1424 custodiendo
1205 1380 1252 1424 et
1282 1375 1614 1423 conservando
1647 1379 1699 1423 ut
1731 1375 1781 1422 in
1814 1391 1920 1440 cap.
1951 1393 1960 1424 z

168 1461 380 1511 Romani
400 1479 417 1510 .·
436 1461 492 1509 de
511 1459 632 1509 chre
650 1459 761 1509 Jur.
787 1468 834 1508 et
850 1460 957 1509 dist.
981 1477 1078 1508 xm.
1105 1476 1148 1508 c.
1177 1459 1281 1508 Tibi
1300 1459 1495 1509 Domino
1518 1475 1628 1508 cum
1650 1459 1813 1508 multis
1835 1460 1965 1508 simi-

166 1546 309 1595 libus.

235 1651 257 1675 «
285 1632 390 1688 Qua
407 1631 466 1679 de
488 1646 558 1690 re,
579 1646 689 1679 cum
705 1634 871 1679 sancta
885 1633 1040 1678 mater
1055 1627 1289 1688 Ecclesia,
1307 1645 1394 1693 pre
1411 1627 1587 1679 ceteris
1600 1627 1796 1692 regibus
1810 1627 1964 1676 hono-

168 1731 276 1764 rare
310 1720 358 1765 et
386 1716 602 1780 preferre
624 1714 946 1773 consueverit,
981 1717 1033 1762 ut
1054 1713 1182 1763 clare
1203 1717 1335 1778 patet
1363 1713 1592 1763 decretali
1619 1729 1731 1761 xxm
1752 1713 1962 1777 capitulo

166 1799 229 1848 In
252 1802 442 1849 nomine
458 1801 675 1858 Domini,
717 1799 800 1848 ubi
829 1799 1054 1848 Nicolaus
1083 1798 1301 1862 pontifex
1335 1798 1604 1849 decernens
1632 1799 1692 1848 de
1726 1798 1963 1847 electione

168 1883 412 1946 pontificis
435 1884 591 1947 inquit
615 1902 624 1932 z
650 1884 777 1931 salvo
804 1883 954 1931 debito
980 1883 1154 1931 honore
1178 1891 1225 1931 et
1239 1884 1498 1932 reverentia
1519 1883 1675 1931 dilecti
1696 1883 1792 1948 filii
1815 1884 1964 1931 nostri

169 1964 371 2012 Henricz‘
391 1966 473 2030 qui
502 1966 552 2013 in
572 1967 921 2030 presentiarum
948 1981 1034 2013 rex
1053 1966 1268 2025 habetur,
1291 1974 1338 2014 et
1352 1967 1552 2030 futurus
1574 1967 1842 2030 imperator,
1859 1967 1961 2015 Deo

168 2049 461 2109 concedente,
492 2058 724 2115 speralur.
756 2053 1001 2114 Nusquam
1030 2050 1160 2098 enim
1187 2050 1234 2098 in
1257 2051 1366 2114 jure
1386 2050 1453 2099 sic
1475 2051 1535 2100 de
1568 2050 1743 2099 ceteris
1765 2051 1960 2115 regibus

165 2134 251 2182 sed
270 2134 330 2184 de
357 2150 474 2199 rege
497 2150 699 2184 romano
728 2139 917 2184 tantum
945 2151 1059 2183 cum
1084 2151 1142 2185 ea
1167 2134 1441 2184 reverentia
1466 2135 1598 2199 loqui
1633 2135 1810 2184 summi
1840 2151 1961 2201 pon-

170 2217 324 2267 tifices
349 2218 525 2267 solent.

235 2323 257 2347 «
282 2304 514 2352 Preterea
534 2308 706 2352 notum
722 2307 796 2353 est
817 2309 1035 2352 sanctam
1050 2308 1258 2353 matrem
1281 2303 1550 2353 Ecclesiam
1568 2303 1614 2352 in
1636 2303 1835 2353 diversis
1856 2320 1963 2368 pre-

164 2386 300 2436 cihus
317 2387 628 2451 paschalibus
654 2387 1017 2452 imperatorem,
1043 2391 1144 2447 aut,
1167 2403 1225 2435 eo
1248 2386 1496 2446 defunctO,
1520 2402 1687 2451 regem
1716 2390 1961 2436 Romano-

161 2487 289 2531 rum,
322 2471 469 2520 etiam
497 2472 535 2519 si
565 2472 783 2520 nondum
813 2472 1080 2536 imperator
1108 2471 1185 2531 sit,
1210 2471 1666 2520 christianissimum
1695 2473 1956 2537 appellare,

162 2559 210 2603 et
227 2570 316 2619 pro
345 2571 403 2603 eo
436 2555 665 2619 singulari
691 2571 837 2620 prece
858 2556 1003 2605 veluti
1024 2572 1112 2620 pro
1134 2556 1366 2621 precipuo
1395 2542 1483 2605 suo
1505 2556 1780 2618 defensore,
1803 2559 1959 2607 Deum

160 2639 366 2703 precari,
389 2639 582 2688 tametsi
613 2639 830 2688 nonnulli
852 2639 931 2687 alii
958 2655 1098 2702 reges
1128 2639 1274 2688 etiam
1295 2639 1391 2688 hoc
1414 2638 1801 2688 christianissimi
1820 2640 1958 2689 titulo

157 2722 259 2786 jam
277 2720 422 2770 veluti
441 2728 672 2788 usurpato
693 2723 784 2770 sibi
803 2722 1008 2772 blandiri
1027 2723 1288 2787 plurimum
1310 2723 1570 2788 gaudeant⁴

229 2830 251 2854 «
277 2812 479 2875 Insuper
499 2814 547 2860 et
567 2810 616 2858 in
635 2810 740 2859 aliis
755 2809 1006 2875 precibus,
1028 2823 1140 2856 cum
1157 2811 1263 2857 orat
1282 2806 1501 2856 Ecclesia
1521 2822 1609 2872 pro
1631 2823 1747 2872 rege
1767 2812 1954 2868 nostro,

159 2909 257 2942 non
285 2899 474 2943 constat
502 2910 611 2943 eam
638 2894 697 2944 de
732 2898 1063 2945 Romanorum
1097 2908 1212 2957 rege
1247 2893 1536 2957 intelligere,
1562 2892 1638 2941 cui
1665 2909 1751 2957 pre
1781 2894 1956 2942 ceteris

160 2978 231 3026 sui
267 2979 469 3028 tutelam
503 2996 727 3030 curamve
758 2981 1024 3045 gerendam
1057 2984 1107 3029 ut
1138 2977 1320 3043 passim
1344 2978 1456 3043 jura
1488 2976 1682 3035 docent,
1708 2977 1811 3040 jam
1841 2975 1955 3025 olim

159 3061 320 3125 sepius
346 3063 691 3112 demandavit?

228 3164 250 3187 «
274 3147 343 3193 Ex
359 3147 533 3209 quibus
549 3147 774 3196 omnibus
787 3148 990 3211 aliisque
1007 3147 1170 3195 multis
1187 3146 1423 3194 similibus
1439 3145 1594 3208 liquet
1608 3145 1770 3208 ipsu-m
1786 3158 1953 3207 regem

160 3229 506 3291 Romanorum,
537 3247 683 3295 quem
710 3231 886 3281 ceteris
920 3230 1116 3294 regibus
1150 3229 1369 3278 Ecclesia
1402 3228 1603 3292 prefert,
1635 3226 1694 3275 ab
1726 3226 1951 3275 omnibus

158 3309 374 3358 Ecclesie
396 3310 506 3359 filiis
528 3314 632 3362 sine
654 3314 861 3363 aliorum
882 3314 1060 3379 injuria
1079 3314 1182 3362 fore
1203 3312 1566 3378 preferendum.

225 3395 375 3441 «Hoc
408 3393 666 3444 dicendum
698 3403 771 3446 est
806 3397 934 3461 quod
968 3397 1188 3445 nonnulli
1220 3399 1471 3461 opponunt
1508 3396 1575 3444 illi
1611 3392 1947 3444 tantummodo

154 3481 482 3526 Romanorum
510 3478 610 3541 regi
637 3479 729 3527 hos
762 3481 976 3529 honores
1005 3482 1190 3540 deberi,
1215 3481 1313 3545 qui,
1338 3481 1473 3529 nullo
1502 3480 1596 3530 alio
1622 3483 1947 3527 Romanorum
