2202 3900
308 349 377 383 356
898 336 1153 384 'JOHAN'NtS
1187 336 1483 392 eunomiam,
1816 347 1969 388 [πέπων
1985 350 2077 390 1497]

312 447 442 496 ribus
464 452 510 496 et
531 448 636 496 aliis
667 449 726 498 de
757 450 941 514 capella
970 460 1056 499 sua
1086 450 1418 507 existentibus,
1443 449 1719 496 facultatem
1750 439 1959 513 eligendi
1983 451 2081 498 sin-

311 530 433 594 gulis
455 527 786 580 confessorem>
806 532 884 595 qui
913 548 1002 580 nos
1028 531 1239 595 plenarie
1268 529 1481 578 absolvat
1508 534 1553 576 et
1581 530 1845 593 plenariam
1867 529 2082 577 omnium
2135 555 2139 557 >

310 618 620 678 peccatorum
649 619 923 662 nostrorum
956 614 1292 662 remissionem
1321 613 1586 677 impendat,
1617 617 1663 661 et
1691 612 1821 675 quod
1848 611 2081 660 visitando

312 698 511 761 singulis
540 698 709 746 diebus
739 698 887 746 altare
918 698 1074 761 majus
1105 697 1300 745 basilice
1328 713 1366 743 5.
1393 697 1522 745 Petri
1548 711 1901 759 consequamur
1926 694 2085 742 indul-

311 779 496 842 gentias
520 780 781 828 stationum
810 779 965 827 Urbis.
990 779 1094 826 Alia
1120 782 1226 826 acta
1248 783 1357 826 sunt
1379 794 1514 827 more
1537 779 1695 827 solito.

378 862 630 910 Dominica
659 862 815 925 prima
845 861 1230 925 quadragesime,
1267 865 1322 909 12
1350 861 1593 919 februarii,
1627 863 1682 908 R.
1725 861 1773 907 in
1804 860 1992 908 Christo
2027 862 2079 907 P.
2125 908 2130 914 ,

315 950 369 994 D.
412 946 695 994 Fianciscus
736 946 928 1008 Borgia,
969 946 1222 1009 episcopus
1271 945 1586 1002 TheanensiS,
1633 945 1716 992 SS.
1759 947 1816 991 D.
1860 946 1917 998 N
1962 933 2085 1007 pape

315 1029 640 1076 thesaurarius
677 1029 931 1092 generalis,
970 1029 1227 1077 celebravit
1267 1028 1464 1075 missam
1507 1028 1775 1077 solemnem
1810 1027 1860 1074 in
1902 1026 2088 1090 capella

312 1114 512 1176 majore,
550 1115 678 1176 Papa
714 1112 912 1161 absente
951 1131 959 1159 :
1000 1129 1098 1160 non
1134 1112 1220 1160 tuit
1257 1129 1434 1172 sermo,
1474 1113 1585 1175 quia
1616 1116 1753 1176 pater
1789 1110 1868 1158 ille
1905 1099 2086 1158 ordinis

313 1214 350 1243 s
384 1196 639 1255 Dominici,
674 1200 919 1259 protectoi
944 1196 1158 1259 ejusdem
1190 1196 1370 1244 ordinis
1407 1196 1487 1259 qui
1519 1195 1651 1243 illum
1686 1198 1787 1243 erat
1816 1184 2084 1251 habitutus,

312 1268 436 1326 malo
460 1295 511 1326 se
530 1278 757 1327 habebat.

377 1362 516 1410 Feria
536 1366 722 1425 quarta,
759 1366 814 1410 15
846 1364 1090 1423 februarii,
1115 1364 1465 1427 proclamatum
1487 1363 1573 1409 fuit
1593 1361 1782 1426 publice
1804 1376 1890 1424 per
1912 1359 2089 1409 Urbem

313 1449 358 1493 et
393 1445 477 1492 sub
513 1448 646 1493 certa
674 1461 800 1508 pena
831 1446 1110 1494 mandatum
1145 1438 1275 1509 quod
1302 1461 1471 1494 omnes
1502 1444 1671 1493 soldati
1702 1444 1934 1492 deberent
1964 1443 2090 1491 intra

311 1527 508 1576 biduum
533 1529 710 1575 Urbem
733 1529 933 1597 exivisse
953 1534 999 1576 et
1022 1529 1080 1577 ab
1099 1545 1156 1577 ea
1177 1544 1227 1576 se
1249 1529 1526 1577 absolvisse.

379 1612 518 1659 Feria
541 1616 690 1672 sexta,
721 1617 775 1660 17
796 1613 1042 1672 februarii,
1067 1613 1188 1661 hora
1205 1628 1515 1676 vesperarum
1535 1611 1609 1660 vel
1628 1611 1774 1670 circa,
1794 1627 1881 1674 per
1901 1615 2088 1675 portam

313 1694 456 1742 beate
478 1695 627 1743 Marie
650 1696 707 1743 de
732 1697 912 1759 Populo
935 1696 1125 1744 intravit
1147 1696 1324 1744 Urbem
1345 1695 1697 1742 illustrissimus
1719 1697 1776 1741 D.
1800 1694 1896 1742 dux
1917 1697 2091 1742 Bruns—

313 1776 536 1836 vicensis,
566 1779 706 1826 etatis
736 1795 819 1827 sue
849 1780 897 1826 in
922 1783 1146 1827 octavum
1170 1783 1217 1827 et
1238 1779 1482 1827 decimum
1509 1792 1688 1826 annum
1708 1777 1782 1825 vel
1802 1777 1927 1825 circa
1948 1792 2092 1824 cons-

316 1859 499 1919 titutus,
545 1861 668 1908 filius
709 1862 950 1925 quondam
990 1863 1295 1910 illustrissimi
1339 1863 1568 1927 principis
1611 1866 1668 1910 D.
1711 1861 1909 1920 Alberti,
1956 1861 2090 1909 ducis

314 1943 674 1992 Brunsvicensis
706 1961 814 1993 cum
850 1946 985 2009 equis
1019 1946 1210 1995 circiter
1240 1946 1423 2010 viginti.
1458 1946 1735 2010 Hospitatus
1769 1949 1842 1994 est
1870 1944 1919 1992 in
1948 1944 2092 1993 domo

312 2026 723 2076 Theutonicorum
746 2034 875 2077 retro
899 2032 1129 2093 Campum
1151 2030 1290 2078 Flore
1318 2045 1404 2093 per
1428 2045 1625 2093 paucos,
1648 2028 1868 2077 videlicet
1889 2044 1975 2092 per
1995 2032 2092 2076 tres

312 2109 385 2155 vel
413 2115 616 2172 quatuor
647 2111 780 2172 dies;
814 2113 987 2161 deinde
1017 2114 1259 2177 assignata
1282 2112 1370 2161 sibi
1391 2128 1477 2176 per
1497 2116 1689 2160 Rmum.
1716 2114 1773 2160 D.
1799 2100 2092 2160 cardinalem

314 2207 352 2237 s.
388 2193 598 2256 Georgii,
633 2210 783 2259 prope
812 2197 1042 2260 palatium
1070 2196 1329 2244 residentie
1359 2211 1442 2243 sue
1472 2194 1662 2252 domus,
1693 2193 2011 2257 suppellectili
2045 2197 2093 2241 et

312 2273 420 2321 vino
442 2277 645 2333 munita,
671 2283 719 2325 et
752 2279 809 2327 de
834 2295 1075 2327 consensu
1098 2279 1228 2327 Illus.
1254 2282 1312 2327 D.
1346 2278 1499 2336 ducis,
1530 2293 1618 2341 per
1643 2276 1868 2341 eumdem
1896 2279 2087 2324 Rmum.

314 2353 371 2404 D.
399 2358 694 2408 cardinalem
718 2362 1007 2422 ordinatum,
1034 2362 1161 2426 quod
1181 2361 1400 2410 habitum
1422 2360 1805 2409 ecclesiasticum
1826 2359 2090 2408 affirmaret

315 2439 396 2487 et
384 2456 433 2487 1n
464 2457 522 2490 eo
543 2442 829 2492 incederet
818 2461 919 2509 ipse
943 2445 1053 2506 dux,
1084 2461 1194 2493 cum
1217 2448 1342 2493 esset
1365 2447 1422 2492 D.
1446 2443 1739 2491 cardinalem
1767 2443 2091 2492 associaturus

316 2527 363 2571 et
396 2524 440 2571 ei
468 2527 725 2575 serviturus
761 2544 815 2576 ac
851 2529 939 2576 sibi
976 2545 1063 2593 per
1097 2528 1462 2577 serenissimum
1492 2530 1819 2575 Romanorum
1841 2542 2007 2613 regem
2043 2532 2090 2576 et

316 2606 436 2655 alios
456 2610 843 2675 consanguineos
864 2629 976 2660 suos
999 2612 1272 2677 specialiter
1293 2611 1678 2660 commendatus.
1734 2625 1736 2627 ·

384 2693 639 2742 Dominica
674 2696 884 2744 secunda
919 2696 1312 2760 Quadragesime,
1355 2699 1409 2743 19
1443 2694 1687 2754 februarii,
1724 2697 1781 2742 R.
1817 2693 1867 2742 in
1900 2693 2090 2742 Christo

319 2775 370 2819 P.
397 2775 454 2820 D.
481 2776 768 2839 StephanUS,
794 2779 1049 2844 episcopus
1072 2778 1384 2838 Cattaeensis,
1409 2778 1639 2826 assistens
1662 2780 1806 2841 Pape,
1832 2764 2090 2826 celebravit

320 2855 516 2904 missam
538 2860 779 2921 publicam
800 2863 848 2910 in
864 2863 1048 2927 capella
1068 2863 1284 2927 predicta
1304 2863 1432 2925 Papa
1445 2864 1688 2923 presente,
1709 2859 1806 2923 qui,
1831 2864 2088 2922 antequam

318 2938 472 2987 exiret
493 2955 735 2991 cameram
764 2961 919 3005 suam,
944 2945 1217 2994 convocatis
1246 2959 1409 2992 coram
1437 2959 1487 2990 se
1516 2941 1855 3001 cardinalibus,
1886 2941 2091 3005 prefecit

323 3023 380 3068 D.
407 3023 602 3072 Petrum
625 3028 874 3091 Isuaglies‚
903 3028 1286 3093 protonotarium
1323 3025 1658 3090 apostolicum,
1689 3025 1812 3073 alme
1838 3024 1976 3073 Urbis
2001 3039 2090 3088 gu-

321 3105 647 3169 bernatorem,
683 3111 887 3160 ecclesie
917 3110 1287 3175 metropolitane
1322 3109 1502 3172 Regine
1537 3107 1631 3155 sive
1666 3108 1889 3172 Regiensi
1917 3108 1966 3155 in
1999 3110 2088 3156 Ca·
2114 3108 2129 3125 ³

316 3187 471 3236 labria
495 3206 583 3254 per
604 3192 785 3242 obitum
815 3195 1057 3258 quondam
1088 3193 1304 3258 magistri
1329 3191 1476 3241 Marci
1507 3191 1627 3239 sacri
1650 3189 1812 3255 palatii
1840 3189 2082 3238 destitute.

318 3270 422 3319 Alia
445 3274 695 3324 observata
713 3282 822 3325 sunt
844 3293 979 3326 more
995 3278 1153 3326 solito.
1175 3279 1458 3325 Sermonem
1476 3273 1588 3322 fecit
1606 3277 1888 3337 procurator
1907 3270 2088 3320 ordinis

318 3353 576 3406 Minorum.

382 3438 561 3488 Eadem
584 3442 677 3513 die,
700 3444 827 3494 circa
843 3445 1014 3494 horam
1035 3443 1317 3508 vigesimam
1333 3442 1613 3503 secundam,
1633 3458 1722 3508 per
1733 3446 1922 3508 portam
1944 3440 2085 3488 Late-
