2222 3926
286 325 356 371 242
894 333 1128 371 JOHANNIS
1162 334 1456 379 BURCHARDI,
1794 337 1950 376 [Fevrier
1971 338 2065 376 1495]

287 435 443 484 decim
476 435 703 486 Venetias
731 437 926 484 nomine
957 436 1070 485 dicti
1103 437 1230 500 regis
1263 436 1467 493 venisse,
1493 452 1521 484 a
1541 436 1736 485 domino
1767 442 1814 486 et
1842 439 2063 488 omnibus

286 520 352 569 ibi
391 520 705 570 existentibus
740 521 1008 570 honorifice
1048 523 1295 583 1·eceptos·‚‚
1339 519 1580 583 propriam
1626 519 1825 569 domum
1858 516 1952 585 'pro
1995 522 2063 571 eis

285 608 506 667 paratam
527 620 635 653 esse
657 620 711 653 ac
733 620 816 653 eos
837 604 886 651 in
905 603 1128 666 expensis
1151 600 1350 650 dominii
1371 602 1553 651 venire.

354 688 581 751 Sequenti
620 688 715 746 die,
753 690 811 735 23
848 687 992 750 hujus
1029 686 1225 745 mensis,
1259 686 1556 751 [nunciatum
1593 688 1682 752 est]
1725 688 1846 737 duos
1883 689 2077 739 sclavos,

290 771 449 834 Magni
495 771 633 818 Turci
666 770 895 820 Venetias
933 769 1236 818 velocissimo
1277 785 1416 833 cursu
1466 770 1753 835 applicuisse
1795 773 2067 822 successive

291 869 400 903 cum
428 853 748 917 singularibus
771 853 1100 917 intelligentiis
1128 853 1286 913 Turci,
1318 853 1398 917 qui
1429 853 1683 902 adventum
1711 855 1838 919 regis
1871 856 2070 906 Francie

294 937 598 986 formidabat.

360 1022 480 1069 Item
499 1036 558 1068 ex
579 1019 991 1085 Constantinopoli
1012 1037 1040 1068 a
1059 1021 1181 1077 veris
1199 1021 1547 1071 mercatoribus
1569 1022 1803 1086 scriptum
1824 1037 1931 1072 esse
1954 1025 2070 1071 Tur-

295 1120 377 1154 cos
408 1103 588 1153 ibidem
622 1103 803 1152 dictum
836 1119 1002 1169 regem
1035 1105 1235 1153 Francie
1269 1106 1473 1154 multum
1507 1106 1697 1165 timere,
1724 1121 1780 1154 ac
1816 1105 2072 1156 duodecim

294 1188 555 1236 Turcarum
574 1188 849 1237 sacerdotes
870 1188 1017 1237 fidem
1037 1187 1210 1238 Christi
1234 1189 1486 1253 predicare
1507 1190 1593 1255 (1).

358 1272 543 1321 Eadem
562 1271 636 1321 die
655 1271 895 1321 dominice
918 1272 1132 1336 predicte
1154 1275 1240 1336 (2),
1266 1289 1350 1322 rex
1376 1274 1575 1322 Francie
1603 1273 1731 1322 circa
1756 1274 1927 1322 horam
1949 1273 2074 1338 vige-

296 1356 468 1405 simam
489 1355 700 1404 introivit
717 1356 955 1404 civitatem
977 1355 1360 1420 Neapolitanam,
1386 1361 1433 1406 et
1453 1356 1722 1421 hospitatus
1745 1360 1817 1404 est
1845 1356 1893 1404 in
1914 1360 2072 1405 castro

294 1442 538 1503 CapuanO,
575 1443 623 1487 et
660 1442 808 1488 totam
850 1438 1030 1487 dictam
1071 1438 1311 1487 civitatem
1347 1438 1515 1487 habuit
1557 1439 1607 1487 in
1648 1439 1927 1489 obedientia
1967 1456 2069 1498 sua,

296 1525 496 1587 excepto
520 1526 678 1571 castro
701 1538 739 1570 s.
763 1521 900 1581 Elmi,
920 1522 970 1570 in
991 1538 1086 1586 quo
1109 1527 1244 1571 erant
1271 1527 1440 1586 gentes
1464 1522 1592 1586 regis
1622 1523 1864 1588 Neapolis,
1894 1527 1942 1571 et
1963 1539 2071 1572 cas-

295 1609 369 1654 tro
385 1608 534 1666 Nov0,
555 1606 604 1653 in
625 1622 719 1670 quo
742 1610 844 1655 erat
866 1621 1030 1655 comes
1052 1606 1274 1655 Pescarie
1292 1622 1400 1655 cum
1419 1606 1640 1671 gentibus
1660 1606 1777 1666 suiS,
1809 1611 1856 1655 et
1875 1607 2073 1656 castello

296 1688 403 1737 dell'
437 1691 533 1738 Ovo
567 1689 614 1736 in
646 1705 740 1753 quo
772 1693 874 1738 erat
903 1705 988 1738 rex
1023 1689 1352 1738 Ferdinandus
1396 1705 1507 1738 cum
1541 1705 1626 1738 sua
1658 1694 1820 1753 gente,
1855 1694 1903 1738 et
1942 1694 2072 1738 turre

300 1788 339 1820 s.
363 1772 619 1823 Vincentii.

363 1855 500 1904 Feria
537 1859 721 1919 quarta,
763 1860 821 1905 25
861 1856 1042 1905 mensis
1088 1855 1315 1905 februarii
1342 1855 1560 1920 predicti,
1599 1858 1719 1904 Gem
1750 1855 1866 1904 alias
1906 1856 2071 1916 Zizim,

295 1939 638 2003 frater-Magni
676 1939 817 1988 Turci
860 1940 940 2003 qui
971 1956 1125 2005 nuper
1163 1939 1266 2003 regi
1307 1942 1602 1988 Francorum
1638 1955 1725 2004 per
1761 1939 2074 1989 Sanctitatem

295 2039 432 2072 suam
475 2039 534 2072 ex
579 2028 718 2088 pacto
763 2031 810 2073 et
856 2024 1173 2073 conventione
1214 2023 1340 2072 inter
1378 2039 1428 2072 se
1477 2023 1698 2087 stipulato
1742 2023 2070 2088 consignatuS‚

293 2108 341 2155 in
363 2108 553 2158 civitate
577 2109 889 2173 Neapolitana
915 2111 962 2156 et
989 2112 1146 2156 castro
1178 2110 1421 2172 CapuanO,
1447 2123 1506 2156 ex
1524 2123 1610 2156 esu
1638 2107 1733 2155 sive
1760 2112 1877 2171 potu
1901 2111 2073 2156 nature

295 2207 379 2240 sue
410 2207 508 2240 non
537 2192 839 2241 convenienti
873 2197 921 2240 et
950 2195 1200 2251 consueto,
1231 2191 1326 2239 vita
1360 2191 1552 2239 functus
1584 2195 1673 2251 est,
1699 2191 1836 2256 cujus
1871 2191 2075 2240 cadaver

293 2275 467 2323 deinde
499 2275 559 2323 ad
586 2276 864 2324 instantiam
892 2280 938 2324 et
964 2290 1136 2338 preces
1163 2274 1323 2338 Magni
1354 2273 1512 2332 Turci,
1537 2273 1694 2322 eidem
1723 2276 1897 2337 Magno
1919 2275 2072 2322 Turco

294 2373 404 2404 cum
421 2361 521 2406 tota
540 2357 753 2407 defuncti
774 2358 953 2407 familia
972 2359 1174 2408 missum
1194 2363 1283 2417 est,
1308 2359 1387 2422 qui
1406 2362 1663 2423 propterea
1682 2373 1907 2422 magnam
1925 2373 2072 2422 pecu-

295 2440 482 2489 niarum
501 2458 739 2491 summam
758 2442 931 2491 dicitur
944 2443 1229 2507 persolvisse
1245 2458 1331 2491 seu
1349 2443 1572 2502 donasse,
1591 2458 1646 2491 ac
1662 2441 1893 2490 familiam
1913 2442 2071 2505 ipsam

295 2524 341 2571 in
363 2524 567 2589 gratiam
585 2526 829 2591 recepisse
850 2526 928 2591 (3).
1496 2519 1501 2524 ¹

340 2744 374 2782 1.
400 2744 494 2792 Voy.
517 2743 719 2792 Malipiero,
740 2744 880 2780 Annali
902 2744 1038 2784 Veneti,
1062 2754 1097 2791 p.
1121 2743 1189 2779 144
1209 2746 1245 2779 et
1265 2741 1375 2787 suiv„
1399 2742 1492 2779 dans
1520 2742 1655 2780 l’Arch.
1679 2743 1776 2780 Scor.
1798 2745 1896 2785 Ital„
1921 2747 1946 2781 t.
1971 2742 2067 2790 VIII,

296 2803 351 2838 1¹⁹
370 2803 500 2850 partie.

340 2864 375 2900 2.
403 2863 473 2898 Par
494 2865 720 2910 consequent
739 2862 771 2899 le
791 2864 838 2899 22
856 2862 998 2900 few-ier.
1020 2863 1113 2911 Voy.
1137 2861 1171 2899 la
1190 2865 1274 2899 note
1294 2862 1338 2898 de
1360 2861 1480 2899 Mansi
1500 2862 1593 2898 dans
1615 2861 1777 2907 Rinaldi,
1798 2874 1834 2910 p.
1857 2863 1940 2899 236.

338 2922 374 2960 3.
405 2921 512 2958 Zizim
531 2922 718 2959 mourut-il
739 2923 783 2958 de
797 2926 890 2959 mort
908 2922 1082 2959 naturelle
1093 2934 1140 2959 ou
1154 2921 1249 2959 fut—il
1265 2921 1527 2970 empoisonne‘?
1548 2921 1576 2957 ll
1596 2925 1654 2958 est
1669 2920 1814 2957 difficile
1829 2921 1874 2957 de
1888 2921 2065 2969 repondrc

293 2981 607 3019 affirmativement
631 2984 653 3018 a
677 2994 738 3018 ces
767 2982 864 3018 deux
889 2982 1101 3030 questions;
1128 2994 1174 3018 on
1200 2994 1246 3018 ne
1275 2985 1374 3030 peut,
1397 2981 1547 3030 jusqu'a
1573 2984 1731 3028 present,
1762 2993 1832 3029 que
1864 2981 1988 3018 reunir
2013 2981 2066 3018 les

292 3042 507 3079 documents
533 3041 669 3078 relatifs
703 3044 724 3077 a
756 3045 813 3078 cet
838 3043 1063 3086 evenement,
1091 3045 1127 3078 et
1153 3041 1282 3078 laisser
1314 3052 1359 3077 au
1385 3040 1521 3077 lecteur
1548 3039 1579 3076 le
1606 3039 1685 3076 soin
1714 3040 1759 3077 de
1785 3040 1838 3077 les
1865 3040 2066 3090 apprecier.

293 3101 482 3150 L’opinion
504 3100 673 3150 generale
696 3102 761 3137 des
787 3094 1159 3148 contemporains'est
1183 3113 1253 3149 que
1283 3100 1315 3136 le
1343 3099 1467 3148 prince
1493 3104 1572 3136 ture
1598 3099 1651 3137 sut
1677 3092 1928 3148 empoisonne.
1956 3101 2065 3149 (Voy.
2088 3100 2091 3102 ’

293 3162 474 3207 Hammer,
495 3164 589 3198 Hist.
608 3163 651 3199 de
671 3162 801 3209 l’Emp.
826 3163 971 3204 Ottom„
992 3161 1015 3197 l.
1038 3161 1122 3196 XIX
1140 3164 1176 3197 et
1194 3159 1247 3197 les
1269 3162 1403 3207 notes)
1484 3161 1546 3196 «A
1565 3161 1601 3196 di
1621 3161 1679 3205 26,
1702 3161 1738 3196 di
1759 3160 1937 3209 Febbrajo
1960 3161 2065 3205 1495,

290 3224 434 3270 quattro
454 3221 573 3269 giorni
593 3222 687 3269 dopo
707 3222 772 3258 che
793 3221 817 3258 il
836 3222 890 3258 Re
910 3221 945 3258 di
966 3220 1116 3257 Francia
1136 3223 1237 3257 entre
1253 3219 1290 3256 in
1309 3220 1451 3269 Napoli,
1472 3221 1561 3258 mori
1577 3220 1622 3257 ivi
1638 3220 1735 3257 Ziem
1757 3220 1911 3258 Sultano
1926 3220 2068 3258 fratello

291 3280 348 3317 del
370 3280 505 3329 Signor
526 3282 655 3327 Turco,
678 3283 706 3318 il
726 3283 829 3329 quale
850 3283 894 3327 fu
907 3282 1115 3318 avvelenato
1197 3295 1215 3314 »
1237 3279 1326 3317 ecrit
1339 3280 1466 3318 Priuli.
1489 3282 1584 3324 (Rer.
1602 3283 1684 3317 Ital.
1702 3282 1855 3327 Script„
1882 3285 1909 3317 t.
1932 3279 2066 3318 XXIV.

292 3341 492 3378 Chronicon
517 3343 703 3387 Venecum,
725 3340 794 3378 col.
818 3342 875 3379 16.
895 3340 1069 3378 Muratori
1095 3339 1252 3377 attribue
1272 3342 1294 3376 a
1318 3343 1390 3377 tort
1418 3345 1510 3377 cette
1538 3340 1735 3389 chronique
1762 3343 1784 3377 a
1803 3340 1957 3386 Sanuto,
1979 3340 2073 3376 dont

287 3400 321 3437 le
342 3399 574 3448 temoignage
596 3400 779 3448 reproduit
798 3400 881 3449 plus
901 3400 968 3437 bas
996 3399 1120 3436 differe
1147 3399 1386 3437 entierement
1405 3399 1451 3436 de
1478 3400 1653 3447 celui-ci.)
1752 3415 1770 3433 «
1790 3404 1824 3436 et
1845 3403 1904 3437 eut
1932 3400 1964 3435 le
1990 3398 2067 3444 Roy

290 3471 355 3497 son
375 3462 473 3505 frere
496 3459 632 3505 (Zizim)
654 3460 743 3496 ecrit
769 3460 987 3504 CommineS‚
1010 3459 1068 3497 liv.
1095 3459 1175 3505 VII,
1198 3460 1261 3503 ch„
1282 3472 1371 3505 xvii,
1393 3464 1492 3497 entre
1523 3461 1573 3497 les
1596 3462 1711 3498 mains
1734 3462 1813 3507 (qui
1835 3460 1973 3506 vesquit
1994 3469 2067 3506 peu
