2228 3938
188 371 397 412 [Decembre
413 372 508 411 1492]
633 370 803 408 RERUM
837 370 1141 408 URBANARUM
1174 369 1525 407 COMMENTARII.
1930 373 1975 410 19

191 478 397 536 quatuor
443 472 740 533 assistentes,
777 474 1000 522 videlicet
1020 473 1353 532 Cusentinum,
1386 472 1731 531 Dolenensem,
1754 474 1976 522 Vultera-

190 572 394 604 nensem
416 561 463 605 et
484 556 886 615 Alexandrinum;
914 556 1118 605 osculati
1140 560 1250 605 sunt
1271 555 1466 620 pedem,
1492 571 1688 603 manum
1711 560 1758 603 et
1779 571 1833 603 os
1854 573 1975 620 pape

191 645 302 690 ante
346 641 1079 704 literarumpresentationem3
1127 645 1175 688 et
1225 655 1396 689 eorum
1443 639 1644 698 familia,
1689 639 1977 687 consistorio

191 723 348 782 finito,
391 723 452 771 ad
490 724 627 788 pedis
668 724 887 773 osculum
926 740 1012 789 per
1050 740 1225 788 papam
1265 729 1479 788 recepta,
1523 726 1665 787 prout
1701 739 1790 787 per
1827 738 1978 771 novos

193 811 407 856 oratores
436 807 496 855 ad
523 808 709 857 curiam
738 824 826 873 pro
857 808 1136 857 obedientia
1163 808 1425 872 prestanda
1457 807 1703 856 venientes
1734 810 1782 855 et
1808 822 1979 855 eorum

189 890 396 939 familias
422 891 472 938 in
501 891 645 939 simili
667 896 778 939 actu
808 892 914 940 fieri
942 892 1208 940 consuevit.
1242 892 1494 955 Proposite
1516 892 1712 940 fuerunt
1737 891 1828 940 due
1850 907 1980 940 com-

194 977 471 1035 missiones,
501 977 659 1039 prima
685 991 774 1039 per
800 978 856 1023 D.
890 975 1202 1023 Octavianum
1230 977 1546 1035 Suessanum,
1577 975 1790 1023 secunda
1809 990 1899 1038 per
1919 978 1976 1023 D.

195 1060 440 1108 Justinum
461 1060 790 1118 Valentinum,
815 1059 1099 1108 advocatum
1120 1060 1244 1108 fisci.

262 1142 377 1191 Heri
417 1157 527 1190 sero
569 1142 923 1191 illustrissimus
963 1146 1017 1191 D.
1065 1143 1327 1192 Federicus
1367 1145 1426 1193 de
1466 1147 1709 1208 Aragona,
1755 1143 1980 1207 princeps

191 1226 461 1286 Altamure,
487 1227 618 1276 venit
643 1227 705 1276 ad
723 1228 976 1291 palatium,
1006 1233 1055 1277 et
1075 1228 1371 1277 audientiam
1394 1232 1632 1277 secretam
1652 1227 1823 1276 habuit
1843 1244 1872 1276 a
1893 1229 1978 1275 SS.

192 1313 249 1358 D.
275 1316 458 1360 nostro.

257 1396 511 1444 Dominica
540 1396 684 1445 tertia
716 1395 968 1456 adventuS,
1007 1399 1063 1444 16
1105 1395 1399 1456 decembris,
1431 1399 1599 1444 Rmus.
1639 1398 1697 1443 D.
1723 1395 1981 1443 cardinalis

193 1479 469 1528 Parmensis
500 1480 760 1529 celebravit
787 1480 988 1528 missam
1019 1479 1291 1527 solemnem
1323 1479 1374 1527 in
1405 1479 1592 1543 capella
1621 1479 1827 1544 maj0re,
1860 1495 1983 1543 papa

193 1567 440 1626 presente,
474 1564 720 1612 consuetis
751 1564 1060 1613 ceremoniis
1093 1565 1383 1612 Sermonem
1408 1564 1524 1613 fecit
1548 1567 1837 1628 procurator
1858 1563 1984 1613 ordi-

197 1647 273 1695 nis
293 1647 646 1696 heremitarum
668 1649 822 1697 sancti
841 1649 1117 1713 Augustini.

260 1732 555 1797 Interrogavi
592 1735 702 1780 ante
737 1732 936 1780 missam
974 1734 1058 1781 SS.
1102 1736 1183 1791 D.,
1220 1749 1283 1781 an
1319 1732 1558 1781 Sanctitas
1588 1748 1679 1780 sua
1710 1730 1985 1780 intenderet

198 1815 445 1864 matutinis
479 1816 638 1865 noctis
673 1816 846 1864 natalis
879 1816 1073 1864 Domini
1105 1817 1362 1875 interesse,
1402 1818 1505 1865 Deo
1526 1816 1735 1875 volente,
1773 1815 1852 1879 qui
1888 1830 1984 1863 res-

196 1899 364 1962 pondit
391 1899 520 1962 quod
550 1899 643 1958 sic;
676 1915 824 1963 quem
850 1900 1070 1949 ordinem
1096 1901 1238 1950 vellet
1269 1902 1319 1948 in
1349 1901 1689 1950 decantatione
1718 1900 1984 1948 lectionum

198 1982 462 2040 observari,
496 1998 606 2030 cum
637 1986 801 2031 essent
832 1983 1019 2047 plures;
1054 1985 1321 2048 respondit,
1355 1984 1488 2047 quod
1517 1985 1556 2032 si
1587 1984 1691 2048 ipse
1720 1984 1983 2033 lectionem

195 2065 412 2114 dicturus
446 2071 592 2125 esset,
629 2067 888 2115 convenire
921 2068 1182 2127 videretur,
1217 2068 1347 2132 quod
1375 2069 1523 2118 etiam
1553 2067 1822 2116 cardinales
1856 2068 1984 2117 dice-

199 2153 323 2208 rent,
351 2164 496 2212 super
516 2165 612 2212 quo
632 2150 778 2198 verba
798 2166 991 2199 mecum
1015 2168 1065 2200 se
1087 2152 1327 2200 facturum
1349 2152 1485 2200 dixit.

261 2231 401 2279 Feria
437 2233 668 2294 secunda,
717 2238 772 2282 17
815 2234 1108 2294 decembris,
1150 2235 1239 2283 fuit
1270 2235 1521 2299 publicum
1558 2234 1900 2283 consistorium
1939 2234 1985 2281 in

196 2315 337 2364 tertia
357 2315 467 2364 aula
486 2316 652 2380 palatii
676 2318 957 2382 supradicti,
992 2319 1042 2366 in
1067 2335 1161 2382 quo
1190 2323 1399 2382 quatuor
1419 2323 1640 2368 oratores
1661 2322 1981 2378 Venetorum,

195 2402 222 2446 6
250 2399 395 2463 hujus
423 2401 624 2464 recepti,
655 2401 882 2451 videlicet
909 2404 967 2450 D.
997 2403 1214 2451 Marinus
1242 2405 1454 2463 LeonuS,
1492 2402 1818 2451 Christoforus
1846 2402 1987 2450 Drio-

198 2483 306 2542 dus,
361 2488 649 2547 procurator
699 2486 852 2534 sancti
901 2487 1070 2545 Marci,
1124 2487 1303 2535 Paulus
1350 2486 1536 2535 Barbus
1581 2492 1630 2535 et
1674 2486 1986 2535 Sebastianus

195 2566 460 2615 Baduarius
509 2568 668 2629 miles,
720 2570 918 2618 nomine
968 2570 1282 2618 illustrissimi
1326 2574 1384 2619 D.
1432 2570 1692 2635 Augustini
1733 2569 1986 2618 Barbadici

199 2650 352 2711 ducis,
387 2652 667 2715 generalem
702 2653 1029 2702 obedientiam
1059 2655 1376 2718 prestiterunt
1402 2673 1411 2702 :
1442 2655 1585 2703 litera
1611 2670 1755 2718 quam
1786 2669 1986 2718 presen-

196 2738 432 2793 taverunt,
479 2735 687 2799 simplex
719 2741 767 2785 et
792 2736 1114 2786 *credentialis
1146 2738 1195 2786 in
1228 2754 1463 2802 personas
1503 2738 1744 2786 dictorum
1783 2740 1989 2800 quatuor

204 2822 466 2878 oratorum,
508 2819 690 2867 nullam
730 2820 789 2868 de
830 2820 1106 2870 obedientia
1143 2822 1406 2886 prestanda
1443 2822 1746 2876 mentionem
1785 2820 1984 2868 faciens.

199 2901 437 2950 Ass'ociati
471 2901 664 2951 fuerunt
694 2903 753 2952 de
784 2920 929 2968 parva
959 2905 1142 2969 capella
1169 2922 1257 2970 per
1285 2905 1496 2969 quinque
1527 2905 1826 2963 assistentes,
1856 2903 1987 2951 vide-

200 2984 315 3034 licet
353 2985 779 3051 archiepiscopum
819 2989 1153 3049 Cusentinum,
1195 2989 1596 3048 Tricaricensem,
1639 2989 1983 3045 Dolenensem,

202 3068 607 3119 Vulteranensem
629 3075 678 3119 et
697 3071 1078 3121 Alexandrinum
1101 3073 1373 3138 episcopos.
1400 3072 1611 3137 Proponi
1631 3072 1872 3120 debebant
1894 3070 1986 3118 due

206 3153 592 3214 commissiones,
630 3171 836 3218 quarum
863 3156 1068 3220 primam
1096 3157 1346 3221 proposuit
1374 3160 1431 3205 D.
1466 3156 1707 3219 Blalconus
1735 3155 1793 3203 de
1822 3154 1989 3202 Baleo-

207 3232 364 3291 nibus,
415 3237 495 3299 qui
535 3243 722 3287 tantum
763 3244 955 3303 tempus
1000 3240 1309 3304 dispensavit,
1353 3240 1483 3304 quod
1528 3239 1723 3288 interim
1770 3242 1986 3286 oratores

208 3315 412 3378 predicti
446 3334 475 3365 a
506 3322 735 3383 pontifice
771 3323 953 3387 recepti
991 3323 1201 3372 fuerunt.
1244 3327 1313 3372 Ex
1352 3339 1467 3388 quo,
1510 3324 1615 3387 ejus
1654 3321 1984 3385 propositione

210 3398 364 3458 finita,
399 3403 619 3451 commisi
648 3405 696 3453 id
723 3409 780 3454 D.
817 3407 1003 3470 Ange-lo
1032 3407 1091 3456 de
1125 3408 1276 3467 CesiS,
1311 3408 1391 3471 qui
1421 3406 1685 3455 secundam
1715 3418 1985 3468 proponere

211 3482 435 3542 debebat,
466 3484 597 3547 quod
631 3501 739 3535 eam
774 3505 860 3552 pro
897 3490 991 3538 alia
1028 3491 1105 3539 die
1145 3494 1470 3548 conservaret,
1507 3491 1652 3553 prout
1686 3487 1863 3534 factum
1894 3488 1982 3533 est.
