2202 3926
161 351 241 394 [Mai
262 352 356 391 1494]
603 350 772 388 RERUM
805 351 1108 390 URBANARUM
1141 352 1493 390 COMMENTARH.
1870 361 1938 396 125

153 452 359 516 spatium
384 468 449 500 xu
477 452 655 516 pedum
680 469 767 517 pro
792 453 1093 518 longitudine
1115 454 1277 512 chori;
1303 455 1420 503 etin
1448 456 1604 519 capite
1632 457 1738 521 ejus
1765 473 1929 508 versus

154 536 395 584 tribunam
428 541 529 584 erat
559 552 788 585 ascensus
821 542 930 586 octo
963 538 1197 602 graduum
1227 538 1491 586 altitudinis
1523 539 1664 587 unius
1691 540 1828 604 pedis
1857 544 1931 590 vel

152 619 297 679 circa,
334 624 382 669 et
416 620 729 684 longitudinis
765 622 943 685 pedum
982 622 1236 671 duodecim
1275 621 1477 685 quilibet
1510 622 1688 686 gradus
1723 629 1849 684 erat;
1887 630 1935 674 et

151 703 331 751 ibidem
383 708 486 752 erat
533 720 679 752 unum
724 705 945 769 planum·
971 721 1200 770 magnum
1253 721 1312 753 ex
1363 706 1536 754 tabulis
1585 709 1931 773 compositum,

149 786 413 835 latitudinis
452 803 602 851 usque
636 787 696 836 ad
731 788 974 837 tribunam
1007 789 1186 853 pedum
1218 805 1278 837 Lv
1313 793 1360 837 et
1394 805 1482 853 per
1514 791 1674 852 aliam,
1714 792 1935 842 videlicet

149 871 536 931 transversalem,
559 871 872 934 longitudinis
895 872 991 920 sive
1011 870 1276 919 latitudinis
1304 873 1481 935 pedum
1502 890 1675 934 LXV1113
1706 876 1755 923 in
1783 876 1933 925 choro

147 954 363 1017 predicto
393 955 530 1018 juxta
560 954 758 1016 planum
790 970 859 1001 x11
894 954 1073 1017 pedum
1106 956 1166 1002 ab
1197 958 1400 1017 utraque
1433 962 1567 1019 parte
1597 959 1710 1006 facti
1741 959 1935 1007 fuerunt·

146 1031 323 1101 gradus
352 1053 418 1085 xv
447 1036 710 1085 altitudinis
729 1053 760 1084 11
781 1036 961 1101 pedum
983 1038 1184 1101 quilibet
1206 1054 1293 1102 per
1312 1038 1665 1102 longitudinem
1684 1041 1819 1089 chori
1843 1058 1931 1106 pro

143 1121 359 1169 locandis
399 1119 623 1184 gentibus
670 1119 730 1168 ad
774 1120 1050 1169 videndum.
1102 1123 1255 1186 Supra
1300 1123 1550 1172 introitum
1597 1125 1694 1173 sive
1740 1129 1930 1189 portam

143 1204 362 1268 ejusdem
391 1203 544 1262 chori,
576 1203 724 1251 etiam
746 1206 1001 1268 compositi
1030 1210 1077 1253 et
1100 1206 1242 1254 locati
1271 1207 1465 1256 suerunt
1483 1208 1622 1262 multi
1645 1209 1840 1273 gradus,
1869 1209 1933 1258 ad¹

144 1290 411 1339 sedendum
431 1307 517 1354 pro
538 1290 715 1338 visione
738 1290 853 1353 apti.
877 1293 928 1337 In
947 1290 1160 1354 quolibet
1180 1290 1335 1354 capite
1357 1291 1575 1353 corporis
1596 1292 1928 1340 transversalis

144 1374 368 1434 ecclesie,
399 1374 533 1438 quod
554 1377 624 1422 est
646 1371 773 1421 inter
792 1373 1004 1421 'chorum
1026 1377 1073 1421 et
1096 1373 1334 1421 tribunam
1360 1374 1628 1437 predictam
1656 1379 1792 1423 extra
1810 1375 1928 1423 illud

142 1458 337 1522 planum
360 1457 579 1522 superius
599 1456 913 1521 descriptum,
936 1456 1066 1520 quod
1083 1461 1154 1505 est
1176 1472 1320 1520 supra
1338 1457 1444 1505 illos
1463 1458 1640 1521 gradus
1659 1474 1707 1506 1x
1728 1474 1756 1506 a
1775 1458 1926 1507 tribus

140 1532 367 1605 partibus
387 1540 644 1605 compositi
674 1540 868 1590 fuerunt
899 1540 1080 1589 similes
1111 1540 1287 1605 gradus
1314 1556 1396 1599 xv,
1426 1541 1695 1589 altitudinis⁴
1717 1542 1922 1590 duorum

140 1624 316 1688 pedum
337 1624 577 1689 quilibets
1159 1622 1162 1623 ⁷
1863 1627 1866 1629 ’

205 1711 296 1757 Pro
317 1710 533 1758 locandis
561 1711 620 1758 ad
646 1711 907 1759 videndum
932 1711 982 1759 in
1009 1711 1152 1774 plano
1182 1711 1399 1775 predicto
1427 1710 1476 1758 in
1497 1707 1674 1772 angulo
1696 1707 1756 1754 ad
1777 1707 1922 1755 sinis-

139 1794 260 1838 tram
291 1793 583 1842 ascendente
617 1795 914 1858 compositus
947 1795 1035 1842 fuit
1060 1795 1300 1843 thalamus
1328 1794 1488 1858 regius
1516 1791 1792 1855 quadratus,
1829 1807 1917 1855 per

138 1871 338 1936 longum
360 1878 407 1922 et
426 1874 577 1921 latum
603 1891 665 1922 xx
685 1876 833 1939 pedes
853 1876 1057 1934 habens,
1079 1881 1127 1923 et
1144 1877 1283 1939 juxta
1302 1892 1494 1924 murum
1515 1876 1564 1923 in
1585 1875 1740 1939 capite
1763 1874 1916 1934 chori,

140 1956 314 2019 regalis
337 1957 477 2005 sedes
501 1962 598 2006 tres
626 1959 802 2022 gradus
827 1959 1036 2017 habens;
1069 1963 1116 2007 et
1142 1975 1373 2007 ascensus
1395 1960 1455 2007 ad
1474 1959 1633 2022 ipsum
1654 1958 1919 2006 thalamum

138 2044 240 2087 erat
267 2040 398 2088 circa
426 2041 642 2089 medium
671 2041 731 2089 ad
758 2042 1001 2090 sinistram
1028 2042 1335 2091 ascendentis
1366 2042 1426 2089 ad
1453 2041 1714 2099 tribunam,
1746 2045 1794 2089 et
1815 2046 1919 2089 erat

136 2123 371 2186 graduum
399 2141 500 2185 sex,
532 2121 796 2174 altitudinis
823 2126 965 2173 unius
992 2126 1128 2189 pedis
1156 2125 1374 2189 quilibet3
1403 2125 1452 2172 in
1474 2125 1695 2189 opposito
1719 2124 1916 2173 thalami

135 2206 196 2254 ad
229 2208 450 2256 eamdem
483 2225 682 2257 manum
710 2209 760 2257 in
793 2209 968 2272 angulo
991 2209 1103 2256 dicti
1135 2209 1265 2273 plani
1297 2209 1434 2272 juxta
1464 2208 1724 2267 tribunam,
1750 2212 1916 2272 parata

138 2294 241 2339 erat
268 2296 315 2339 et
336 2292 509 2340 tabulis
540 2293 729 2341 elevata·
744 2293 930 2357 capella
948 2292 1010 2340 ad
1030 2292 1333 2340 vestiendum
1353 2295 1538 2355 regem,
1564 2308 1651 2339 suo
1672 2296 1921 2355 tempore,¹

131 2374 343 2423 vestibus
369 2376 613 2440 regalibus
651 2393 661 2424 :
699 2376 758 2425 ab
792 2376 886 2424 alia
913 2381 1049 2440 parte
1079 2376 1278 2424 thalami
1309 2376 1358 2423 in
1392 2375 1570 2439 angulo
1604 2375 1665 2423 ad
1692 2375 1911 2423 dextram

134 2456 314 2507 dictum
346 2459 544 2522 planum
581 2454 892 2520 ascendente,
930 2460 979 2507 in
1013 2459 1185 2509 eodem
1216 2460 1359 2524 plano
1394 2463 1496 2508 erat
1525 2459 1659 2507 locus
1693 2459 1912 2508 eminens

129 2557 217 2605 pro
245 2543 540 2603 cantoribus,
572 2543 884 2608 longitudinis
903 2544 1083 2608 pedum
1102 2559 1208 2592 xun
1241 2547 1287 2592 et
1317 2543 1583 2592 latitudinis
1616 2542 1795 2607 pedum
1825 2559 1909 2601 xn,

138 2615 399 2675 altitudinis
426 2628 605 2691 pedum
631 2645 662 2676 x
689 2629 763 2676 vel
790 2628 934 2676 circa.
966 2631 1034 2677 De
1060 2629 1204 2692 plano
1234 2627 1451 2692 predicto
1479 2626 1649 2691 majori
1677 2626 1912 2674 ascende—

129 2708 270 2757 batur
294 2726 383 2774 per
408 2711 619 2774 quinque
649 2712 827 2776 gradus
855 2712 916 2760 ad
943 2712 1138 2776 planum
1171 2711 1377 2770 tribune,
1414 2711 1542 2773 quod
1574 2715 1738 2758 tamen
1764 2709 1909 2757 etiam

128 2790 216 2840 fuit
246 2798 386 2842 extra
420 2794 573 2858 ipsam
606 2795 847 2844 tribunam
884 2795 1165 2860 ampliatum
1198 2810 1285 2859 pro
1326 2794 1605 2858 capacitate
1632 2793 1851 2842 locorum
1897 2810 1905 2839 :

109 2875 261 2938 *quod
291 2876 487 2941 planum
523 2872 712 2927 tribune
745 2884 846 2928 erat
877 2876 1190 2943 longitudinis
1223 2894 1319 2926 an
1352 2878 1531 2942 pedum
1567 2879 1618 2925 et
1645 2876 1909 2925 latitudinis

132 2975 283 3023 usque
319 2961 379 3009 ad
414 2961 588 3026 gradus
624 2963 787 3011 altaris
822 2963 1001 3027 pedum
1035 2979 1115 3011 xvl
1147 2979 1256 3011 cum
1293 2961 1509 3022 dimidio,
1550 2977 1633 3009 seu
1663 2961 1822 3024 juxta3
1864 2964 1910 3008 et

132 3042 279 3091 altare
301 3045 458 3094 adhuc
480 3046 756 3094 continebat
782 3047 931 3110 pedes
952 3063 1014 3094 xx
1033 3046 1108 3095 vel
1129 3047 1260 3094 circa
1284 3062 1293 3094 :
1320 3049 1429 3109 post
1447 3045 1601 3093 dictos
1621 3059 1738 3092 xvn1
1759 3042 1907 3107 pedes

130 3124 420 3188 incipiebant
452 3122 550 3177 tres
582 3130 758 3194 gradus
789 3130 970 3190 altaris,
997 3146 1200 3194 quorum
1223 3130 1388 3178 tertius
1409 3130 1607 3193 planum
1629 3126 1907 3176 continebat

128 3208 393 3256 latitudinis
415 3212 591 3274 pedum
617 3220 824 3276 quatuor
843 3230 954 3262 cum
985 3213 1200 3273 dimidio,
1229 3216 1277 3262 et
1295 3213 1616 3276 'longitudinis
1647 3211 1825 3275 pedum
1845 3226 1907 3257 xv

129 3307 237 3339 cum
259 3291 475 3353 dimidio,
500 3299 547 3342 et
572 3311 721 3360 prope
749 3298 976 3346 eumdem
1003 3300 1106 3346 erat
1132 3296 1278 3345 etiam
1307 3296 1455 3343 altare
1483 3295 1699 3358 ligneum
1725 3292 1904 3340 ibidem

125 3375 464 3439 compositum,
499 3382 546 3424 et
569 3378 831 3428 latitudinis
859 3380 1037 3444 pedum
1058 3380 1202 3427 trium
1225 3395 1335 3426 cum
1366 3378 1590 3435 di1nidio;
1621 3381 1731 3424 erat
1757 3376 1900 3423 etiam

127 3459 284 3523 posita
310 3458 358 3506 in
386 3459 527 3522 plano
559 3460 698 3524 primi
732 3463 907 3525 gradus
937 3478 1167 3511 ascensus
1198 3461 1360 3510 altaris
1392 3461 1608 3524 predella
1639 3458 1900 3508 altitudinis
