2216 3886
136 273 239 314 [Aout
266 272 358 310 1499]
566 270 734 307 RERUM
768 268 1070 306 URBANARUM
1104 267 1449 305 COMMENTARH.
1842 270 1914 306 557

207 375 343 423 Feria
364 373 593 431 secunda,
621 377 679 421 26
702 372 920 437 ejusdem
941 371 1120 419 mensis
1142 369 1347 435 augusti,
1373 370 1750 419 anniversarium
1773 388 1914 421 coro-

142 458 366 515 nationiS,
392 460 475 506 SS.
502 459 557 504 D.
580 459 636 504 N.
661 473 800 520 pape,
824 458 988 503 Rmus.
1013 459 1068 504 D.
1094 455 1350 503 cardinalis
1382 458 1636 518 Capuanus
1660 454 1917 503 celebravit

139 542 336 590 missam
359 541 624 589 solemnem
655 541 700 588 in
730 542 915 606 capella
943 543 1128 607 majore
1151 540 1335 606 palatii,
1358 542 1486 603 Papa
1511 541 1737 602 presente
1763 543 1812 587 et
1839 555 1917 586 xv¹

142 625 482 681 cardinalibus,
501 624 720 673 videlicet
744 626 1078 689 Neapolitano,
1097 643 1135 673 s.
1160 624 1348 689 Angeli,
1370 622 1727 682 Ulixbonensis,
1755 638 1793 669 s.
1813 622 1919 670 Cle-

143 708 341 766 mentis,
377 724 415 755 s.
455 708 699 765 Praxedis,
736 709 933 768 Ursino,
973 708 1320 766 Alexandrino,
1361 723 1400 754 s.
1438 705 1627 765 CruciS,
1661 705 1913 763 Gurcensi,

142 791 498 854 segobricensi,
523 791 836 854 Agrigentino
862 796 908 840 et
932 794 1192 850 Germano,
1220 793 1441 847 Senensi,
1466 788 1750 847 camerariO,
1773 790 1918 836 Cesa-

142 875 246 923 rino
269 880 314 923 et
338 874 528 938 Borgia.
554 874 707 922 Finita
735 874 883 922 missa
910 880 957 923 et
984 874 1275 938 paramentis
1307 874 1354 920 in
1388 887 1583 920 camera
1611 875 1921 935 paramento-

146 974 250 1006 rum
272 957 522 1021 depositis,
545 961 672 1021 Papa
692 958 872 1006 vocavit
901 958 961 1005 ad
989 973 1232 1005 cameram
1260 961 1496 1005 secretam
1519 973 1688 1005 omnes
1710 959 1916 1004 RRmos.

141 1041 424 1101 cardinales,
457 1041 537 1088 ubi
571 1041 701 1090 dedit
730 1041 975 1089 licentiam
1010 1045 1058 1088 et
1092 1040 1481 1089 benedictionem
1516 1056 1652 1088 suam
1687 1043 1824 1087 Rmo.
1862 1041 1915 1086 D.

142 1125 371 1173 cardinali
412 1125 610 1189 Borgia,
652 1125 730 1188 qui
771 1124 1016 1173 osculatus
1059 1129 1131 1172 est
1170 1124 1228 1172 de
1272 1139 1407 1172 more
1449 1123 1599 1187 pedes
1638 1128 1686 1171 et
1720 1138 1920 1171 manum

143 1212 292 1272 Pape;
317 1209 376 1256 ab
398 1208 570 1257 eodem
597 1208 657 1256 ad
679 1208 775 1256 oris
797 1208 1014 1256 osculum
1038 1212 1262 1271 receptus
1290 1212 1379 1266 est,
1406 1212 1454 1256 et
1475 1207 1586 1255 inde
1614 1207 1672 1255 ab
1695 1206 1919 1255 omnibus

141 1292 482 1351 cardinalibus,
507 1297 649 1355 prout
676 1291 1007 1354 collegialiter,
1033 1295 1167 1339 extra
1193 1295 1380 1354 portam
1401 1290 1624 1339 Viridarii
1653 1306 1739 1338 seu
1767 1307 1806 1337 s.
1832 1292 1923 1337 Pe-

141 1376 200 1423 tri
219 1390 353 1423 more
387 1375 526 1423 solito
557 1374 824 1422 associatus
855 1379 929 1422 est
951 1378 998 1422 et
1026 1379 1248 1439 receptus
1276 1390 1304 1421 a
1330 1373 1530 1437 singulis
1561 1374 1621 1420 ad
1653 1373 1750 1420 oris
1778 1389 1922 1421 oscu-

139 1458 254 1517 lum,
274 1464 321 1506 et
342 1458 411 1506 eis
430 1458 596 1522 gratiis
619 1457 769 1506 solitis
790 1458 1015 1521 peractis,
1036 1458 1282 1506 redierunt
1296 1458 1435 1522 juxta
1452 1462 1640 1521 portam
1661 1457 1722 1504 ad
1743 1456 1922 1505 Urbem

139 1542 425 1590 cardinales.
449 1544 555 1605 lpse
580 1545 741 1589 autem
772 1540 1027 1589 cardinalis
1050 1542 1226 1606 Borgia
1251 1542 1343 1589 iter
1370 1557 1511 1589 suum
1540 1541 1738 1604 arripuit
1760 1544 1923 1591 Vene-

145 1626 233 1674 tias
256 1631 302 1674 et
324 1626 441 1674 alias
458 1631 619 1690 partes
642 1641 727 1674 sue
747 1625 1020 1689 legationis,
1046 1626 1093 1672 in
1117 1626 1202 1674 Dei
1227 1625 1438 1674 nomine.
1465 1628 1790 1673 Recesserunt
1811 1641 1921 1672 cum

144 1725 202 1757 eo
222 1712 317 1756 BR.
341 1712 440 1757 DD.
460 1711 551 1757 ΡΡ.
578 1709 801 1757 Nicolaus
821 1709 1091 1770 Cesarinus,
1112 1714 1159 1758 et
1179 1710 1426 1758 Johannes
1449 1709 1720 1772 Ragusinus
1742 1710 1925 1758 archie-

149 1793 376 1856 piscopus
406 1792 791 1842 Vintimilliensis
832 1798 878 1840 et
906 1796 1171 1853 Vestanus,
1209 1799 1257 1842 et
1288 1794 1450 1857 plures
1484 1792 1562 1840 alii
1597 1792 1840 1856 episcopi,
1879 1798 1925 1840 et

144 1892 231 1939 per
258 1876 401 1925 breve
424 1879 481 1924 D.
507 1877 789 1925 Franciscus
810 1877 1005 1926 Brevius
1025 1878 1277 1943 episcopus
1297 1879 1577 1928 Cenetensis
1601 1883 1648 1927 et
1669 1881 1726 1926 D.
1753 1880 1921 1924 Petrus

145 1958 202 2007 de
222 1959 465 2020 Accolitis,
492 1960 681 2009 auditor
703 1965 804 2009 rote
826 1961 872 2008 in
896 1961 1110 2024 partibus
1134 1962 1344 2011 existens
1372 1964 1516 2012 etiam
1535 1961 1762 2011 eumdem
1784 1976 1920 2008 asso-

142 2042 344 2090 ciarunt.

208 2126 345 2175 Feria
367 2134 519 2185 sexta,
541 2132 601 2176 30
616 2127 728 2175 dicti
750 2128 931 2176 mensis
954 2129 1159 2192 augusti,
1178 2130 1236 2177 de
1260 2130 1603 2178 commissione
1627 2132 1916 2177 RRmorum.

143 2213 243 2258 DD.
279 2211 613 2270 cardinalium,
651 2218 966 2260 executorum
1003 2214 1278 2262 testamenti
1319 2214 1572 2262 cardinalis
1607 2231 1645 2262 s.
1682 2213 1918 2278 Dionysii,

145 2293 253 2341 dedi
276 2294 494 2342 cedulam
518 2294 832 2343 intimationis
854 2297 1164 2360 exequiarum
1193 2298 1411 2361 ejusdem
1433 2297 1687 2346 cardinalis
1709 2296 1923 2345 cursori-

146 2376 254 2435 bus,
276 2378 455 2425 tenoris
478 2379 742 2441 sequentis.

212 2462 277 2507 Ex
306 2466 439 2524 parte
468 2464 756 2509 RRmorum.
784 2466 883 2510 DD.
910 2464 1223 2512 cardinalium
1255 2466 1565 2514 Alexandrini
1597 2470 1644 2514 et
1672 2465 1918 2516 Senensis,

145 2549 192 2592 et
224 2547 277 2591 R.
318 2547 367 2592 P.
403 2548 459 2592 D.
497 2546 555 2593 de
588 2546 835 2604 Ferret-iis,
873 2547 1103 2595 auditoris
1142 2553 1268 2606 rote,
1301 2553 1611 2598 executorum
1648 2548 1922 2597 testamenti

147 2628 270 2675 bone
305 2628 538 2697 memorie
572 2629 826 2677 cardinalis
858 2647 896 2677 s.
923 2630 1154 2694 Dionysii,
1177 2632 1422 2680 intimetur
1452 2632 1651 2695 singulis
1686 2635 1742 2680 D.
1765 2631 1918 2679 cardi-

142 2711 237 2760 nali
271 2716 317 2759 et
359 2712 589 2775 magistro
627 2711 798 2760 domus
833 2715 917 2761 SS.
952 2716 1005 2761 D.
1041 2716 1096 2761 N.
1132 2730 1279 2779 pape,
1314 2716 1583 2764 oratoribus
1619 2714 1912 2779 principum,

143 2795 443 2844 auditoribus
480 2800 581 2844 rote
622 2801 669 2844 et
712 2796 815 2844 aliis
858 2797 1051 2861 prelatis
1094 2813 1343 2847 romanam
1389 2800 1591 2848 curiam·
1609 2799 1922 2862 sequentibus

145 2880 290 2943 quod,
316 2880 391 2928 die
421 2881 630 2929 crastina
661 2898 753 2945 que
782 2882 871 2930 erit
900 2882 1066 2930 ultima
1091 2884 1330 2947 presentis
1358 2883 1537 2932 mensis
1566 2882 1772 2947 augusti,
1796 2882 1924 2931 circa

144 2963 315 3011 horam
346 2979 408 3010 xn
445 2964 560 3012 fient
599 2965 799 3028 exequie
831 2966 1033 3029 predicti
1056 2967 1312 3015 cardinalis
1345 2968 1558 3016 defuncti
1589 2967 1638 3014 in
1660 2966 1856 3014 basilica
1880 2982 1918 3013 s.

144 3046 294 3104 Petri,
337 3047 382 3093 in
431 3048 618 3110 capella
657 3065 695 3096 s.
739 3050 1017 3097 Petronille..
1066 3049 1314 3098 Predictus
1355 3053 1520 3097 Rmus.
1566 3051 1622 3096 Ι).
1664 3047 1920 3095 cardinalis

141 3128 489 3176 Alexandrinus
528 3131 672 3179 faciet
713 3132 952 3191 officium,
988 3136 1034 3180 et
1068 3136 1123 3180 D.
1159 3133 1373 3196 Baptista
1409 3132 1610 3190 CasaHs,
1647 3134 1912 3186 Romanus,

150 3211 433 3260 orationem.

214 3295 440 3354 Sabbato,
469 3295 635 3345 ultima
664 3297 739 3347 die
768 3299 881 3347 dicti
913 3299 1092 3347 mensis
1119 3299 1326 3362 augusti,
1358 3298 1520 3345 habite
1557 3302 1667 3345 sunt
1698 3295 1917 3360 exequie,

143 3382 284 3442 prout
315 3378 558 3441 quondam
592 3381 844 3430 cardinalis
876 3399 914 3430 s.
951 3382 1182 3446 Dionysii,
1218 3382 1263 3428 in
1296 3381 1508 3439 basilica,
1541 3381 1586 3428 in
1617 3379 1802 3444 capella
1835 3397 1918 3427 su-
