2222 3926
130 336 236 377 [Mars
257 337 352 375 1496]
577 335 746 372 RERUM
781 334 1079 372 URBANARUM
1111 334 1462 371 COMMENTARH.
1839 337 1909 374 275

129 453 324 502 parvam
343 439 766 502 processionaliter
791 439 887 498 ubi,
921 434 1133 503 reposito
1156 443 1478 497 sacramente,
1502 437 1688 500 accepit
1705 438 1906 499 pluviale

131 521 335 573 rubrum
363 522 648 584 pretiosum,
686 526 733 570 et
773 522 1197 586 processionaliter
1234 521 1360 570 venit
1399 521 1459 568 ad
1490 522 1651 570 locum
1682 522 1907 569 benedic—

135 603 276 652 tionis
297 604 376 652 ubi
412 609 578 653 ventus
600 604 812 665 tandem,
838 605 1016 653 ibidem
1046 621 1191 669 super
1211 621 1321 653 eum
1351 604 1638 668 parandum,
1674 604 1797 651 lecta
1824 605 1909 651 suit.

132 687 262 734 bulla
297 687 794 737 anathematizationis
830 703 918 751 per
954 691 1008 736 D.
1042 687 1456 736 Aldobrandinum
1495 689 1738 745 Ursinum,
1769 687 1908 735 deca-

132 785 248 817 num
271 770 695 829 subdiaconorum,
723 777 769 821 et
795 772 941 820 latine
970 787 1058 836 per
1083 775 1275 820 Rmum.
1310 775 1364 821 l).
1397 772 1700 820 Cardinalem
1722 771 1908 820 Cesari-

132 868 248 901 num
278 855 553 918 vulgariter.
591 855 774 904 Deinde
805 858 931 919 Papa
964 856 1096 904 dedit
1130 857 1523 906 benedictionem
1558 858 1826 906 solemnem
1860 859 1907 903 et

130 938 371 1002 plenarias
392 938 715 1002 indulgentias
741 955 858 1002 quas
888 940 1144 1003 publicavit
1173 945 1338 989 Rmus.
1376 944 1431 988 D.
1458 940 1724 988 cardinales
1747 954 1908 986 came-

132 1021 284 1069 rarius
303 1021 467 1081 latine,
493 1027 540 1070 et
561 1022 815 1071 Cesarinus
837 1022 885 1069 in
899 1023 1099 1086 vulgari.

197 1105 313 1154 Inde
363 1109 491 1170 Papa
533 1106 663 1154 venit
707 1105 767 1152 ad
803 1120 1020 1153 cameras
1061 1122 1170 1153 suas
1217 1121 1363 1169 super
1407 1104 1702 1153 audientiam
1740 1104 1820 1152 ubi
1860 1104 1907 1151 in

132 1204 296 1236 earum
317 1189 488 1252 prima,
510 1190 646 1254 juxta
672 1189 820 1236 salam
848 1189 1104 1252 majorem,
1135 1188 1314 1236 ibidem
1344 1188 1456 1236 lavit
1475 1188 1624 1251 pedes
1653 1187 1908 1235 duodecim

130 1272 445 1336 pauperibus;
479 1273 555 1321 cui
581 1272 753 1321 lotioni
775 1272 1095 1320 interfuerunt
1110 1272 1301 1320 circiter
1321 1271 1597 1334 quindecim
1619 1271 1903 1327 cardinales,

131 1370 300 1404 omnes
331 1356 379 1403 in
406 1371 574 1405 eorum
604 1356 768 1421 cappis
795 1360 995 1415 stantes,
1027 1356 1223 1420 dempto
1257 1356 1359 1403 solo
1393 1355 1681 1403 cardinalis.
1713 1355 1906 1418 Georgii

129 1439 210 1502 qui
231 1439 424 1488 retinuit
445 1439 767 1488 dalmaticam.
791 1443 978 1503 Aquam
1002 1439 1224 1487 manibus
1253 1442 1379 1503 Pape
1414 1439 1593 1487 ibidem
1624 1438 1907 1486 ministravit

128 1521 414 1586 magnificus
454 1523 1112 1588 Hieronymus‘Sperandeo,
1169 1527 1332 1572 orator
1383 1523 1510 1587 regis
1548 1522 1849 1586 Neapolitani
1893 1539 1901 1569 ;

128 1607 427 1670 evangelium
452 1607 569 1655 dixit
595 1611 759 1656 Rmus.
792 1610 849 1655 D.
881 1607 1137 1656 cardinalis
1165 1624 1203 1656 s.
1238 1608 1453 1656 Severini
1481 1607 1561 1670 qui
1590 1609 1769 1669 Papam
1799 1610 1906 1669 post

127 1690 428 1754 evangelium
449 1690 744 1751 incensavit3
771 1695 818 1740 et
834 1691 926 1740 alia
946 1707 1079 1740 more
1102 1691 1243 1740 solito
1267 1694 1376 1739 sunt
1398 1691 1665 1739 observata.

194 1775 335 1823 Feria
370 1779 504 1823 sexta
537 1791 812 1838 parasceve,
849 1779 865 1823 1
907 1775 1088 1840 apriliS‚
1129 1777 1212 1824 SS.
1251 1779 1308 1823 D.
1349 1779 1532 1834 noster,
1576 1775 1625 1822 in
1662 1790 1813 1838 cappa
1845 1772 1902 1820 de

128 1858 333 1907 scarlato
354 1863 402 1907 et
431 1859 572 1907 mitra
602 1859 805 1923 simplici
839 1859 888 1907 in
915 1860 1029 1908 sede
1056 1863 1290 1923 portatuS,
1320 1860 1450 1908 venit
1475 1859 1536 1907 ad
1566 1859 1833 1923 cappellam
1858 1862 1903 1905 et

127 1941 290 1990 officio
315 1942 546 2000 interfuit,
570 1942 700 2006 quod
715 1941 973 1990 celebravit
994 1944 1158 1989 RmuS.
1185 1945 1241 1989 D.
1267 1943 1523 1991 cardinalis
1545 1959 1583 1990 s.
1610 1941 1869 1990 Clementis
1891 1959 1897 1987 :

126 2025 402 2089 passionem
420 2026 642 2075 dixerunt
661 2026 892 2074 diaconus
919 2026 1103 2090 capelle
1132 2041 1240 2073 cum
1271 2027 1458 2075 duobus
1486 2026 1780 2085 cantoribus,
1807 2040 1902 2073 ser—

125 2125 321 2158 monem
363 2110 477 2158 fecit
515 2110 662 2158 frater
705 2110 951 2174 Philippus
992 2110 1316 2169 Florentinus,
1359 2126 1503 2158 cecus
1529 2114 1688 2169 natus,
1723 2109 1902 2157 ordinis

123 2191 469 2241 heremitarum
501 2209 539 2240 s.
570 2192 822 2256 Augustini
852 2191 1120 2256 professus,
1155 2209 1266 2241 cum
1298 2209 1475 2257 magna
1508 2193 1724 2241 omnium
1744 2192 1901 2240 laude.

123 2270 489 2325 Sacramentum
511 2276 570 2325 de
602 2291 748 2341 parva
774 2276 958 2340 capella
986 2277 1190 2340 portavit
1220 2279 1302 2325 SS.
1341 2280 1397 2325 D.
1438 2282 1620 2336 noster,
1659 2277 1900 2325 cardinale

122 2376 161 2407 s.
197 2360 408 2424 Georgii,
444 2360 493 2407 in
531 2376 618 2408 suo
647 2359 916 2409 faldistorio
947 2360 1073 2424 apud
1108 2360 1257 2408 altare
1298 2362 1454 2425 majus
1485 2360 1681 2424 majoris
1718 2361 1900 2424 capelle

121 2444 279 2508 ipsum
301 2449 603 2507 expectante.

190 2529 240 2574 ln
269 2527 568 2587 adoratione,
604 2531 733 2592 Papa
763 2529 932 2577 obtulit
969 2545 1064 2577 xxv
1097 2529 1299 2578 ducatos
1330 2521 1379 2576 in
1412 2545 1531 2577 auro
1564 2530 1725 2593 largos
1753 2542 1901 2576 novos

123 2610 196 2659 sui
218 2612 359 2659 cunei
382 2611 441 2659 ab
453 2627 548 2660 uno
563 2611 713 2660 latere
732 2614 877 2660 ALEx.
895 2615 974 2670 VI,
995 2615 1142 2661 PONT.
1162 2616 1313 2671 MAx.‚
1333 2613 1392 2661 ab
1406 2613 1499 2660 alia
1514 2612 1750 2676 imagines
1768 2627 1902 2659 sanc-

122 2700 282 2743 torum
302 2695 426 2743 Petri
459 2694 680 2755 et'Pauli,
705 2711 839 2744 arma
861 2699 988 2760 Pape
1010 2696 1263 2756 habenteS,
1289 2701 1484 2744 centum
1512 2696 1732 2743 carlenos
1752 2711 1900 2759 papa-

120 2777 191 2827 les
211 2778 284 2827 vel
305 2778 448 2826 circa.
481 2781 600 2827 Tota
625 2779 803 2828 oblatio
825 2779 912 2827 fuit
933 2780 1124 2828 circiter
1136 2780 1384 2844 octoginta
1398 2780 1608 2843 quinque
1628 2780 1829 2828 ducatos
1851 2780 1896 2826 in

120 2876 237 2910 auro
268 2877 278 2908 ε
317 2861 562 2925 sexaginta
596 2849 809 2925 quinque
842 2860 1034 2910 fuerunt
1069 2863 1115 2910 in
1149 2878 1266 2911 auro
1303 2858 1894 2919 diversorum'armoruni,

122 2949 360 2994 restantes
381 2945 547 3009 viginti
574 2945 620 2993 in
645 2946 850 2995 carlenis
873 2951 920 2996 et
942 2947 1045 2995 aliis
1077 2948 1283 2996 monetis
1309 2963 1318 2995 ε
1342 2946 1537 3010 quilibet
1555 2946 1895 3010 magistrorum

121 3028 504 3077 ceremoniarum
523 3028 690 3077 habuit
714 3029 913 3078 ducatos
940 3031 1172 3079 tredecim
1194 3031 1242 3078 in
1267 3046 1384 3078 auro
1401 3035 1449 3078 et
1466 3030 1686 3078 carlenos
1705 3045 1892 3077 novem.

125 3112 220 3159 sive
242 3126 410 3159 eorum
437 3111 666 3160 valorem.
701 3112 897 3161 Clericis
926 3114 1109 3177 capelle
1139 3114 1422 3162 donavimus
1451 3113 1510 3161 de
1542 3107 1897 3161 eorum‘massa

120 3194 246 3243 ultra
266 3209 416 3241 unum
437 3194 666 3244 ducatum
691 3211 701 3244 :
729 3213 940 3261 ungarus
959 3197 1047 3246 fuit
1068 3197 1237 3256 falsus,
1262 3197 1342 3261 qui
1365 3197 1543 3244 mansit
1572 3195 1698 3258 apud
1722 3195 1894 3243 sacris-

122 3279 255 3334 tiam,
290 3277 348 3325 de
376 3293 472 3340 quo
499 3278 637 3326 nobis
664 3284 852 3343 partem
872 3281 1030 3330 facere
1062 3281 1221 3329 debet.
1259 3281 1583 3328 lntersuerunt
1605 3279 1768 3339 viginti
1801 3278 1894 3324 duo

122 3360 407 3419 cardinales,
448 3360 668 3410 videlicet
701 3379 711 3410 ε
748 3363 1109 3427 Neapolitanus,
1147 3381 1183 3411 s.
1210 3363 1379 3426 Angeli
1412 3367 1458 3410 et
1493 3362 1890 3409 Rachanatensis.

121 3444 358 3508 episcopi;
405 3461 444 3491 s‘.
497 3444 774 3504 Clementis,
801 3447 1092 3503 Parmensis,
1124 3463 1162 3493 s.
1193 3444 1437 3495 Praxedis.
1472 3445 1646 3491 Montis
1685 3443 1889 3504 Regalis.
