2228 3938
133 367 343 409 [Decembre
364 365 460 405 1492]
580 359 750 398 RERUM
783 357 1089 399 URBANARUM
1125 357 1477 396 COMMENTARII.
1877 363 1923 398 27

136 468 382 517 Johannes
400 465 459 514 de
478 465 527 513 la
544 466 688 513 Serra
707 466 872 512 orator
891 461 1022 525 regis
1044 461 1270 520 Francie,
1293 464 1342 509 et
1365 460 1522 508 affinis
1545 463 1690 524 Pape.
1716 464 1759 508 Is
1781 462 1924 511 debe-

137 553 218 601 bat
238 551 299 600 ad
315 549 578 599 secundam
596 547 805 608 dedisse,
831 551 879 596 et
900 547 1057 595 dictus
1082 546 1179 595 dux
1200 547 1260 594 ad
1275 545 1485 605 tertiam,
1510 549 1677 594 tamen
1695 545 1763 593 sic
1778 546 1925 594 voluit

137 635 376 700 pontifex;
406 634 465 681 ad
487 636 707 696 quartam
730 631 860 679 lllus.
883 633 941 679 D.
968 630 1260 679 Fridericus.

198 718 336 767 Feria
371 721 557 781 quarta,
600 719 661 764 26
695 715 989 775 decembris,
1030 714 1157 763 festo
1191 731 1230 762 s.
1268 714 1502 778 Stephani
1537 713 1920 779 protomartyris,

131 805 296 850 Rmus.
331 804 390 849 D.
419 798 676 848 cardinalis
713 814 752 846 s.
784 797 1038 846 Anastasie
1073 797 1338 846 celebravit
1369 797 1570 846 missam
1601 797 1845 862 publicam
1871 797 1921 845 in

129 885 315 950 capella
341 885 525 948 majore
555 882 739 947 palatii,
774 884 908 945 Papa
936 885 1184 945 presente.
1221 881 1504 930 Orationem
1534 881 1651 930 fecit
1679 884 1737 929 D.
1763 881 1926 929 Domi-

132 970 270 1017 nicus
320 968 515 1031 Crispus
560 964 872 1013 pistoriensis
926 965 1129 1012 scutifer
1170 965 1286 1013 olim
1327 964 1586 1013 cardinalis
1631 963 1921 1022 Aleriensis,

130 1051 276 1100 modo
296 1053 460 1099 autem
482 1047 739 1098 cardinalis
760 1046 938 1096 Montis
961 1047 1173 1112 Regalis,
1208 1050 1338 1112 Papa
1362 1048 1508 1097 exivit
1541 1063 1787 1096 cameram
1813 1062 1924 1095 cum

134 1135 282 1184 tribus
306 1132 650 1192 cardinalibUS,
674 1135 839 1181 tamen
861 1131 1036 1180 deinde
1064 1135 1446 1196 supervenerunt
1467 1131 1567 1190 alii,
1596 1134 1644 1179 et
1670 1130 1731 1178 ob
1759 1129 1924 1178 defec-

129 1223 230 1268 tum
254 1216 448 1275 nobilis,
481 1215 688 1279 portavit
717 1215 934 1263 fimbrias
967 1215 1201 1279 pluvialis.
1223 1218 1351 1278 Pape
1379 1214 1676 1278 posteriores
1705 1216 1763 1262 D.
1801 1215 1925 1278 epis-

132 1317 281 1366 copus
301 1299 657 1348 Alexandrinus
679 1299 912 1348 assistens
933 1315 962 1347 a
981 1315 1176 1348 camera
1196 1299 1256 1348 ad
1277 1298 1515 1363 capellam
1538 1315 1548 1357 ;
1574 1298 1624 1345 in
1647 1298 1923 1346 reversione

131 1390 311 1445 autem,
330 1383 535 1449 portavit
553 1399 636 1432 eas
652 1388 817 1432 orator
828 1385 1065 1433 Venetus,
1083 1383 1190 1431 Alia
1208 1398 1345 1432 more
1362 1382 1503 1431 solito
1520 1387 1630 1430 sunt
1650 1382 1920 1430 observata.

196 1469 335 1519 Feria
355 1469 538 1533 quinta,
561 1469 686 1517 festo
709 1484 747 1516 s.
772 1468 1006 1517 Johannis
1028 1468 1234 1533 apostoli
1251 1471 1300 1516 et
1314 1466 1627 1531 evangeliste,
1647 1470 1705 1514 27
1726 1466 1924 1515 decem-

131 1552 249 1612 bris,
279 1555 446 1601 Rmus.
479 1554 536 1600 D.
568 1551 826 1600 cardinalis
855 1554 1225 1601 Beneventanus
1255 1551 1516 1601 celebravit
1545 1550 1745 1598 missam
1771 1549 1926 1614 publi-

132 1652 239 1686 cam
285 1636 337 1684 in
375 1635 561 1700 capella
608 1635 851 1699 predicta,
899 1638 1030 1699 Papa
1071 1640 1316 1699 presente.
1366 1636 1654 1683 Sermonem
1699 1632 1816 1682 fecit
1861 1636 1919 1681 D.

133 1720 415 1769 Franciscus
436 1718 736 1779 Narniensis,
761 1718 965 1768 scutifer
985 1719 1113 1767 Rmi.
1141 1722 1198 1771 D.
1225 1718 1485 1767 cardinalis
1504 1716 1786 1766 Aleriensis.

199 1805 283 1853 SS.
319 1806 378 1852 D.
414 1806 582 1851 noster
625 1803 804 1852 iterum
844 1802 987 1852 exivit
1027 1818 1138 1851 cum
1177 1807 1384 1867 quatuor
1424 1801 1780 1861 cardinalibuS,
1817 1801 1922 1849 aliis

135 1887 311 1937 deinde
348 1886 816 1951 supervenientibus.
870 1886 1106 1934 Fimbrias
1156 1885 1378 1950 pluvialis
1429 1888 1557 1949 Pape
1600 1884 1918 1949 posterioreS,

132 1974 331 2036 propter
345 1970 588 2018 defectum
607 1969 801 2029 nobilis,
826 1969 1032 2033 portavit
1052 1969 1448 2033 archiepiscopus
1470 1968 1761 2017 Cusentinus
1778 1968 1920 2017 assis-

133 2059 257 2103 tens.
286 2053 391 2101 Alia
417 2053 671 2100 observata
692 2055 803 2101 sunt
822 2068 960 2101 more
983 2052 1141 2101 solito.

195 2140 448 2188 Venerunt
465 2130 794 2200 superioribus
809 2136 996 2196 diebus,
1020 2136 1070 2184 in
1090 2153 1122 2184 x
1137 2136 1212 2184 vel
1227 2135 1422 2185 circiter
1442 2136 1632 2195 diebus,
1655 2151 1714 2184 ex
1729 2135 1919 2183 civitate

131 2219 517 2270 Barchinonensi
538 2234 661 2268 nove
683 2219 983 2268 serenissimi
1001 2219 1363 2268 Ferdinandum
1386 2219 1730 2283 Hispaniarum
1751 2234 1920 2283 regem

132 2322 191 2354 ex
210 2304 388 2369 palatio
416 2303 626 2367 quodam
653 2319 743 2367 per
765 2304 943 2368 gradus
970 2303 1370 2363 descendentem,
1396 2303 1472 2352 die
1496 2308 1521 2351 7
1545 2304 1690 2368 hujus
1715 2303 1916 2361 mensiS,

131 2408 159 2440 a
191 2390 400 2455 quodam
430 2389 631 2454 rustico,
673 2404 789 2439 ense
822 2389 873 2437 in
906 2388 1084 2436 collum
1113 2388 1321 2452 graviter
1344 2403 1632 2452 percussum
1659 2387 1828 2444 fuisse,
1853 2388 1920 2435 ita

131 2475 261 2539 quod
293 2490 378 2524 sex
402 2474 592 2539 punctis
625 2474 795 2522 vulnus
825 2462 986 2536 ipsum
1015 2477 1178 2520 sutum
1210 2472 1372 2531 fuerit,
1405 2487 1461 2521 ac
1495 2471 1730 2520 rusticum
1764 2471 1919 2519 delin-

130 2562 360 2622 quentem
381 2558 566 2607 duobus
586 2558 862 2607 vulneribus
884 2573 912 2605 a
926 2557 1236 2606 servitoribus
1254 2557 1381 2621 regis
1399 2571 1702 2620 percussum,
1726 2561 1918 2620 captum

132 2657 238 2691 esse
260 2641 340 2708 (1).
366 2646 435 2691 Ac
461 2642 635 2691 deinde
666 2641 716 2689 in
741 2641 910 2706 paucis
940 2640 1045 2689 aliis
1081 2640 1251 2689 diebus
1283 2641 1413 2691 venit
1449 2639 1543 2688 alia
1574 2655 1711 2699 nova,
1751 2656 1918 2704 regem

178 2779 211 2815 1.
239 2777 363 2815 Pierre
382 2779 532 2826 Martyr,
555 2778 648 2814 dans
668 2788 740 2814 une
759 2776 863 2814 lettre
882 2779 904 2814 a
923 2777 1174 2825 l’archeveque
1194 2777 1239 2814 de
1259 2777 1439 2822 Grenade,
1454 2777 1575 2814 donne
1592 2776 1771 2825 quelques
1785 2776 1916 2814 details

133 2849 197 2876 sur
215 2842 273 2875 cet
291 2841 447 2875 attentat
468 2848 477 2874 z

304 2943 322 2962 «
342 2930 384 2965 P.
407 2929 457 2966 M.
480 2927 527 2963 A.
549 2929 599 2965 M.
621 2927 671 2964 ad
689 2927 860 2964 Comitem
882 2927 1055 2964 Tendillae
1073 2931 1107 2963 et
1125 2926 1452 2974 Archiepiscopum
1473 2927 1749 2966 Granatensem.

181 3022 267 3055 α’...
295 3015 564 3054 Ferdinandum
606 3028 690 3054 vero
715 3017 864 3066 plenum
894 3016 1103 3066 triumphiS‚
1129 3017 1239 3054 homo
1265 3016 1459 3066 inglorius,
1488 3017 1654 3066 ignotus,
1684 3027 1815 3065 egens,
1837 3016 1916 3054 solo

133 3076 264 3115 ductus
290 3078 422 3123 furore,
449 3076 592 3125 Regem
619 3088 728 3125 quem
754 3088 942 3125 nunquam
966 3077 1122 3123 viderat,
1141 3076 1307 3125 impetiit.
1335 3077 1372 3113 Is
1399 3080 1507 3114 natus
1535 3077 1610 3113 ruri
1636 3088 1658 3113 a
1678 3076 1908 3113 Barchinona

133 3133 230 3171 milia
247 3147 425 3183 passuum
443 3147 586 3181 novem,
609 3135 755 3173 nomine
775 3135 1036 3184 Cagnamares,
1054 3135 1118 3173 ubi
1135 3137 1357 3173 adventasse
1370 3148 1496 3185 regem
1516 3135 1648 3179 sensit,
1661 3134 1755 3172 clam
1775 3147 1816 3172 se
1830 3147 1915 3172 con-

137 3192 219 3229 tulit
241 3193 279 3228 in
303 3193 437 3231 Urbem
462 3195 741 3233 Barchinonam.
765 3195 864 3233 Intra.
882 3195 974 3232 divae
994 3195 1119 3233 Mariae
1139 3195 1326 3241 sacellum,
1347 3195 1386 3232 in
1412 3195 1527 3244 Regie
1546 3195 1681 3233 veteris
1702 3194 1912 3240 vestubulo,

135 3252 182 3289 ad
208 3251 370 3288 dextram
397 3252 664 3291 introeuntibus
692 3258 824 3301 erecto,
850 3254 1031 3292 exiturum
1054 3255 1208 3304 Regem,
1236 3255 1298 3303 qui
1314 3255 1399 3303 jura
1416 3255 1468 3291 ibi
1494 3255 1651 3302 dicebat,
1675 3256 1914 3293 deambulans

136 3315 336 3359 exspectat.
358 3311 520 3349 Efficitur
536 3313 665 3351 obvius
683 3315 842 3360 exeunti,
865 3315 1021 3352 transire
1040 3315 1180 3364 Regem
1199 3314 1464 3364 aliquantisper
1484 3315 1569 3352 sinit
1591 3316 1874 3353 descendentem
1895 3327 1916 3351 a

135 3369 251 3419 primo
270 3381 478 3406 marmoreae
498 3371 602 3408 scalae
623 3373 738 3420 gradu
758 3375 805 3411 ad
831 3375 1047 3420 secundum,
1069 3386 1115 3412 ex
1134 3374 1220 3421 alto,
1240 3375 1381 3413 vibrato
1401 3375 1496 3412 dioto
1522 3376 1628 3412 citius
1649 3388 1751 3422 ense,
1774 3387 1795 3412 a
1814 3380 1917 3423 tergo

133 3428 291 3476 percutit
309 3428 346 3464 in
366 3427 511 3475 collum,
529 3441 600 3477 qua
624 3436 733 3479 eaput
758 3432 810 3469 illi
834 3434 1052 3472 annectitur.
1070 3435 1214 3471 Aureus
1242 3435 1395 3483 torquiS,
1414 3439 1630 3484 perpetuum
1655 3435 1771 3484 Regis
1791 3439 1914 3482 gesta-

135 3499 232 3533 men,
253 3499 299 3524 ne
319 3491 427 3536 caput
447 3492 694 3536 amputaretur
714 3503 757 3527 eo
776 3486 864 3538 ictu,
885 3496 1025 3530 tutatus
1046 3497 1116 3540 est,
1137 3495 1321 3542 ictumque
1344 3495 1533 3540 sustinuit,
1547 3493 1680 3531 lethale
1700 3498 1820 3530 tamen
1833 3491 1913 3528 vul-
