2216 3886
142 322 342 363 [Μ311498]
581 319 751 357 RERUM
783 318 1084 356 URBANARUM
1119 318 1468 358 COMMENTARH.
1849 324 1917 361 473

144 426 274 474 tione
296 424 569 473 Sanctitatis
590 428 745 472 vestre
760 439 771 481 ;
789 427 1009 471 cessante
1025 421 1153 470 enim
1169 437 1333 480 causa,
1351 438 1542 472 cessare
1565 439 1755 489 quoque
1771 426 1913 475 debet

145 509 363 557 effectus.
392 511 510 558 Cum
534 508 696 572 igitur,
722 505 998 556 beatissime
1026 510 1178 570 pater,
1208 510 1394 555 constet
1423 508 1586 556 omnia
1609 524 1700 572 que
1730 511 1919 559 Sancti-

145 592 228 641 tati
264 596 418 641 vestre
449 595 677 655 suggesta
708 594 819 639 sunt
848 605 954 638 esse
984 589 1102 637 falsa
1128 593 1176 638 et
1205 607 1234 638 a
1258 592 1497 654 perversis
1530 593 1807 641 hominibus
1841 594 1920 657 qui

146 680 355 739 querunt
374 675 585 722 animam
606 688 766 722 meam
786 689 892 723 esse
915 679 961 722 et
981 674 1127 722 fuisse
1151 674 1271 723 falso
1293 676 1515 734 conficta,
1540 676 1621 740 qui
1648 692 1726 726 me
1748 693 1806 725 ex
1827 678 1919 726 hac

150 758 266 807 urbe
296 758 483 806 astutiis
504 758 603 805 suis
630 757 828 822 cupiunt
850 757 1076 817 educere,
1101 774 1197 806 non
1225 763 1277 806 ut
1302 759 1489 807 veniam
1517 760 1576 807 ad
1596 760 1745 824 pedes
1774 762 1923 809 Sanc-

149 842 297 891 titatis
323 848 498 902 vestre,
531 854 700 892 coram
726 858 820 906 qua
848 842 1005 891 sciunt
1033 857 1111 891 me
1142 842 1304 890 omnia
1332 848 1497 891 nostra
1524 844 1662 892 facile
1694 845 1923 894 defensu-

150 942 275 986 rum,
306 926 392 976 sed
421 931 472 974 ut
495 942 573 974 me
602 925 892 974 interficiant
922 925 970 972 in
997 925 1188 984 itinere,
1219 926 1479 974 ambitione
1508 943 1594 975 sua
1620 929 1922 992 tyrannidem

151 1011 432 1059 affectantes
457 1026 466 1058 ε
491 1025 588 1058 11011
607 1008 932 1072 indignabitur
953 1009 1191 1057 Sanctitas
1211 1013 1367 1057 vestra
1397 1009 1706 1059 defensiones
1733 1017 1924 1061 nostras

151 1094 229 1158 pie
248 1092 503 1142 admittere
525 1097 574 1140 et
588 1108 677 1140 nos
691 1092 851 1155 potius
866 1092 1126 1156 prudentes
1147 1108 1289 1155 quam
1307 1092 1351 1140 in
1372 1093 1920 1159 obedientesappellare,

152 1178 268 1224 dum
295 1176 488 1225 interim
516 1175 907 1240 supersedemus,
936 1180 987 1223 ut
1015 1175 1338 1239 intelligamus
1360 1177 1634 1225 Sanctitatis
1663 1183 1818 1227 vestre
1839 1179 1925 1227 be-

152 1261 347 1324 nignam
382 1260 747 1324 responsionem
774 1263 820 1307 et
843 1259 903 1307 ab
926 1258 1203 1323 hujusmodi
1230 1260 1586 1322 gravaminibus
1611 1260 1813 1309 liberam
1839 1263 1924 1310 ab-

154 1343 472 1403 solutionem;
508 1358 622 1390 nam
657 1342 926 1391 doctrinam
964 1341 1090 1390 hanc
1125 1357 1154 1390 a
1187 1341 1613 1405 predecessoribus
1650 1344 1925 1392 Sanctitatis

153 1431 309 1476 vestre
339 1432 386 1475 et
410 1425 688 1475 doctoribus
714 1426 912 1486 sanctiS,
938 1426 1160 1474 videlicet
1187 1425 1424 1489 theologis
1449 1429 1496 1474 et
1520 1427 1783 1475 canonistis
1804 1427 1927 1474 didi-

154 1512 325 1560 cimus.
352 1511 486 1560 Unde
508 1511 633 1558 inter
662 1510 754 1559 alia
777 1509 927 1557 multa
947 1524 1051 1572 que·
1069 1508 1267 1572 allegari
1295 1514 1513 1572 possent,
1540 1509 1815 1573 specialiter
1834 1510 1927 1558 hoc

155 1600 303 1661 patet,
331 1594 455 1643 sicut
480 1594 623 1660 plene
652 1593 782 1642 novit
807 1592 1046 1641 Sanctitas
1070 1597 1245 1651 vestra,
1269 1597 1320 1642 ut
1340 1593 1389 1640 in
1406 1593 1700 1657 preallegato
1721 1594 1929 1658 capitulo

156 1678 440 1739 scribentes,
475 1662 524 1726 et
564 1677 774 1726 maxime
812 1692 898 1741 per
938 1679 994 1724 D.
1032 1676 1253 1724 Felinum
1292 1677 1671 1737 Ferrariensem,
1709 1677 1930 1741 ejusdem

158 1762 434 1825 Sanctitatis
466 1766 623 1810 vestre
650 1761 1006 1810 benemeritum
1037 1760 1307 1809 auditorem
1337 1761 1432 1819 cui,
1454 1761 1545 1808 nisi
1566 1761 1658 1809 hec
1680 1761 1930 1809 notissima

159 1852 339 1907 essent,
362 1846 410 1894 in
429 1845 582 1894 literis
602 1844 909 1909 presentibus
933 1860 991 1892 ea
1014 1843 1487 1908 subscripsissemus.

227 1929 366 1987 Quod
385 1933 548 1977 autem
569 1928 733 1976 omnia
752 1943 843 1992 que
866 1928 1088 1991 superius
1110 1928 1389 1991 scripsimus
1412 1944 1522 1977 vera
1549 1930 1660 1987 sint,
1684 1929 1762 1976 ubi
1790 1945 1932 1993 opor-

162 2017 274 2073 teat,
287 2028 386 2060 non
401 2012 492 2060 erit
503 2010 699 2059 difficile
715 2011 854 2060 nobis
868 2011 1093 2076 probare.
1116 2012 1352 2060 Sanctitas
1368 2016 1526 2061 vestra
1540 2012 1696 2061 mittat
1712 2028 1859 2060 unum
1876 2029 1932 2060 ex

161 2096 260 2144 suis
281 2095 523 2154 fidelibus,
548 2094 700 2142 virum
713 2095 898 2158 justum
920 2100 968 2143 et
988 2111 1085 2143 non
1109 2100 1406 2159 suspectum,
1427 2100 1473 2144 et
1489 2096 1616 2143 clare
1636 2097 1695 2143 ab
1713 2097 1934 2144 universo

159 2179 337 2244 populo
351 2178 527 2243 poterit
549 2177 822 2237 certificari,
839 2183 886 2227 et
901 2195 992 2243 ego
1010 2184 1203 2243 paratus
1225 2195 1332 2227 sum
1356 2179 1405 2226 in
1433 2179 1656 2226 omnibus
1676 2180 1935 2228 emendare

161 2280 238 2313 me
262 2264 438 2327 ipsum,
456 2263 747 2327 ubicumque
773 2279 900 2319 erro,
921 2269 970 2311 et
983 2262 1174 2327 publice
1202 2278 1367 2310 coram
1390 2263 1566 2326 populo
1588 2264 1809 2311 universo
1831 2279 1936 2311 om-

159 2348 240 2396 nia
253 2353 412 2396 errata
432 2363 542 2395 mea
561 2362 805 2396 revocare.
830 2347 1063 2411 Dignetur
1083 2347 1320 2395 Sanctitas
1342 2350 1499 2394 vestra
1522 2334 1639 2394 mihi
1662 2346 1935 2409 significarf¹

162 2430 277 2495 quid
291 2445 350 2478 ex
371 2431 594 2479 omnibus
614 2446 708 2494 que
730 2431 900 2495 scripsi
922 2430 995 2479 vel
1010 2430 1104 2478 dixi
1127 2430 1188 2478 sit
1204 2430 1544 2490 revocandum,
1564 2436 1610 2478 et
1627 2446 1717 2494 ego
1733 2430 1938 2478 1111111311-

165 2513 346 2562 tissime
363 2512 559 2571 faciam;
578 2528 691 2560 nam
707 2518 754 2560 et
767 2512 862 2561 hac
882 2513 983 2561 vice
1001 2517 1048 2562 et
1065 2528 1275 2577 semper,
1294 2514 1417 2561 sicut
1434 2514 1595 2577 sepius
1610 2513 1706 2560 dixi
1722 2529 1776 2561 ac
1793 2514 1936 2562 etiam

163 2596 350 2660 scripsi,
366 2611 444 2645 me
459 2596 618 2660 ipsum
633 2600 682 2644 et
700 2597 865 2644 omnia
882 2612 991 2645 mea
1011 2597 1139 2645 dicta
1159 2601 1206 2645 et
1227 2597 1406 2660 scripta
1423 2596 1624 2660 subjicio
1646 2597 1935 2645 correctioni

164 2683 328 2727 sancte
351 2693 549 2726 romane
571 2677 786 2726 Ecclesie
808 2682 856 2726 et
877 2678 1127 2727 Sanctitati
1147 2683 1322 2739 vestre,
1355 2680 1431 2728 cui
1454 2695 1648 2744 semper
1675 2696 1752 2727 me
1780 2680 1937 2744 ipsum

163 2767 212 2810 et
231 2761 403 2810 fratres
428 2775 564 2810 meos
587 2761 807 2826 ejusdem
824 2761 1028 2826 pedibus
1048 2766 1313 2826 prostratus
1343 2762 1602 2826 plurimum
1627 2762 1934 2810 commendo.

164 2845 426 2904 Florentie,
456 2861 515 2892 ex
547 2849 783 2894 conventu
817 2846 968 2893 sancti
999 2846 1165 2905 Marci,
1193 2846 1269 2894 die
1299 2846 1533 2910 vigesima
1562 2861 1690 2894 nona
1724 2851 1938 2910 septem-

164 2929 263 2977 bris
279 2932 399 2978 1497
423 2931 508 2992 (1).
529 2929 846 2979 Beatitudinis
867 2935 1024 2979 vestre
1044 2936 1092 2979 et
1112 2930 1239 2978 filius
1261 2936 1308 2978 et
1324 2945 1505 2990 servus,
1531 2932 1582 2979 F.
1596 2930 1936 2994 Hieronymus.

231 3012 457 3073 Sabbato,
493 3016 552 3061 26
587 3013 701 3062 dicti
737 3013 918 3062 mensis
955 3014 1087 3073 maii,
1123 3014 1172 3061 in
1205 3029 1365 3072 mane,
1399 3014 1516 3062 obiit
1547 3014 1673 3062 bone
1704 3014 1938 3061 memorie

167 3099 223 3145 D.
255 3097 462 3146 Jacobus
493 3101 751 3163 Breuquet,
786 3098 1039 3162 episcopus
1070 3097 1336 3146 Nucerinus
1366 3098 1447 3160 qui
1479 3098 1525 3144 in
1559 3112 1667 3144 sero
1692 3096 1820 3143 illius
1845 3096 1937 3143 diei

167 3182 385 3242 portatus
399 3179 487 3229 fuit
502 3181 562 3228 ad
581 3180 826 3230 basilicam
842 3181 1072 3245 principis
1093 3181 1440 3244 apostolorum,
1460 3184 1506 3228 et
1524 3179 1704 3226 ibidem
1725 3179 1938 3242 sepultus

215 3330 248 3363 1.
275 3325 372 3361 Tous
403 3324 457 3361 les
485 3337 574 3363 mss.
609 3331 645 3363 et
674 3326 728 3364 les
766 3328 951 3376 imprimes
985 3328 1134 3374 (Eecard
1166 3333 1202 3364 et
1232 3326 1424 3372 Leibnitz),
1457 3326 1618 3362 donnent
1646 3331 1740 3362 cette
1773 3326 1855 3363 (late
1888 3327 1935 3362 du

166 3385 214 3421 29
234 3384 437 3433 septembre
464 3385 555 3421 1497
575 3385 662 3433 qu'il
687 3387 853 3423 convient
878 3387 923 3422 de
949 3386 1109 3433 corriger
1134 3398 1178 3422 en
1206 3386 1309 3423 1496.
1338 3385 1430 3431 Voy.
1455 3383 1487 3419 la
1507 3389 1590 3421 note
1616 3385 1662 3420 de
1689 3384 1825 3429 villari,
1857 3391 1880 3423 t.
1910 3387 1936 3425 Ι.

170 3444 229 3482 liv.
256 3445 317 3490 Ill,
340 3444 396 3480 ch.
421 3444 467 3489 V,
488 3455 523 3491 p.
549 3445 630 3488 434,
653 3457 689 3482 n.
711 3447 746 3483 2.
