2202 3926
163 330 248 372 [Mai
270 330 363 371 1494]
604 328 774 367 RERUM
806 327 1110 366 URBANARUM
1141 328 1490 368 COMMENTARII.
1871 337 1940 374 127

232 432 487 482 Credentia
517 448 603 497 pro
631 447 785 491 more,
812 430 989 479 tobalia
1009 446 1187 495 magna
1207 431 1268 480 ad
1298 435 1478 480 terram
1504 438 1734 496 cooperta
1760 438 1808 482 et
1828 452 1939 485 vasa

162 516 371 582 desuper
390 517 451 565 ad
468 520 707 576 ornatum,
729 519 777 564 et
797 514 906 575 alia,
929 514 1152 564 videlicet
1176 530 1187 562 :

228 605 333 650 Duo
372 601 611 650 flascones
640 599 803 664 magni
839 599 1027 663 argenti
1056 598 1281 647 inaurati.
1311 627 1375 634 —
1401 601 1507 647 Duo
1539 615 1715 663 magna
1749 600 1940 650 bucalia

162 689 392 750 argentea
420 685 516 733 sive
544 684 714 733 cantri.
745 712 810 720 --
836 687 942 732 Duo
969 683 1063 732 alia
1088 682 1277 730 bucalia
1302 682 1509 741 minora,
1534 682 1678 732 etiam
1711 688 1941 749 argentea

162 769 260 818 sive
293 768 465 817 cantri.
499 796 564 804 —
596 770 702 815 Duo
738 764 1029 814 candelabra
1060 781 1172 812 cum
1203 763 1536 813 luminaribus.
1570 794 1634 800 —
1666 766 1797 816 Calix
1829 784 1939 817 cum

160 857 338 917 patena
362 857 409 902 et
438 852 565 917 palla
596 866 652 898 ac
684 849 835 896 tribus
865 847 1036 896 hostiis
1063 848 1253 911 magnis
1273 864 1362 911 pro
1382 849 1565 912 probis,
1586 866 1641 898 ac
1668 867 1754 914 pro
1782 853 1941 901 cardi-

161 936 287 995 nale,
311 952 368 984 ac
388 935 542 983 tribus
563 949 649 998 pro
671 947 805 995 rege,
829 947 923 994 que
951 931 1044 978 sint
1069 931 1214 994 longe
1240 931 1454 980 minores
1481 948 1569 996 pro
1600 935 1940 986 communione

159 1025 206 1068 et
238 1019 420 1084 probis.
452 1046 516 1054 —
547 1015 770 1080 Ampulle
802 1030 888 1077 pro
918 1014 1028 1062 vino
1065 1018 1114 1062 et
1143 1030 1268 1077 aqua
1293 1029 1380 1078 pro
1418 1015 1675 1065 sacrificio.
1701 1046 1766 1054 —
1790 1021 1941 1069 Bursa

158 1119 269 1152 cum
304 1101 650 1166 corporalibus.
678 1128 742 1134 —
778 1098 1020 1147 Hostiaria
1048 1114 1157 1146 cum
1180 1098 1352 1146 hostiis
1386 1113 1445 1146 ex
1474 1114 1570 1162 qua
1598 1116 1685 1150 suo
1718 1105 1939 1167 tempore

159 1186 474 1235 extrahantur
517 1188 615 1232 tres
664 1182 824 1231 hostie
867 1180 1087 1245 superius
1136 1180 1410 1245 designate,
1456 1186 1505 1230 et
1548 1199 1693 1246 super
1736 1185 1939 1235 calicem

156 1275 419 1335 ponantur,
464 1268 561 1317 sive
604 1283 750 1331 super
794 1271 1037 1330 patenam.
1079 1293 1144 1300 —-
1182 1265 1488 1313 Turribulum
1534 1282 1646 1314 cum
1688 1268 1935 1329 naviceHa‚

157 1353 363 1403 cocleari
383 1356 431 1402 et
447 1352 665 1400 incenso.
682 1379 746 1386 —
767 1353 872 1398 Duo
893 1348 1068 1397 bacilia
1087 1352 1200 1412 apta
1218 1364 1304 1412 pro
1324 1348 1505 1397 lotione
1523 1365 1771 1411 manuum,
1790 1368 1938 1401 unum

156 1453 266 1486 cum
298 1453 440 1501 aqua,
477 1435 607 1484 aliud
633 1451 721 1498 pro
759 1432 1004 1482 ablutione
1037 1431 1334 1496 recipienda.
1365 1461 1429 1467 —
1465 1435 1679 1489 Quatuor
1710 1436 1937 1500 mappule

155 1521 254 1571 sive
273 1520 490 1570 mantilia
508 1536 594 1585 pro
622 1534 851 1566 manuum
873 1515 1194 1566 abstersione.
1216 1545 1279 1551 —
1300 1518 1458 1565 Taxea
1483 1533 1580 1565 una
1598 1522 1831 1582 argentea
1850 1535 1937 1583 pro

154 1605 332 1670 probra
351 1604 589 1654 facienda.
607 1633 671 1640 —
685 1603 896 1653 Medulla
915 1602 1053 1666 panis
1072 1618 1160 1666 pro
1180 1601 1361 1650 lotione
1381 1617 1613 1650 manuum
1629 1608 1740 1667 post
1753 1605 1938 1653 unctio-

154 1706 267 1739 nem
293 1689 439 1754 regis.
469 1718 534 1726 —
563 1692 669 1737 Duo
701 1704 814 1736 vasa
843 1687 940 1735 sive
973 1686 1163 1745 bacilia,
1187 1702 1338 1734 unum
1368 1702 1479 1734 cum
1511 1686 1640 1747 vino,
1668 1687 1799 1735 aliud
1826 1704 1936 1737 cum

155 1791 279 1838 aqua
294 1790 382 1838 pro
404 1773 643 1822 sacrificio
661 1777 709 1822 et
730 1773 993 1822 ablutione.
1012 1801 1075 1807 —
1089 1775 1186 1822 Vas
1205 1788 1317 1820 cum
1339 1771 1447 1820 oleo
1466 1772 1932 1824 cathecuminorum.

155 1886 218 1893 —
242 1857 445 1906 Bombix
470 1857 532 1905 ad
554 1856 802 1918 ligandum
833 1862 880 1904 et
914 1855 1263 1919 extergendum
1289 1855 1543 1904 brachium
1576 1857 1705 1921 regis
1734 1863 1784 1906 et
1809 1858 1937 1909 inter

155 1941 367 2006 spatulas
390 1945 500 2005 post
527 1941 807 1989 unctionem
831 1941 977 2004 regis.
1009 1969 1073 1976 --
1097 1940 1265 1989 Fascia
1297 1940 1358 1988 ad
1381 1941 1629 2004 ligandum
1659 1943 1933 1994 bombicem

155 2024 204 2072 in
232 2024 452 2073 brachio.
475 2052 540 2060 —
565 2027 662 2074 Vas
689 2040 800 2073 cum
829 2024 1120 2073 carbonibus
1147 2023 1425 2073 ardentibus
1454 2025 1542 2074 sub
1572 2026 1820 2076 credentia
1844 2044 1932 2091 pro

155 2108 419 2157 thuribulo.
438 2136 503 2142 —
529 2107 755 2156 Sandalia
776 2124 887 2156 cum
910 2108 1093 2172 caligis.

217 2192 379 2241 Altare
409 2194 604 2256 paretur
629 2191 847 2241 solemne
875 2207 986 2240 cum
1017 2191 1318 2240 candelabris
1351 2195 1399 2240 et
1422 2194 1494 2239 tot
1517 2190 1853 2252 luminaribuS,
1884 2198 1934 2243 et

153 2291 297 2325 cruce
318 2275 368 2324 in
389 2276 551 2325 medio
573 2281 619 2324 et
641 2275 876 2339 aliquibus
898 2274 1112 2338 reliquiis
1130 2291 1216 2338 pro
1235 2276 1408 2323 ornatu
1433 2291 1443 2323 ε
1469 2278 1516 2323 et
1536 2275 1746 2340 desuper
1765 2276 1813 2323 in
1833 2292 1933 2326 me-

151 2360 228 2409 dio
248 2367 492 2426 ponantur
512 2360 675 2410 omnia
690 2363 974 2425 paramenta
992 2359 1288 2423 pontificalia
1303 2358 1440 2407 rubei
1456 2358 1649 2419 coloriS,
1670 2359 1892 2409 videlicet
1917 2377 1927 2409 ε

216 2447 453 2495 Amictus.
487 2475 550 2482 -
582 2447 728 2496 Alba.
755 2475 820 2483 —
853 2445 1126 2510 Cingulum.
1155 2472 1219 2479 -—-
1247 2445 1373 2491 Crux
1400 2443 1675 2508 pastoralis.
1709 2472 1773 2480 —
1799 2445 1932 2494 Stola

151 2543 262 2577 cum
282 2529 524 2579 tunicella.
545 2558 606 2566 --
623 2530 908 2579 Dalmatica.
928 2557 993 2565 —
1009 2528 1282 2577 Chirotece.
1301 2555 1365 2563 -
1380 2527 1595 2576 Planete.
1614 2556 1677 2564 -—
1691 2529 1849 2578 Mitra.
1867 2558 1930 2565 —

149 2613 367 2661 Annulus
395 2614 700 2678 pontificalis.
722 2642 786 2650 —-
806 2613 950 2662 Mitra
967 2612 1205 2678 preciosa.
1232 2638 1297 2646 —-
1323 2611 1611 2675 Manipulus.
1634 2641 1699 2648 —
1726 2613 1864 2661 Ensis
1881 2613 1931 2661 in

151 2695 320 2760 vagina
338 2698 441 2761 regi
463 2698 665 2747 dandus.
680 2700 942 2746 —Corona
962 2696 1096 2760 regia
1116 2711 1226 2744 cum
1246 2710 1332 2743 suo
1354 2694 1549 2743 birreto.
1571 2723 1629 2732 —
1642 2698 1932 2745 pomum.—

153 2783 425 2847 Sceptrum.
452 2812 515 2820 —
534 2784 778 2834 Vexillum
802 2783 905 2849 regi
927 2782 1139 2832 dandum
1162 2781 1211 2830 in
1231 2780 1529 2830 investitura.
1553 2805 1616 2815 —-
1638 2783 1742 2829 Due
1762 2795 1925 2845 paceS.

217 2866 270 2913 In
300 2882 449 2916 cornu
479 2868 714 2932 evangelii
740 2871 1022 2934 paramenta
1044 2882 1130 2932 pro
1159 2864 1382 2920 diacono,
1406 2862 1628 2913 videlicet
1652 2879 1663 2912 2

219 2949 454 3001 AmictUS.
488 2980 552 2988 —-
581 2951 719 3001 Alba.
749 2980 814 2988 —
842 2951 1117 3016 Cingulum.
1153 2977 1218 2986 —-
1257 2948 1406 2998 Stola.
1443 2974 1507 2984 -—
1538 2947 1830 3012 Manipulus.
1871 2975 1930 2985 --

151 3036 433 3086 Dalmatica.

216 3121 270 3166 ln
290 3135 441 3168 cornu
463 3120 666 3185 epistole
687 3123 972 3184 paramenta
991 3133 1079 3183 pro
1101 3116 1416 3176 subdiacone,
1439 3112 1661 3164 videlicet
1687 3133 1696 3163 ε

215 3202 450 3251 Amictus.
475 3231 539 3240 -—
557 3204 693 3253 Alba.
718 3232 782 3240 —
803 3203 1076 3268 Cingulum.
1101 3228 1164 3238 -—-
1184 3199 1475 3264 ManipuIUS.
1496 3226 1560 3236 —
1580 3198 1840 3247 Tunicella.
1867 3227 1928 3234 -

154 3283 360 3333 Pluviale
387 3301 473 3348 pro
505 3287 752 3350 capellano
779 3286 925 3351 legati
955 3286 1230 3335 assistente.
1259 3311 1325 3319 —
1348 3281 1544 3330 Tobalia
1572 3283 1670 3330 sive
1703 3281 1930 3345 mappula

151 3382 238 3431 pro
253 3366 414 3415 mitra.
433 3395 497 3404 —
513 3367 719 3418 Pluviale
739 3385 826 3434 pro
848 3369 942 3417 alio
964 3368 1213 3433 capellano
1235 3364 1382 3429 legati
1397 3363 1620 3412 baculum
1634 3362 1926 3427 pastoralem

155 3456 365 3502 tenente.
397 3478 460 3488 —-
482 3452 685 3501 Baculus
705 3452 974 3516 pastoralis.
