2216 3886
170 308 269 347 [suin
292 308 383 348 1499]
615 306 785 344 RERUM
818 305 1121 343 URBANARUM
1154 305 1504 342 COMMENTARII.
1882 305 1952 341 545
2021 284 2025 289 ,

239 410 378 457 Feria
406 409 587 472 quinta,
631 413 686 457 13
718 408 857 473 junii,
890 408 1013 456 hora
1043 424 1370 472 vesperarum,
1407 407 1533 456 venit
1563 406 1623 455 ad
1659 407 1836 455 Urbem
1866 424 1953 471 per

175 498 360 556 portam
407 492 632 542 viridarii
682 492 955 556 spectabilis
1001 491 1069 539 vir
1120 495 1176 539 D.
1228 491 1465 540 Antonius
1503 491 1562 539 de
1601 490 1948 556 Malagonellis,

176 577 421 639 utriusque
446 576 564 640 juris
592 576 777 634 doctor,
805 576 1059 640 Magnifice
1081 575 1439 624 communitatis
1467 575 1741 624 Florentine
1772 579 1950 634 orator,

176 660 256 723 qui
292 665 516 724 receptus
548 660 634 708 fuit
663 676 689 707 a
723 659 914 707 familiis
946 662 1071 723 Pape
1101 665 1145 707 et
1175 659 1491 708 cardinalium
1519 663 1654 707 extra
1672 663 1881 723 portam,
1909 663 1955 707 et

175 743 285 791 inde
308 760 459 806 usque
482 743 542 791 ad
563 744 761 791 domum
779 743 1089 792 habitationis
1112 759 1195 791 sue
1218 743 1485 791 associatus
1508 743 1567 790 ab
1586 742 1788 791 eisdem.

239 827 467 885 Sabbato,
511 831 566 876 15
597 827 740 892 junii,
783 828 957 875 festum
1007 832 1286 875 sanctorum
1322 827 1417 876 Viti
1463 831 1510 875 et
1546 826 1768 886 Modesti,
1809 829 1864 873 R.
1908 826 1953 873 in

174 911 365 960 Christo
394 914 446 959 P.
479 914 535 959 D.
567 911 790 971 Jacobus,
822 911 1079 975 episcopus
1107 911 1366 969 Alatrinus,
1397 909 1628 973 magister
1657 909 1828 957 domus
1850 925 1958 958 car-

176 995 348 1043 dinalis
386 995 578 1043 Ascanii
618 994 1015 1053 vicecancellarii,
1060 994 1319 1043 celebravit
1357 994 1556 1041 missam
1602 992 1871 1041 solemnem
1910 993 1957 1041 in

176 1079 381 1128 ecclesia
407 1096 446 1127 5.
470 1079 568 1128 Viti
599 1079 644 1126 in
675 1079 878 1127 Macello
908 1081 1194 1142 Martyrum,
1219 1077 1527 1142 presentibus
1555 1082 1603 1126 et
1624 1077 1958 1126 interess'enti—

176 1163 264 1211 bus
293 1163 483 1211 RRmis.
510 1165 610 1211 DD.
637 1162 956 1210 cardinalibus
985 1180 1023 1210 s.
1050 1162 1329 1220 Clementis,
1354 1164 1695 1210 Beneventano
1726 1161 1807 1225 qui
1834 1161 1961 1210 venit

173 1252 282 1310 post
301 1247 345 1294 A
352 1264 479 1311 ymas
499 1247 609 1306 Dei,
633 1263 671 1295 S.
697 1248 943 1308 Praxedis,
972 1249 1161 1308 Ursino,
1185 1249 1527 1308 Alexandrino,
1555 1266 1592 1296 s.
1619 1248 1801 1307 Crucis,
1823 1247 1959 1311 Agri·

177 1331 391 1395 gentino,
426 1331 669 1391 Grimano,
703 1332 1015 1397 presbyteris,
1051 1333 1337 1391 camerario,
1372 1332 1621 1392 Columna,
1654 1349 1692 1380 s.
1725 1330 1958 1390 Severini,

176 1415 423 1473 Cesarino,
450 1414 626 1478 Borgia
658 1419 705 1462 et
735 1416 961 1475 Ascanio,
994 1416 1225 1465 diaconis.
1259 1418 1300 1464 A
1327 1417 1515 1480 dispoto
1546 1416 1623 1464 cui
1652 1415 1761 1464 dedi
1792 1430 1963 1479 pacem

175 1514 262 1563 per
281 1498 587 1546 assistentem
610 1503 720 1547 ante
741 1500 1002 1547 Ascanium
1025 1501 1105 1564 qui
1127 1505 1323 1550 venerat
1343 1501 1532 1549 obviam
1554 1499 1784 1548 cardinali
1807 1501 1963 1547 Bene-

177 1586 383 1630 ventano
404 1581 638 1640 venienti3
670 1583 762 1630 feci
783 1583 958 1632 deinde
980 1585 1083 1632 dari
1109 1585 1200 1648 ipsi
1224 1584 1450 1643 Ascanio⁷
1477 1601 1574 1632 non
1604 1587 1959 1641 Beneventano,

176 1681 287 1713 cum
310 1681 407 1713 non
435 1665 677 1713 videretur
706 1667 987 1726 convenire3
1019 1668 1226 1716 Ascanio
1255 1672 1418 1716 autem
1446 1667 1575 1727 dedi,
1606 1667 1719 1731 quia
1745 1666 1886 1715 rediit
1907 1666 1966 1714 ad

177 1750 340 1798 locum
375 1765 533 1808 suum,
573 1766 684 1798 cum
717 1751 1060 1800 recederemus
1094 1769 1123 1800 a
1157 1752 1366 1816 dispoto.
1408 1751 1712 1800 Gubernator
1745 1750 1883 1800 Urbis
1921 1754 1968 1798 et

180 1833 259 1881 alii
282 1832 452 1896 prelati
474 1833 703 1881 sederunt
723 1833 771 1880 in
794 1836 1002 1883 scamnis
1024 1839 1158 1884 extra
1178 1836 1413 1900 capellam
1436 1835 1532 1883 sive
1554 1836 1776 1893 chorum,
1802 1851 1831 1883 a
1851 1834 1969 1883 dex—

181 1917 265 1964 tris
300 1916 523 1964 introitus
557 1917 831 1981 dignorum,
865 1919 1002 1982 juxta
1030 1935 1245 1979 morem;
1283 1918 1453 1983 prelati
1483 1918 1675 1967 Ascanii
1707 1918 1756 1965 in
1789 1917 1964 1982 primo,

180 2001 276 2049 hoc
298 2005 371 2049 est
393 2000 618 2048 exteriori
647 2017 863 2050 scamno.
895 2002 1034 2051 Dicta
1053 2003 1141 2050 fuit
1162 2019 1258 2051 una
1285 2002 1437 2051 oratio
1467 2007 1653 2051 tantum
1675 2018 1703 2050 a
1729 2001 1896 2061 Credo,
1923 2006 1970 2050 et

182 2085 274 2133 alia
294 2100 429 2133 more
448 2085 605 2132 solito.

248 2168 386 2217 Feria
413 2172 563 2227 sexta,
590 2172 649 2217 28
672 2168 853 2216 mensis
878 2167 1018 2232 junii,
1043 2167 1203 2231 vigilia
1229 2166 1561 2230 apostolorum
1589 2167 1716 2215 Petri
1747 2172 1795 2216 et
1816 2167 1967 2227 Pauli,

185 2253 378 2301 fuerunt
403 2268 602 2316 vespere
633 2252 829 2316 papales
858 2251 906 2299 in
934 2251 1118 2315 capella
1144 2252 1330 2316 majore
1357 2251 1520 2315 palatii
1542 2252 1668 2316 apud
1689 2269 1728 2300 s.
1755 2255 1968 2311 Petrum,

187 2338 316 2400 Papa
337 2336 556 2395 absente,
570 2336 649 2399 qui
667 2351 718 2383 se
734 2335 1148 2394 finxitinfirmum‚
1166 2351 1225 2383 ne
1241 2336 1450 2383 crastina
1465 2335 1542 2383 die
1559 2335 1825 2384 celebraret
1840 2354 1850 2393 ;
1872 2352 1973 2383 car-

187 2419 427 2468 dinalibus
444 2419 766 2483 presentibuS,
780 2423 946 2467 Rmus.
963 2422 1019 2467 D.
1037 2419 1291 2468 cardinalis
1305 2435 1343 2466 s.
1362 2419 1588 2467 Praxedis
1605 2419 1719 2467 fecit
1736 2418 1968 2466 officium.

252 2501 461 2550 Sabbato
491 2503 730 2565 sequenti,
754 2503 877 2550 festo
900 2504 1250 2567 apostolorum,
1275 2505 1440 2550 Rmus.
1468 2502 1725 2550 cardinalis
1754 2505 1972 2550 Recana-

190 2583 339 2632 tensis
368 2584 625 2633 celebravit
652 2586 850 2633 missam
879 2586 1147 2634 solemnem
1175 2586 1222 2632 in
1250 2585 1449 2633 basilica
1468 2586 1699 2649 principis
1728 2585 1972 2649 apostolo·-

192 2683 314 2725 rum,
350 2670 478 2731 Papa
513 2668 711 2717 absente
743 2674 790 2717 et
823 2669 1146 2717 cardinalibus
1175 2669 1510 2732 presentibus;
1543 2684 1640 2716 non
1674 2668 1760 2716 fuit
1790 2684 1966 2716 sermo.

185 2752 292 2799 Alia
325 2752 574 2800 observata
607 2758 716 2800 sunt
749 2768 883 2800 more
921 2752 1080 2800 solito.
1112 2752 1269 2800 Finita
1303 2752 1468 2812 missa,
1495 2768 1665 2816 omnes
1703 2751 1971 2800 cardinales

187 2835 510 2884 ascenderunt
539 2835 598 2883 ad
627 2836 859 2899 palatium
891 2837 987 2885 sive
1018 2836 1200 2884 curiam
1230 2836 1279 2883 in
1311 2852 1403 2899 qua
1436 2836 1592 2884 solent
1622 2852 1791 2884 eorum
1821 2851 1971 2899 equos

188 2919 284 2967 sive
325 2919 481 2967 mulas
521 2919 810 2980 ascendere,
854 2925 1166 2984 expectantes
1205 2935 1293 2984 per
1327 2935 1558 2983 magnum
1597 2920 1802 2984 spatium
1842 2918 1972 2982 quod

190 3019 359 3065 equus,
385 3008 471 3066 per
491 3019 657 3066 regem
678 3004 1105 3068 Neapolitanorum
1127 3019 1214 3068 pro
1243 3019 1390 3051 causa
1410 3004 1545 3066 regni
1570 3006 1697 3067 Pape
1720 3002 1970 3052 donandus

192 3084 286 3132 sive
320 3086 690 3149 presentandus,
728 3086 1069 3145 adduceretur3
1107 3087 1187 3150 qui
1222 3086 1416 3135 tandem
1450 3087 1682 3134 adductus
1712 3086 1814 3133 fuit.
1853 3087 1971 3132 Cum

192 3183 278 3231 per
298 3173 540 3217 oratorem
563 3169 764 3232 collegio
787 3171 1060 3229 offerretur,
1084 3174 1392 3219 recesserunt
1414 3169 1682 3217 cardinales
1704 3172 1812 3216 ante
1836 3168 1970 3215 obla—

196 3251 395 3310 tionem,
422 3256 469 3299 et
498 3252 583 3300 suit
616 3268 898 3317 responsum
928 3253 1107 3301 oratori
1128 3269 1214 3317 per
1239 3252 1509 3301 cardinales
1538 3252 1616 3314 qui
1635 3254 1971 3299 remanserant

194 3351 244 3384 se
267 3350 364 3383 non
385 3334 566 3383 habere
588 3341 877 3399 potestatem
897 3336 1196 3400 acceptandi.
1221 3335 1345 3391 Quid
1365 3335 1423 3381 de
1446 3350 1504 3383 eo
1526 3339 1685 3382 actum
1705 3334 1766 3382 sit
1785 3332 1967 3392 nescio,

194 3434 303 3480 quia
323 3433 520 3466 recessl.

384 3530 417 3555 T.
446 3531 482 3554 11.
1493 3550 1498 3561 ᾗ
1740 3518 1785 3555 35
