2216 3886
287 302 356 336 (350
1033 302 1312 338 APPENDICE.

289 404 484 456 Pisanos,
516 409 605 446 tam
632 406 676 445 in
705 403 927 444 communi
956 413 1090 454 quam
1119 403 1163 442 in
1189 402 1454 454 particulari,
1482 402 1675 454 fuerunt,
1708 402 2057 457 indulgebantur

286 473 421 522 atque
441 471 718 511 remittentur
737 468 841 520 ipsis
862 468 1030 509 Pisanis
1055 480 1064 507 :
1087 472 1130 508 et
1150 479 1204 508 ex
1224 478 1339 507 nunc
1362 467 1461 509 dicti
1483 467 1647 509 domini
1667 469 1887 510 florentini
1907 472 2054 512 remit-

288 538 385 575 tunt
413 539 544 586 atque
564 534 809 586 indulgent,
839 533 1007 585 absque
1028 544 1079 573 eo
1107 533 1226 585 quod
1246 532 1424 584 aliquod
1444 533 1656 574 damnum
1680 534 1724 575 in
1751 536 1954 586 personis
1982 541 2067 577 aut,

288 602 331 640 in
352 601 480 641 bonis
500 611 653 640 eorum
673 599 812 651 possit
833 598 997 648 inferri,
1017 601 1060 639 et
1077 598 1360 639 nihilominus
1379 599 1513 639 etiam
1531 598 1632 640 dicti
1654 599 1818 641 domini
1836 592 2055 642 florentini

288 665 537 705 tractabunt
557 675 633 705 eos
660 665 860 705 honeste.
889 665 939 705 Et
971 664 1008 704 si
1026 663 1137 704 forte
1167 664 1468 716 superioribus
1500 665 1773 716 temporibus
1801 664 1962 706 fuerint
1981 668 2059 706 aut

286 729 565 770 multitudine
585 729 862 782 vectigalium
883 730 959 769 aut
977 728 1267 782 gravedinum
1288 729 1503 781 oppressi,
1527 729 1628 770 dicti
1648 730 1883 771 Florentini
1906 729 2056 771 mode-

287 795 448 835 rabunt
478 795 589 836 dicta
616 795 858 848 vectigalia,
887 794 1035 835 habita
1063 794 1274 846 qualitate
1301 795 1496 836 locorum
1525 798 1566 835 et
1597 806 1898 847 personarum,
1927 797 2056 847 prout

289 859 412 900 dictis
441 861 629 901 dominis
650 860 893 901 florentinis
919 860 1056 900 libere
1084 859 1226 901 visum
1245 858 1375 901 fuerit
1405 873 1414 900 :
1442 863 1485 900 et
1512 871 1615 901 casu
1646 872 1733 912 quo
1766 860 1866 901 dicti
1893 860 2057 902 domini

290 924 508 966 florentini
525 926 604 967 hac
626 925 679 966 de
699 937 830 966 causa
852 925 1104 966 rebellionis
1123 936 1201 977 per
1221 936 1297 970 eos
1318 924 1427 966 facte
1444 925 1704 966 innovarent
1724 925 1889 977 aliquid
1908 929 2057 967 contra

288 1001 503 1041 personas
523 991 593 1032 vel
613 992 728 1032 bona
751 991 965 1032 dictorum
983 991 1257 1041 Pisanorum,
1277 1002 1330 1032 ex
1348 1002 1463 1032 nunc
1479 991 1606 1032 liceat
1627 991 1739 1032 dicte
1760 991 1880 1044 regie
1901 992 2058 1032 maies-

288 1056 365 1096 tati
386 1056 630 1107 providere,
654 1060 785 1108 prout
805 1067 885 1097 sue
905 1056 1024 1108 regie
1045 1056 1264 1097 maiestati
1285 1056 1509 1108 placuerit.

346 1137 366 1158 «
391 1122 549 1173 Quinto
568 1123 699 1163 etiam
719 1124 1014 1163 convenerunt
1042 1135 1050 1161 :
1079 1122 1199 1174 quod
1225 1122 1374 1163 civitas
1396 1125 1580 1163 Serzane
1601 1127 1643 1164 et
1669 1134 1792 1164 arces
1818 1123 1931 1164 dicte
1957 1123 2061 1164 civi-

296 1188 413 1238 tatis,
437 1191 478 1229 et
499 1188 733 1229 Serzanilla
765 1191 808 1229 et
836 1199 915 1228 arx
935 1190 978 1228 et
999 1187 1211 1239 oppidum
1231 1189 1355 1228 Petre
1386 1188 1555 1236 Sancte,
1587 1189 1845 1229 remaneant
1865 1187 1995 1228 etiam
2015 1188 2059 1228 in

293 1254 498 1294 manibus
532 1254 642 1295 dicte
674 1254 795 1306 regie
825 1253 1067 1294 maiestatis
1100 1253 1287 1294 durante
1320 1264 1400 1294 sua
1436 1253 1547 1294 dicta
1580 1253 1812 1305 impresia;
1846 1251 2060 1293 fructibus

295 1322 456 1368 tamen,
486 1320 775 1368 iuridictione,
806 1319 999 1360 dominio
1020 1322 1062 1360 et
1083 1319 1250 1359 iustitia
1277 1318 1533 1360 eorumdem
1552 1318 1661 1370 ipsis
1683 1318 1872 1359 dominis
1900 1318 2057 1360 floren-

295 1384 395 1424 tinis
424 1385 771 1425 remanentibus.
806 1385 857 1424 Et
884 1384 987 1436 quia
1016 1386 1262 1424 Ianuenses‘
1283 1395 1470 1435 quorum
1501 1384 1641 1424 dictus
1673 1383 2061 1424 christianissimus

293 1458 367 1487 rex
389 1451 456 1488 est
473 1448 679 1488 dominus
699 1459 949 1500 supremus,
969 1447 1168 1490 fecerunt
1188 1449 1324 1490 multa
1346 1449 1519 1490 servitia
1538 1452 1670 1501 atque
1689 1449 1902 1501 obsequia
1920 1448 2060 1490 eidem

292 1514 336 1553 in
366 1513 479 1554 dicta
508 1524 588 1554 sua
609 1514 831 1565 impresia,
854 1515 928 1566 qui
954 1516 1200 1555 Januenses
1221 1514 1488 1566 pretendunt
1517 1525 1564 1554 se
1593 1514 1756 1554 habere
1782 1514 1853 1554 ius
1877 1514 1922 1554 in
1950 1513 2060 1554 dicta

293 1579 464 1619 civitate
482 1580 668 1620 Serzane
689 1583 731 1619 et
752 1580 912 1630 oppido
931 1581 1055 1620 Petre
1074 1580 1244 1629 Sancte,
1262 1579 1564 1631 dictorumque
1583 1579 1861 1620 dominorum
1886 1579 2062 1619 Floren-

292 1644 481 1685 tinorum
500 1644 694 1696 prefatus
716 1644 1105 1685 christianissimus
1123 1656 1197 1685 rex
1214 1648 1280 1685 est
1298 1648 1536 1696 protector3
1555 1645 1707 1685 volens
1723 1647 1765 1685 et
1782 1645 1964 1696 cupiens
1981 1644 2062 1684 tol-

293 1710 381 1750 lere
403 1710 697 1751 dissentiones
718 1715 759 1752 et
780 1711 1019 1752 discordias
1040 1721 1125 1762 que
1149 1714 1251 1750 sunt
1273 1710 1387 1750 inter
1407 1710 1546 1751 dictos
1566 1709 1840 1750 Florentinos
1871 1712 1913 1749 et
1931 1709 2064 1749 Janu-

296 1786 440 1823 enses,
459 1775 709 1826 procurabit
730 1787 807 1816 eos
823 1776 1032 1816 reducere
1047 1774 1102 1816 ad
1119 1774 1397 1815 concordiam
1413 1777 1454 1815 et
1469 1784 1636 1826 pacem,
1654 1785 1731 1826 per
1745 1773 1978 1814 amicitiam
1992 1775 2067 1814 aut

300 1852 379 1892 per
396 1840 628 1889 iustitiam,
651 1842 769 1881 omni
791 1841 831 1882 vi
848 1844 890 1882 et
911 1840 1113 1882 violentia
1131 1840 1314 1881 sublatis
1333 1854 1341 1880 :
1361 1843 1402 1881 et
1423 1851 1529 1881 casu
1544 1850 1631 1891 quo
1647 1850 1736 1880 non
1749 1839 1908 1891 poterit
1928 1838 2066 1879 dictos

293 1906 348 1947 ad
366 1906 525 1947 dictam
544 1907 818 1947 concordiam
834 1910 877 1947 et
891 1917 1043 1959 pacem
1060 1918 1138 1958 per
1155 1906 1389 1946 amicitiam
1403 1906 1627 1955 reducere,
1644 1909 1722 1946 aut
1740 1916 1820 1957 per
1833 1903 2062 1950 iustitiam,

295 1976 343 2012 ut
369 1983 516 2023 supra,
547 1972 658 2013 dicta
690 1983 769 2013 sua
801 1973 921 2025 regia
952 1973 1177 2021 maiestas,
1211 1971 1359 2012 statim
1388 1971 1513 2012 finita
1543 1971 1657 2012 dicta
1683 1970 1909 2023 impresia,
1929 1970 2066 2011 dictas

295 2048 417 2078 arces
435 2037 658 2079 civitatum
677 2041 719 2078 et
740 2038 898 2090 oppida
927 2038 1053 2079 dictis
1080 2037 1269 2078 dominis
1291 2037 1548 2078 Florentinis
1570 2037 1786 2086 restituet,
1810 2047 1909 2076 cum
1931 2035 2068 2076 omni-

296 2103 378 2143 bus
401 2103 493 2144 suis
509 2104 844 2154 munitionibus,
862 2103 1131 2153 bombardis‚
1147 2103 1413 2156 spingardis,
1432 2103 1691 2144 masseritiis
1707 2105 1750 2143 et
1763 2102 2070 2143 instrumentis

296 2169 664 2222 quibuscumque,
689 2170 807 2211 omni
830 2169 1084 2222 exceptione
1104 2172 1179 2209 aut
1200 2169 1501 2220 impensarum
1520 2169 1768 2221 aliquarum
1794 2166 2070 2207 restitutione

297 2238 477 2286 remota,
512 2236 644 2277 salvis
675 2236 845 2276 iuribus
875 2236 1061 2276 aliorum
1093 2247 1102 2273 z
1131 2237 1173 2274 et
1202 2234 1406 2285 impresia
1432 2233 1601 2274 dicatur
1633 2245 1732 2274 esse
1762 2232 1903 2281 finita,
1935 2234 2070 2283 prout

298 2311 445 2351 supra,
469 2301 511 2340 in
536 2301 716 2341 articulo
747 2299 931 2341 faciente
957 2300 1228 2340 mentionem
1258 2299 1312 2340 de
1333 2299 1503 2340 civitate
1533 2300 1732 2340 Pisarum
1756 2301 1800 2339 et
1827 2297 1986 2349 oppido
2010 2297 2071 2337 Li-

297 2366 427 2406 burni
447 2365 610 2406 dictum
632 2370 723 2416 est3
756 2366 1030 2407 declarantes
1058 2365 1178 2417 quod
1206 2365 1319 2406 dicta
1348 2366 1468 2418 regia
1497 2365 1706 2406 maiestas
1733 2374 1888 2404 omnes
1919 2373 2074 2414 supra-

298 2431 434 2472 dictas
455 2442 577 2472 arces
597 2434 688 2472 tam
710 2431 888 2471 Liburni
910 2433 952 2471 et
973 2430 1159 2472 civitatis
1180 2432 1379 2471 Pisarum
1397 2442 1530 2483 quam
1547 2432 1671 2471 Petre
1693 2430 1864 2478 Sancte,
1887 2429 2074 2469 Serzane

299 2500 342 2537 et
361 2496 608 2545 Serzanille‚
633 2496 818 2537 durante
847 2496 1056 2547 impresia
1083 2497 1293 2548 predicta,
1323 2497 1513 2537 retinere
1541 2496 1696 2548 possit,
1729 2498 1778 2535 ut
1799 2504 1948 2546 supra,
1978 2493 2072 2534 suis

301 2567 446 2603 tamen
466 2563 653 2614 propriis
675 2563 896 2613 expensis.

356 2645 372 2663 α
406 2629 536 2668 Sexto
557 2632 859 2670 convenerunt
884 2627 1004 2680 quod
1030 2628 1296 2679 quicumque
1324 2627 1529 2668 custodes
1556 2638 1606 2667 ac
1631 2625 1870 2672 castellani,
1894 2624 1967 2677 qui
1995 2624 2074 2664 du·

299 2695 423 2733 rante
441 2692 553 2733 dicta
574 2694 780 2745 impresia
801 2693 960 2734 fuerint
979 2703 1057 2744 pro
1078 2695 1275 2744 tempore
1296 2692 1427 2744 positi
1447 2704 1527 2744 per
1546 2692 1705 2734 dictam
1725 2692 1892 2745 regiam
1912 2690 2073 2730 maies-

301 2761 433 2798 tatem
456 2758 500 2798 in
519 2758 694 2799 arcibus
717 2758 996 2810 supradicitis
1024 2757 1214 2798 debeant
1241 2758 1385 2798 iurare
1412 2763 1454 2798 et
1475 2769 1522 2798 se
1542 2757 1587 2798 in
1617 2757 1735 2798 omni
1756 2755 1924 2797 meliori
1943 2755 2074 2795 modo

301 2826 343 2863 ct
362 2822 500 2863 forma
521 2823 683 2874 quibus
705 2823 829 2863 dictis
850 2823 1038 2863 dominis
1066 2823 1324 2863 Florentinis
1345 2821 1578 2871 videbitur,
1602 2822 1811 2873 obligare,
1833 2831 1879 2860 se
1900 2819 2073 2860 restitu-

302 2891 421 2927 turos
455 2887 593 2928 dictas
625 2899 748 2928 arces
781 2891 824 2928 et
856 2887 1014 2938 oppida
1048 2887 1212 2937 populo
1244 2886 1490 2936 florentino,
1517 2885 1756 2927 secundum
1785 2884 1905 2936 quod
1941 2895 2074 2935 supra

302 2953 568 3004 promissum
589 2956 669 3001 est,
690 2952 883 3003 nihilque
905 2962 982 3002 pro
1001 2951 1278 2991 restitutione
1298 2951 1549 2992 huiusmodi
1573 2951 1785 3002 petituros
1806 2961 1831 2990 a
1851 2949 2074 3001 republica

302 3018 560 3068 florentina3
584 3029 633 3058 ac
653 3019 786 3058 etiam
812 3018 955 3058 iurare
983 3020 1025 3057 et
1049 3017 1299 3068 promittere
1320 3016 1507 3057 debeant
1539 3026 1584 3055 se
1611 3026 1699 3056 non
1727 3015 1908 3055 daturos
1939 3013 2075 3054 dictas

304 3094 423 3124 arces
442 3087 484 3124 et
510 3084 668 3135 oppida
695 3083 823 3124 alicui
851 3082 1106 3130 successori,
1127 3082 1212 3121 nisi
1238 3082 1361 3132 prius
1389 3092 1489 3121 esse
1516 3091 1757 3129 successor,
1787 3080 1879 3120 sive
1905 3089 2073 3119 succes-

302 3159 426 3189 sores
447 3148 717 3199 promittant,
735 3151 777 3189 et
796 3159 843 3189 se
865 3147 1061 3200 obligent
1081 3149 1123 3186 et
1141 3146 1300 3197 iurent,
1324 3158 1371 3189 se
1390 3146 1535 3187 omnia
1557 3145 1611 3186 de
1630 3144 1881 3186 huiusmodi
1900 3143 2074 3184 arcibus

305 3217 346 3253 et
367 3213 538 3265 oppidis
560 3217 601 3253 et
619 3220 770 3254 earum
799 3217 842 3254 et
869 3223 1019 3253 eorum
1050 3210 1325 3252 restitutione
1359 3210 1686 3259 observaturos,
1707 3208 1838 3249 modo
1865 3210 1908 3248 et
1936 3205 2074 3247 forma

305 3278 506 3330 predictis
523 3279 594 3328 (l).

351 3423 379 3453 1,
403 3434 416 3448 1‹
444 3421 533 3452 [mur
553 3430 589 3450 so
612 3421 737 3454 rendre>
760 3429 805 3452 un
826 3421 964 3461 eompte
983 3421 1078 3450 exact
1102 3417 1143 3449 ds·
1165 3418 1192 3448 la
1216 3416 1386 3449 distis-,ulte
1407 3425 1476 3456 que
1497 3415 1529 3446 la
1550 3414 1770 3455 lto'qaeublique
1789 3414 1942 3455 epi-ouva
1957 3416 1974 3444 a
1990 3413 2073 3444 faire
