2248 3906
342 361 411 395 420
950 358 1180 395 JOHANNIS
1213 357 1336 394 BURC
1344 358 1503 402 HARDI,
1786 358 1994 398 [Decembre
2018 360 2110 399 1497]

344 459 643 524 Neapolitani
665 464 711 507 et
735 461 940 524 Ungarie
968 476 1023 508 ac
1050 460 1248 507 dominii
1272 463 1568 509 Venetorum
1599 462 1645 506 et
1673 457 1806 505 ducis
1832 459 2105 507 Mediolani.

345 543 583 606 Equitavit
603 543 789 590 medius
817 543 943 591 inter
967 541 1342 606 gubernatorem
1364 541 1502 590 Urbis
1530 557 1558 589 a
1585 541 1761 589 dextris
1788 546 1835 589 et
1857 544 1912 589 D.
1939 544 2112 591 Henri-

345 642 453 674 cum
486 626 896 674 Brunswicensem
913 626 1101 684 ducem,
1122 630 1361 675 oratorem
1378 629 1722 684 Romanorum,
1741 639 1768 671 a
1787 624 2007 684 sinistris,
2026 641 2114 688 per

345 711 575 771 Campum
606 708 744 756 Flore
767 709 828 756 ad
848 709 1043 756 domum
1064 709 1456 767 Teutonicorum,
1479 707 1742 770 hospitium
1764 706 1852 755 sibi
1873 711 2109 771 paratum,

344 790 423 838 ubi
454 790 629 853 gratias
658 790 881 838 omnibus
909 790 1005 854 egit
1035 807 1168 839 more
1191 791 1349 839 solito.
1376 790 1550 839 Habuit
1580 789 1752 838 deinde
1774 789 2068 837 audientiam
2087 806 2115 837 a

344 876 488 936 Papa,
510 873 584 921 die
611 873 721 922 lune
754 877 809 921 18
839 873 1127 933 decembris,
1154 874 1233 921 ubi
1263 874 1364 938 ipse
1393 878 1441 922 et
1467 873 1647 921 familia
1677 889 1763 921 sua
1791 875 1916 936 Pape
1939 873 2113 937 pedem

347 961 455 1004 sunt
491 957 708 1016 osculati,
749 972 806 1006 eo
845 957 976 1021 prius
1021 973 1109 1021 per
1148 961 1325 1022 Papam
1369 958 1430 1006 ad
1467 957 1698 1017 osculum,
1724 972 1895 1004 manus
1933 961 1980 1004 et
2018 956 2114 1004 oris

343 1044 556 1103 recepte,
583 1040 771 1087 RRmis.
803 1043 902 1088 DD.
934 1041 1137 1100 Medice,
1170 1041 1427 1091 Valentino
1458 1046 1506 1089 et
1539 1039 1712 1103 Borgia
1737 1054 1888 1103 prope
1922 1038 2117 1087 astanti-

344 1123 431 1169 bus
451 1128 499 1170 et
517 1138 615 1171 non
637 1124 916 1172 sedentibus
942 1141 951 1172 :
977 1124 1073 1172 dux
1093 1129 1254 1173 autem
1276 1125 1378 1188 ipse
1399 1123 1662 1188 genuflexit
1682 1139 1833 1187 usque
1856 1123 1916 1171 ad
1936 1123 2083 1171 finem
2106 1154 2117 1197 3

344 1210 444 1252 tum
466 1205 550 1253 fuit
572 1206 717 1254 etiam
743 1223 769 1255 a
793 1207 944 1255 tribus
975 1207 1205 1271 predictis
1227 1207 1548 1255 cardinalibus
1579 1206 1640 1254 ad
1669 1205 1885 1255 osculum
1914 1205 2011 1254 oris
2040 1221 2119 1253 re-
2174 1240 2178 1242 -

345 1293 529 1352 ceptus.
565 1292 622 1337 D.
656 1289 941 1338 Philibertus
978 1291 1230 1351 Naturelli,
1263 1295 1425 1339 orator
1458 1288 1753 1339 serenissimi
1786 1291 2114 1337 Romanorum

343 1372 468 1435 regis
495 1372 582 1420 fuit
605 1372 841 1435 interpres
864 1372 998 1420 ducis
1029 1389 1191 1422 coram
1211 1377 1355 1438 Papa,
1378 1374 1491 1422 licet
1518 1374 1621 1437 ipse
1643 1373 1739 1420 dux
1766 1372 2115 1436 aliquantulum

344 1460 676 1519 competenter
697 1455 840 1503 sciret
858 1455 1004 1504 latine
1025 1456 1172 1519 loqui,
1198 1473 1310 1505 nam
1339 1457 1561 1505 omnibus
1582 1456 1774 1504 familiis
1801 1455 2116 1503 cardinalium

344 1542 391 1586 et
426 1538 694 1587 oratoribus
729 1538 778 1585 in
817 1538 893 1586 die
933 1539 1153 1587 introitus
1186 1540 1258 1587 sui
1298 1540 1357 1588 ad
1396 1540 1572 1588 Urbem
1606 1540 1708 1603 ipse
1750 1543 1914 1587 tamen
1949 1539 2115 1602 paucis

342 1621 501 1669 latinis
530 1621 684 1670 verbis
710 1622 885 1685 gratias
913 1622 1032 1686 egit;
1062 1623 1219 1686 primo
1244 1628 1403 1672 autem
1434 1622 1612 1671 familie
1644 1625 1772 1685 Pape
1798 1637 1885 1685 pro
1911 1622 1993 1670 illo
2020 1621 2117 1685 egit

345 1704 524 1767 gratias
546 1705 790 1767 predictus
811 1705 1121 1766 Philibertus,
1146 1707 1226 1770 qui
1248 1711 1361 1755 tunc
1380 1707 1525 1756 etiam
1547 1707 1796 1755 intererat.

411 1786 663 1834 Dominica
690 1787 828 1835 tertia
849 1787 1098 1847 adventus,
1128 1793 1182 1837 17
1207 1790 1320 1838 dicti
1347 1791 1528 1838 mensis
1551 1789 1839 1848 decembris,
1866 1791 2030 1836 Rmus.
2056 1791 2113 1836 D.

345 1869 599 1917 cardinalis
622 1870 882 1918 Perusinus
903 1872 1159 1920 celebravit
1180 1873 1377 1920 missam
1397 1873 1638 1936 publicam
1659 1872 1708 1920 in
1730 1871 1913 1935 capella
1933 1871 2116 1935 majore

344 1952 575 2015 predicta,
609 1959 834 2017 presente
869 1957 998 2019 Papa
1033 1972 1043 2003 ε
1083 1971 1357 2004 sermonem
1390 1956 1503 2005 fecit
1533 1956 1726 2020 quidam
1758 1955 1906 2003 frater
1936 1953 2118 2002 ordinis

344 2036 692 2089 heremitarum
711 2054 749 2085 s.
774 2038 1023 2101 Augustini
1045 2054 1132 2103 pro
1154 2044 1466 2104 procuratore
1489 2040 1709 2104 ejusdem
1730 2038 1927 2087 ordinis.

411 2120 550 2168 Feria
579 2125 750 2183 quarta
777 2120 892 2169 dicti
920 2123 1118 2182 mensis,
1152 2126 1214 2171 20
1244 2123 1531 2183 decembris,
1561 2123 1648 2171 fuit
1674 2121 2013 2170 consistorium
2041 2136 2119 2168 se-

346 2207 532 2250 cretum
560 2203 608 2250 in
636 2220 747 2267 quo,
777 2206 1084 2267 presentibus
1118 2206 1288 2255 abbate
1323 2223 1362 2254 s.
1388 2206 1672 2266 Sebastiani,
1705 2205 1904 2253 sacrista
1935 2203 2117 2268 capelle

346 2290 509 2333 nostre
541 2290 588 2335 et
615 2290 671 2334 D.
698 2288 1012 2349 Bernardino,
1038 2289 1224 2354 collega
1252 2305 1380 2350 meo,
1405 2290 1464 2338 de
1488 2289 1713 2337 mandato
1742 2292 1868 2352 Pape
1889 2286 2118 2352 proposui

347 2368 395 2415 in
414 2369 572 2432 vigilia
591 2370 844 2419 nativitatis
867 2372 1057 2431 Christi,
1083 2374 1279 2420 missam
1300 2373 1522 2437 papalem
1542 2389 1639 2422 non
1656 2373 1837 2421 habere
1856 2371 1951 2419 hoc
1971 2386 2117 2429 anno,

347 2452 510 2501 venire
536 2453 585 2500 in
607 2454 850 2502 dominica
878 2455 927 2502 in
950 2472 1042 2519 qua
1062 2457 1210 2505 missa
1239 2457 1482 2505 diceretur
1501 2457 1559 2504 de
1586 2455 1746 2520 vigilia
1765 2469 1875 2502 cum
1904 2469 2121 2502 comme-

349 2535 615 2583 moratione
650 2536 909 2599 dominice,
948 2555 1054 2588 esse
1085 2540 1255 2588 eadem
1283 2540 1359 2588 die
1387 2555 1612 2604 vesperas
1644 2538 1887 2587 solemnes
1917 2540 1965 2585 et
1991 2536 2121 2584 diem

349 2618 544 2667 brevem
588 2638 596 2667 ε
636 2627 895 2687 propterea
934 2623 1201 2672 cardinales
1240 2639 1338 2672 non
1377 2639 1518 2687 posse
1560 2621 1720 2671 venire
1766 2618 2023 2668 commode
2062 2618 2123 2667 ad

350 2705 629 2766 utrumque,
670 2706 818 2755 videri
852 2707 1006 2770 magis
1034 2707 1325 2755 conveniens
1354 2721 1578 2770 vesperas
1612 2721 1698 2754 sua
1729 2705 1849 2752 hora
1879 2707 1926 2751 et
1955 2701 2123 2750 simili-

349 2786 422 2830 ter
447 2783 640 2833 interim
667 2786 777 2847 dici,
803 2788 982 2836 omissa
1002 2788 1149 2835 missa
1169 2788 1217 2835 in
1248 2803 1413 2847 mane3
1441 2787 1571 2850 quod
1594 2791 1849 2849 utrumque
1879 2785 2118 2833 inculcate

351 2864 446 2911 dixi
467 2870 518 2912 ut
539 2867 775 2916 Sanctitas
798 2886 882 2917 sua
904 2875 1136 2919 statueret
1155 2870 1270 2933 quid
1290 2871 1418 2918 circa
1434 2870 1529 2918 hoc
1544 2870 1833 2926 faciendum,
1857 2866 1938 2931 qui
1955 2867 2120 2915 habito

351 2963 462 2996 cum
496 2950 814 2999 cardinalibus
848 2953 1106 3016 colloquio,
1140 2953 1199 3000 de
1234 2967 1475 3001 consensu
1508 2951 1742 3010 omnium,
1777 2950 1962 2999 duobus
1996 2950 2119 2999 dun-

351 3034 481 3079 taxat
502 3031 725 3098 demptiS,
744 3035 906 3083 statuit
928 3036 1125 3084 missam
1144 3036 1202 3084 de
1224 3035 1466 3084 dominica
1479 3049 1567 3099 per
1587 3034 1887 3098 capellanum
1908 3034 1955 3082 in
1975 3049 2121 3098 parva

352 3118 552 3180 capella,
585 3125 637 3168 ut
666 3121 770 3169 aliis
800 3121 968 3171 diebus
991 3123 1093 3171 fieri
1125 3123 1262 3183 solet,
1286 3122 1398 3182 dici,
1436 3125 1483 3169 et
1509 3121 1774 3170 cardinales
1805 3121 1866 3170 ad
1899 3133 2120 3184 vesperas

350 3204 536 3249 tantum
576 3204 756 3254 venire.
797 3208 944 3255 Secus
978 3207 1214 3255 sentiebat
1248 3209 1410 3254 Rmus.
1449 3208 1505 3253 D.
1544 3222 1583 3252 s.
1627 3206 1851 3254 Praxedis
1885 3203 1965 3268 qui
2002 3201 2119 3250 dixit

349 3281 398 3328 in
416 3287 737 3337 ceremoniale
761 3289 886 3337 clare
906 3289 1175 3337 ordinatum
1194 3290 1307 3353 quid
1328 3287 1585 3353 agendum,
1611 3289 1739 3351 quod
1758 3274 2008 3337 vidbbatur
2028 3282 2118 3332 sibi

351 3365 718 3418 observandum.
757 3372 906 3435 Hujus
939 3376 1099 3420 votum
1142 3377 1333 3421 secutus
1370 3371 1457 3419 fuit
1491 3373 1656 3419 Rmus.
1691 3374 1748 3419 D.
1786 3366 2039 3418 cardinalis
2073 3381 2112 3413 s.

350 3449 533 3511 CruciS,
565 3453 738 3501 ceteris
772 3455 995 3503 omnibus
1023 3471 1133 3504 cum
1166 3458 1296 3518 Papa
1321 3454 1654 3503 sentientibus,
1680 3451 1911 3518 Proposui
1943 3447 2116 3498 deinde
