<?xml version="1.0" encoding="UTF-8"?>
<!DOCTYPE html PUBLIC "-//W3C//DTD XHTML 1.0 Transitional//EN"
    "http://www.w3.org/TR/xhtml1/DTD/xhtml1-transitional.dtd">
<html xmlns="http://www.w3.org/1999/xhtml" xml:lang="en" lang="en">
 <head>
  <title>
</title>
<meta http-equiv="Content-Type" content="text/html;charset=utf-8" />
  <meta name='ocr-system' content='tesseract 3.04.00' />
  <meta name='ocr-capabilities' content='ocr_page ocr_carea ocr_par ocr_line ocrx_word'/>
</head>
<body>
  <div class='ocr_page' id='page_1' title='image "./diariumsivererum02burcuoft_0240.png"; bbox 0 0 2222 3926; ppageno 0'>
   <div class='ocr_carea' id='block_1_1' title="bbox 295 310 2074 380">
    <p class='ocr_par' dir='ltr' id='par_1_1' title="bbox 295 310 2074 380">
     <span class='ocr_line' id='line_1_1' title="bbox 295 310 2074 380; baseline -0.001 -25"><span class='ocrx_word' id='word_1_1' title='bbox 295 315 369 355; x_wconf 57' lang='lat'>⁴228</span> <span class='ocrx_word' id='word_1_2' title='bbox 906 318 1139 356; x_wconf 80' lang='lat' dir='ltr'>JOHANNIS</span> <span class='ocrx_word' id='word_1_3' title='bbox 1171 318 1959 380; x_wconf 63' lang='lat' dir='ltr'>BURCHARD1,[ia11vier</span> <span class='ocrx_word' id='word_1_4' title='bbox 1979 310 2074 362; x_wconf 76' lang='lat'>1495]</span> 
     </span>
    </p>
   </div>
   <div class='ocr_carea' id='block_1_2' title="bbox 293 418 2096 3146">
    <p class='ocr_par' dir='ltr' id='par_1_2' title="bbox 293 418 2091 1899">
     <span class='ocr_line' id='line_1_2' title="bbox 293 418 2072 485; baseline 0 -16"><span class='ocrx_word' id='word_1_5' title='bbox 293 425 523 485; x_wconf 53' lang='lat' dir='ltr'>&gt;pectare;</span> <span class='ocrx_word' id='word_1_6' title='bbox 548 420 741 469; x_wconf 81' lang='lat' dir='ltr'>interim</span> <span class='ocrx_word' id='word_1_7' title='bbox 773 422 1017 484; x_wconf 82' lang='lat' dir='ltr'>preposite</span> <span class='ocrx_word' id='word_1_8' title='bbox 1039 421 1269 469; x_wconf 87' lang='lat' dir='ltr'>fuerunt&#39;</span> <span class='ocrx_word' id='word_1_9' title='bbox 1258 437 1306 468; x_wconf 90' lang='lat' dir='ltr'>m</span> <span class='ocrx_word' id='word_1_10' title='bbox 1335 418 1620 468; x_wconf 90' lang='lat' dir='ltr'>consistorio</span> <span class='ocrx_word' id='word_1_11' title='bbox 1649 419 1742 466; x_wconf 89' lang='lat' dir='ltr'>due</span> <span class='ocrx_word' id='word_1_12' title='bbox 1770 421 2072 470; x_wconf 88' lang='lat' dir='ltr'>commissio-</span> 
     </span>
     <span class='ocr_line' id='line_1_3' title="bbox 298 493 2067 567; baseline 0 -15"><span class='ocrx_word' id='word_1_13' title='bbox 298 496 409 563; x_wconf 88' lang='lat' dir='ltr'>nes,</span> <span class='ocrx_word' id='word_1_14' title='bbox 436 520 580 552; x_wconf 91' lang='lat' dir='ltr'>unam</span> <span class='ocrx_word' id='word_1_15' title='bbox 602 520 688 567; x_wconf 87' lang='lat' dir='ltr'>per</span> <span class='ocrx_word' id='word_1_16' title='bbox 710 507 764 551; x_wconf 92' lang='lat' dir='ltr'>D.</span> <span class='ocrx_word' id='word_1_17' title='bbox 792 503 1120 562; x_wconf 88' lang='lat' dir='ltr'>Octavianum,</span> <span class='ocrx_word' id='word_1_18' title='bbox 1146 503 1346 550; x_wconf 88' lang='lat' dir='ltr'>alteram</span> <span class='ocrx_word' id='word_1_19' title='bbox 1364 518 1451 565; x_wconf 90' lang='lat' dir='ltr'>per</span> <span class='ocrx_word' id='word_1_20' title='bbox 1472 505 1528 550; x_wconf 96' lang='lat' dir='ltr'>D.</span> <span class='ocrx_word' id='word_1_21' title='bbox 1567 502 1804 566; x_wconf 80' lang='lat' dir='ltr'><strong>Angelum</strong></span> <span class='ocrx_word' id='word_1_22' title='bbox 1831 503 1890 551; x_wconf 91' lang='lat' dir='ltr'>de</span> <span class='ocrx_word' id='word_1_23' title='bbox 1918 493 2067 563; x_wconf 88' lang='lat' dir='ltr'>Cesis,</span> 
     </span>
     <span class='ocr_line' id='line_1_4' title="bbox 306 579 2079 648; baseline 0 -14"><span class='ocrx_word' id='word_1_24' title='bbox 306 586 666 635; x_wconf 88' lang='lat' dir='ltr'>consistoriales</span> <span class='ocrx_word' id='word_1_25' title='bbox 694 579 968 644; x_wconf 84' lang='lat' dir='ltr'>advocatos,</span> <span class='ocrx_word' id='word_1_26' title='bbox 1001 601 1205 648; x_wconf 88' lang='lat' dir='ltr'>quarum</span> <span class='ocrx_word' id='word_1_27' title='bbox 1234 586 1580 634; x_wconf 80' lang='lat' dir='ltr'>continentiam</span> <span class='ocrx_word' id='word_1_28' title='bbox 1609 586 1783 635; x_wconf 80' lang='lat' dir='ltr'>absens</span> <span class='ocrx_word' id='word_1_29' title='bbox 1812 601 1909 634; x_wconf 90' lang='lat' dir='ltr'>non</span> <span class='ocrx_word' id='word_1_30' title='bbox 1937 586 2079 635; x_wconf 92' lang='lat' dir='ltr'>intel—</span> 
     </span>
     <span class='ocr_line' id='line_1_5' title="bbox 304 668 2078 731; baseline -0.001 -14"><span class='ocrx_word' id='word_1_31' title='bbox 304 670 415 718; x_wconf 90' lang='lat' dir='ltr'>lexi.</span> <span class='ocrx_word' id='word_1_32' title='bbox 455 673 566 717; x_wconf 87' lang='lat' dir='ltr'>Post</span> <span class='ocrx_word' id='word_1_33' title='bbox 590 668 801 715; x_wconf 90' lang='lat' dir='ltr'>mediam</span> <span class='ocrx_word' id='word_1_34' title='bbox 833 668 1005 715; x_wconf 92' lang='lat' dir='ltr'>horam</span> <span class='ocrx_word' id='word_1_35' title='bbox 1038 668 1387 731; x_wconf 79' lang='lat' dir='ltr'>expectationis</span> <span class='ocrx_word' id='word_1_36' title='bbox 1417 673 1579 717; x_wconf 88' lang='lat' dir='ltr'>nostre</span> <span class='ocrx_word' id='word_1_37' title='bbox 1606 669 1680 716; x_wconf 92' lang='lat' dir='ltr'>vel</span> <span class='ocrx_word' id='word_1_38' title='bbox 1707 669 1849 730; x_wconf 90' lang='lat' dir='ltr'>circa,</span> <span class='ocrx_word' id='word_1_39' title='bbox 1883 674 2078 718; x_wconf 87' lang='lat' dir='ltr'>vocatus</span> 
     </span>
     <span class='ocr_line' id='line_1_6' title="bbox 305 751 2081 815; baseline 0 -17"><span class='ocrx_word' id='word_1_40' title='bbox 305 752 411 799; x_wconf 90' lang='lat' dir='ltr'>veni</span> <span class='ocrx_word' id='word_1_41' title='bbox 440 751 501 799; x_wconf 91' lang='lat' dir='ltr'>ad</span> <span class='ocrx_word' id='word_1_42' title='bbox 528 767 693 814; x_wconf 88' lang='lat' dir='ltr'>regem</span> <span class='ocrx_word' id='word_1_43' title='bbox 723 751 801 814; x_wconf 92' lang='lat' dir='ltr'>qui</span> <span class='ocrx_word' id='word_1_44' title='bbox 829 767 906 799; x_wconf 93' lang='lat' dir='ltr'>me</span> <span class='ocrx_word' id='word_1_45' title='bbox 938 751 1249 815; x_wconf 89' lang='lat' dir='ltr'>interrogavit</span> <span class='ocrx_word' id='word_1_46' title='bbox 1279 751 1337 799; x_wconf 94' lang='lat' dir='ltr'>de</span> <span class='ocrx_word' id='word_1_47' title='bbox 1365 751 1440 798; x_wconf 92' lang='lat' dir='ltr'>his</span> <span class='ocrx_word' id='word_1_48' title='bbox 1471 767 1564 814; x_wconf 90' lang='lat' dir='ltr'>que</span> <span class='ocrx_word' id='word_1_49' title='bbox 1593 767 1681 815; x_wconf 91' lang='lat' dir='ltr'>per</span> <span class='ocrx_word' id='word_1_50' title='bbox 1706 751 1864 815; x_wconf 90' lang='lat' dir='ltr'>ipsum</span> <span class='ocrx_word' id='word_1_51' title='bbox 1894 751 2081 815; x_wconf 90' lang='lat' dir='ltr'>agenda</span> 
     </span>
     <span class='ocr_line' id='line_1_7' title="bbox 307 827 2081 898; baseline 0 -16"><span class='ocrx_word' id='word_1_52' title='bbox 307 839 443 882; x_wconf 86' lang='lat' dir='ltr'>erant</span> <span class='ocrx_word' id='word_1_53' title='bbox 467 851 477 882; x_wconf 75' lang='grc' dir='ltr'>ε</span> <span class='ocrx_word' id='word_1_54' title='bbox 504 834 698 883; x_wconf 77' lang='lat' dir='ltr'>recitavi</span> <span class='ocrx_word' id='word_1_55' title='bbox 727 834 940 898; x_wconf 90' lang='lat' dir='ltr'>singula;</span> <span class='ocrx_word' id='word_1_56' title='bbox 972 834 1143 897; x_wconf 92' lang='lat' dir='ltr'>quibus</span> <span class='ocrx_word' id='word_1_57' title='bbox 1169 827 1635 894; x_wconf 48' lang='lat' dir='ltr'>auditis,&#39;commisit</span> <span class='ocrx_word' id='word_1_58' title='bbox 1658 838 1707 882; x_wconf 90' lang='lat' dir='ltr'>ut</span> <span class='ocrx_word' id='word_1_59' title='bbox 1729 833 1885 898; x_wconf 91' lang='lat' dir='ltr'>ipsum</span> <span class='ocrx_word' id='word_1_60' title='bbox 1907 849 2081 898; x_wconf 88' lang='lat' dir='ltr'>expec-</span> 
     </span>
     <span class='ocr_line' id='line_1_8' title="bbox 304 914 2084 981; baseline -0.001 -16"><span class='ocrx_word' id='word_1_61' title='bbox 304 914 476 977; x_wconf 85' lang='lat' dir='ltr'>tarem,</span> <span class='ocrx_word' id='word_1_62' title='bbox 505 918 615 981; x_wconf 87' lang='lat' dir='ltr'>quia</span> <span class='ocrx_word' id='word_1_63' title='bbox 635 918 730 966; x_wconf 90' lang='lat' dir='ltr'>cito</span> <span class='ocrx_word' id='word_1_64' title='bbox 752 917 812 965; x_wconf 90' lang='lat' dir='ltr'>ad</span> <span class='ocrx_word' id='word_1_65' title='bbox 833 933 910 966; x_wconf 93' lang='lat' dir='ltr'>me</span> <span class='ocrx_word' id='word_1_66' title='bbox 934 922 1062 966; x_wconf 91' lang='lat' dir='ltr'>esset</span> <span class='ocrx_word' id='word_1_67' title='bbox 1084 917 1340 966; x_wconf 89' lang='lat' dir='ltr'>rediturus.</span> <span class='ocrx_word' id='word_1_68' title='bbox 1367 917 1584 966; x_wconf 80' lang='lat' dir='ltr'>Recessit</span> <span class='ocrx_word' id='word_1_69' title='bbox 1605 933 1633 964; x_wconf 91' lang='lat' dir='ltr'>a</span> <span class='ocrx_word' id='word_1_70' title='bbox 1652 932 1730 964; x_wconf 90' lang='lat' dir='ltr'>me</span> <span class='ocrx_word' id='word_1_71' title='bbox 1755 933 1838 964; x_wconf 85' lang='lat' dir='ltr'>rex</span> <span class='ocrx_word' id='word_1_72' title='bbox 1864 916 1924 964; x_wconf 88' lang='lat' dir='ltr'>ad</span> <span class='ocrx_word' id='word_1_73' title='bbox 1942 916 2084 965; x_wconf 88' lang='lat' dir='ltr'>aliam</span> 
     </span>
     <span class='ocr_line' id='line_1_9' title="bbox 308 999 2086 1063; baseline -0.001 -15"><span class='ocrx_word' id='word_1_74' title='bbox 308 1017 570 1059; x_wconf 90' lang='lat' dir='ltr'>cameram,</span> <span class='ocrx_word' id='word_1_75' title='bbox 608 1000 688 1048; x_wconf 91' lang='lat' dir='ltr'>ubi</span> <span class='ocrx_word' id='word_1_76' title='bbox 722 1016 831 1048; x_wconf 89' lang='lat' dir='ltr'>cum</span> <span class='ocrx_word' id='word_1_77' title='bbox 867 1001 965 1048; x_wconf 91' lang='lat' dir='ltr'>suis</span> <span class='ocrx_word' id='word_1_78' title='bbox 1005 1000 1259 1048; x_wconf 90' lang='lat' dir='ltr'>consilium</span> <span class='ocrx_word' id='word_1_79' title='bbox 1294 1000 1465 1048; x_wconf 89' lang='lat' dir='ltr'>habuit</span> <span class='ocrx_word' id='word_1_80' title='bbox 1500 999 1614 1063; x_wconf 91' lang='lat' dir='ltr'>quid</span> <span class='ocrx_word' id='word_1_81' title='bbox 1649 999 1890 1063; x_wconf 86' lang='lat' dir='ltr'>agendum</span> <span class='ocrx_word' id='word_1_82' title='bbox 1927 1017 1936 1046; x_wconf 74' lang='grc' dir='ltr'><strong><em>ε</em></strong></span> <span class='ocrx_word' id='word_1_83' title='bbox 1976 1002 2086 1063; x_wconf 88' lang='lat' dir='ltr'>post</span> 
     </span>
     <span class='ocr_line' id='line_1_10' title="bbox 305 1079 2086 1143; baseline -0.002 -10"><span class='ocrx_word' id='word_1_84' title='bbox 305 1079 452 1133; x_wconf 53' lang='lat' dir='ltr'>&#39;aliam</span> <span class='ocrx_word' id='word_1_85' title='bbox 488 1084 697 1132; x_wconf 88' lang='lat' dir='ltr'>mediam</span> <span class='ocrx_word' id='word_1_86' title='bbox 729 1085 901 1132; x_wconf 91' lang='lat' dir='ltr'>horam</span> <span class='ocrx_word' id='word_1_87' title='bbox 933 1085 1107 1133; x_wconf 87' lang='lat' dir='ltr'>iterum</span> <span class='ocrx_word' id='word_1_88' title='bbox 1138 1100 1215 1132; x_wconf 89' lang='lat' dir='ltr'>me</span> <span class='ocrx_word' id='word_1_89' title='bbox 1245 1099 1417 1132; x_wconf 90' lang='lat' dir='ltr'>vocare</span> <span class='ocrx_word' id='word_1_90' title='bbox 1444 1084 1574 1143; x_wconf 88' lang='lat' dir='ltr'>fecit,</span> <span class='ocrx_word' id='word_1_91' title='bbox 1607 1087 1653 1131; x_wconf 89' lang='lat' dir='ltr'>et</span> <span class='ocrx_word' id='word_1_92' title='bbox 1679 1099 1707 1131; x_wconf 92' lang='lat' dir='ltr'>a</span> <span class='ocrx_word' id='word_1_93' title='bbox 1732 1099 1810 1131; x_wconf 92' lang='lat' dir='ltr'>me</span> <span class='ocrx_word' id='word_1_94' title='bbox 1841 1098 2003 1131; x_wconf 90' lang='lat' dir='ltr'>coram</span> <span class='ocrx_word' id='word_1_95' title='bbox 2035 1098 2086 1131; x_wconf 91' lang='lat' dir='ltr'>se</span> 
     </span>
     <span class='ocr_line' id='line_1_11' title="bbox 313 1164 2085 1231; baseline -0.002 -14"><span class='ocrx_word' id='word_1_96' title='bbox 313 1164 578 1217; x_wconf 83' lang='lat' dir='ltr'>constituto</span> <span class='ocrx_word' id='word_1_97' title='bbox 617 1168 756 1231; x_wconf 90' lang='lat' dir='ltr'>petiit</span> <span class='ocrx_word' id='word_1_98' title='bbox 807 1167 920 1231; x_wconf 91' lang='lat' dir='ltr'>quid</span> <span class='ocrx_word' id='word_1_99' title='bbox 975 1167 1267 1227; x_wconf 84' lang='lat' dir='ltr'>faciendum,</span> <span class='ocrx_word' id='word_1_100' title='bbox 1312 1167 1441 1231; x_wconf 90' lang='lat' dir='ltr'>quod</span> <span class='ocrx_word' id='word_1_101' title='bbox 1486 1167 1663 1215; x_wconf 87' lang='lat' dir='ltr'>iterum</span> <span class='ocrx_word' id='word_1_102' title='bbox 1707 1166 1797 1214; x_wconf 92' lang='lat' dir='ltr'>sibi</span> <span class='ocrx_word' id='word_1_103' title='bbox 1840 1165 2085 1231; x_wconf 84' lang='lat' dir='ltr'>replicavi.</span> 
     </span>
     <span class='ocr_line' id='line_1_12' title="bbox 309 1248 2091 1315; baseline -0.001 -17"><span class='ocrx_word' id='word_1_104' title='bbox 309 1248 461 1298; x_wconf 87' lang='lat' dir='ltr'>Exivit</span> <span class='ocrx_word' id='word_1_105' title='bbox 491 1257 604 1299; x_wconf 88' lang='lat' dir='ltr'>tunc</span> <span class='ocrx_word' id='word_1_106' title='bbox 635 1252 696 1299; x_wconf 91' lang='lat' dir='ltr'>ad</span> <span class='ocrx_word' id='word_1_107' title='bbox 726 1251 995 1300; x_wconf 79' lang='lat' dir='ltr'>cardinales</span> <span class='ocrx_word' id='word_1_108' title='bbox 1025 1257 1073 1300; x_wconf 89' lang='lat' dir='ltr'>et</span> <span class='ocrx_word' id='word_1_109' title='bbox 1105 1252 1335 1315; x_wconf 91' lang='lat' dir='ltr'>prelatos,</span> <span class='ocrx_word' id='word_1_110' title='bbox 1370 1267 1479 1299; x_wconf 89' lang='lat' dir='ltr'>cum</span> <span class='ocrx_word' id='word_1_111' title='bbox 1513 1251 1704 1315; x_wconf 90' lang='lat' dir='ltr'>quibus,</span> <span class='ocrx_word' id='word_1_112' title='bbox 1739 1255 1786 1299; x_wconf 88' lang='lat' dir='ltr'>et</span> <span class='ocrx_word' id='word_1_113' title='bbox 1812 1249 2008 1315; x_wconf 87' lang='lat' dir='ltr'>prelatis</span> <span class='ocrx_word' id='word_1_114' title='bbox 2030 1248 2091 1296; x_wconf 89' lang='lat' dir='ltr'>ad</span> 
     </span>
     <span class='ocr_line' id='line_1_13' title="bbox 310 1332 2089 1398; baseline -0.002 -16"><span class='ocrx_word' id='word_1_115' title='bbox 310 1335 563 1398; x_wconf 91' lang='lat' dir='ltr'>publicum</span> <span class='ocrx_word' id='word_1_116' title='bbox 583 1334 924 1382; x_wconf 83' lang='lat' dir='ltr'>consistorium</span> <span class='ocrx_word' id='word_1_117' title='bbox 943 1335 1089 1394; x_wconf 86' lang='lat' dir='ltr'>venit,</span> <span class='ocrx_word' id='word_1_118' title='bbox 1109 1335 1484 1398; x_wconf 87' lang='lat' dir='ltr'>precedentibus</span> <span class='ocrx_word' id='word_1_119' title='bbox 1502 1334 1726 1398; x_wconf 90' lang='lat' dir='ltr'>gentibus</span> <span class='ocrx_word' id='word_1_120' title='bbox 1746 1334 1875 1398; x_wconf 90' lang='lat' dir='ltr'>regis</span> <span class='ocrx_word' id='word_1_121' title='bbox 1901 1349 1910 1382; x_wconf 74' lang='grc' dir='ltr'><strong><em>ε</em></strong></span> <span class='ocrx_word' id='word_1_122' title='bbox 1936 1332 2089 1380; x_wconf 88' lang='lat' dir='ltr'>secuti</span> 
     </span>
     <span class='ocr_line' id='line_1_14' title="bbox 311 1414 2089 1479; baseline -0.002 -14"><span class='ocrx_word' id='word_1_123' title='bbox 311 1414 420 1465; x_wconf 88' lang='lat' dir='ltr'>sunt</span> <span class='ocrx_word' id='word_1_124' title='bbox 446 1418 599 1466; x_wconf 89' lang='lat' dir='ltr'>nostri</span> <span class='ocrx_word' id='word_1_125' title='bbox 635 1419 891 1467; x_wconf 85' lang='lat' dir='ltr'>servitores</span> <span class='ocrx_word' id='word_1_126' title='bbox 925 1435 1191 1479; x_wconf 90' lang='lat' dir='ltr'>armorum,</span> <span class='ocrx_word' id='word_1_127' title='bbox 1228 1423 1338 1467; x_wconf 88' lang='lat' dir='ltr'>tunc</span> <span class='ocrx_word' id='word_1_128' title='bbox 1369 1419 1723 1467; x_wconf 88' lang='lat' dir='ltr'>Alexandrinus</span> <span class='ocrx_word' id='word_1_129' title='bbox 1757 1424 1804 1467; x_wconf 89' lang='lat' dir='ltr'>et</span> <span class='ocrx_word' id='word_1_130' title='bbox 1840 1416 2089 1479; x_wconf 88' lang='lat' dir='ltr'>Carthagi-</span> 
     </span>
     <span class='ocr_line' id='line_1_15' title="bbox 310 1499 2088 1566; baseline -0.002 -17"><span class='ocrx_word' id='word_1_131' title='bbox 310 1501 474 1549; x_wconf 90' lang='lat' dir='ltr'>nensis</span> <span class='ocrx_word' id='word_1_132' title='bbox 499 1501 788 1560; x_wconf 84' lang='lat' dir='ltr'>cardinales,</span> <span class='ocrx_word' id='word_1_133' title='bbox 812 1507 921 1566; x_wconf 91' lang='lat' dir='ltr'>post</span> <span class='ocrx_word' id='word_1_134' title='bbox 944 1518 1026 1550; x_wconf 91' lang='lat' dir='ltr'>eos</span> <span class='ocrx_word' id='word_1_135' title='bbox 1048 1519 1132 1551; x_wconf 88' lang='lat' dir='ltr'>rex</span> <span class='ocrx_word' id='word_1_136' title='bbox 1152 1503 1340 1551; x_wconf 90' lang='lat' dir='ltr'>medius</span> <span class='ocrx_word' id='word_1_137' title='bbox 1361 1503 1487 1551; x_wconf 90' lang='lat' dir='ltr'>inter</span> <span class='ocrx_word' id='word_1_138' title='bbox 1513 1502 1807 1550; x_wconf 89' lang='lat' dir='ltr'>cardinalem</span> <span class='ocrx_word' id='word_1_139' title='bbox 1829 1518 1868 1549; x_wconf 92' lang='grc'>5.</span> <span class='ocrx_word' id='word_1_140' title='bbox 1893 1499 2088 1563; x_wconf 85' lang='lat' dir='ltr'>Georgii</span> 
     </span>
     <span class='ocr_line' id='line_1_16' title="bbox 311 1583 2082 1650; baseline -0.001 -18"><span class='ocrx_word' id='word_1_141' title='bbox 311 1601 340 1632; x_wconf 90' lang='lat' dir='ltr'>a</span> <span class='ocrx_word' id='word_1_142' title='bbox 372 1585 552 1633; x_wconf 83' lang='lat' dir='ltr'>dextris</span> <span class='ocrx_word' id='word_1_143' title='bbox 582 1590 629 1634; x_wconf 92' lang='lat' dir='ltr'>et</span> <span class='ocrx_word' id='word_1_144' title='bbox 660 1602 698 1633; x_wconf 92' lang='grc'>5.</span> <span class='ocrx_word' id='word_1_145' title='bbox 737 1586 949 1633; x_wconf 91' lang='lat' dir='ltr'>Severini</span> <span class='ocrx_word' id='word_1_146' title='bbox 984 1602 1011 1633; x_wconf 92' lang='lat' dir='ltr'>a</span> <span class='ocrx_word' id='word_1_147' title='bbox 1042 1586 1260 1634; x_wconf 86' lang='lat' dir='ltr'>sinistris.</span> <span class='ocrx_word' id='word_1_148' title='bbox 1297 1586 1632 1650; x_wconf 87' lang='lat' dir='ltr'>Sequebantur</span> <span class='ocrx_word' id='word_1_149' title='bbox 1660 1585 1903 1649; x_wconf 89' lang='lat' dir='ltr'>principes</span> <span class='ocrx_word' id='word_1_150' title='bbox 1933 1583 2082 1646; x_wconf 91' lang='lat' dir='ltr'>regis,</span> 
     </span>
     <span class='ocr_line' id='line_1_17' title="bbox 311 1666 2086 1733; baseline -0.002 -17"><span class='ocrx_word' id='word_1_151' title='bbox 311 1668 551 1728; x_wconf 87' lang='lat' dir='ltr'>videlicet,</span> <span class='ocrx_word' id='word_1_152' title='bbox 584 1669 832 1733; x_wconf 89' lang='lat' dir='ltr'>Philippus</span> <span class='ocrx_word' id='word_1_153' title='bbox 863 1670 921 1717; x_wconf 92' lang='lat' dir='ltr'>de</span> <span class='ocrx_word' id='word_1_154' title='bbox 953 1672 1143 1730; x_wconf 89' lang='lat' dir='ltr'>Bressa,</span> <span class='ocrx_word' id='word_1_155' title='bbox 1173 1670 1269 1717; x_wconf 90' lang='lat' dir='ltr'>dux</span> <span class='ocrx_word' id='word_1_156' title='bbox 1298 1671 1356 1718; x_wconf 92' lang='lat' dir='ltr'>de</span> <span class='ocrx_word' id='word_1_157' title='bbox 1383 1669 1729 1733; x_wconf 90' lang='lat' dir='ltr'>Montpensier,</span> <span class='ocrx_word' id='word_1_158' title='bbox 1754 1668 1847 1715; x_wconf 91' lang='lat' dir='ltr'>dux</span> <span class='ocrx_word' id='word_1_159' title='bbox 1870 1667 1927 1715; x_wconf 93' lang='lat' dir='ltr'>de</span> <span class='ocrx_word' id='word_1_160' title='bbox 1949 1666 2086 1724; x_wconf 84' lang='lat' dir='ltr'>Foix,</span> 
     </span>
     <span class='ocr_line' id='line_1_18' title="bbox 316 1749 2089 1816; baseline -0.001 -18"><span class='ocrx_word' id='word_1_161' title='bbox 316 1751 410 1798; x_wconf 90' lang='lat' dir='ltr'>dux</span> <span class='ocrx_word' id='word_1_162' title='bbox 443 1752 712 1811; x_wconf 88' lang='lat' dir='ltr'>Oliviensis,</span> <span class='ocrx_word' id='word_1_163' title='bbox 747 1752 874 1801; x_wconf 91' lang='lat' dir='ltr'>filius</span> <span class='ocrx_word' id='word_1_164' title='bbox 907 1753 1042 1801; x_wconf 92' lang='lat' dir='ltr'>ducis</span> <span class='ocrx_word' id='word_1_165' title='bbox 1072 1753 1392 1801; x_wconf 87' lang='lat' dir='ltr'>Ferrariensis</span> <span class='ocrx_word' id='word_1_166' title='bbox 1424 1757 1471 1802; x_wconf 84' lang='lat' dir='ltr'>et</span> <span class='ocrx_word' id='word_1_167' title='bbox 1499 1752 1661 1816; x_wconf 92' lang='lat' dir='ltr'>plures</span> <span class='ocrx_word' id='word_1_168' title='bbox 1689 1751 1768 1798; x_wconf 88' lang='lat' dir='ltr'>alii</span> <span class='ocrx_word' id='word_1_169' title='bbox 1798 1755 1844 1799; x_wconf 95' lang='lat' dir='ltr'>et</span> <span class='ocrx_word' id='word_1_170' title='bbox 1876 1765 1988 1798; x_wconf 88' lang='lat' dir='ltr'>cum</span> <span class='ocrx_word' id='word_1_171' title='bbox 2020 1749 2089 1797; x_wconf 91' lang='lat' dir='ltr'>eis</span> 
     </span>
     <span class='ocr_line' id='line_1_19' title="bbox 316 1833 1921 1899; baseline 0.001 -19"><span class='ocrx_word' id='word_1_172' title='bbox 316 1833 429 1881; x_wconf 87' lang='lat' dir='ltr'>dicti</span> <span class='ocrx_word' id='word_1_173' title='bbox 452 1839 635 1897; x_wconf 86' lang='lat' dir='ltr'>septem</span> <span class='ocrx_word' id='word_1_174' title='bbox 657 1834 827 1897; x_wconf 88' lang='lat' dir='ltr'>prelati</span> <span class='ocrx_word' id='word_1_175' title='bbox 849 1835 1130 1883; x_wconf 85' lang='lat' dir='ltr'>assistentes</span> <span class='ocrx_word' id='word_1_176' title='bbox 1152 1851 1261 1883; x_wconf 92' lang='lat' dir='ltr'>cum</span> <span class='ocrx_word' id='word_1_177' title='bbox 1283 1835 1398 1883; x_wconf 92' lang='lat' dir='ltr'>satis</span> <span class='ocrx_word' id='word_1_178' title='bbox 1419 1851 1595 1899; x_wconf 84' lang='lat' dir='ltr'>magna</span> <span class='ocrx_word' id='word_1_179' title='bbox 1622 1834 1921 1883; x_wconf 86' lang='lat' dir='ltr'>confusione.</span> 
     </span>
    </p>

    <p class='ocr_par' dir='ltr' id='par_1_3' title="bbox 311 1905 2096 3146">
     <span class='ocr_line' id='line_1_20' title="bbox 378 1905 2089 1983; baseline 0.002 -21"><span class='ocrx_word' id='word_1_180' title='bbox 378 1919 509 1982; x_wconf 85' lang='lat' dir='ltr'>Rege</span> <span class='ocrx_word' id='word_1_181' title='bbox 535 1917 775 1977; x_wconf 83' lang='lat' dir='ltr'>veniente,</span> <span class='ocrx_word' id='word_1_182' title='bbox 817 1921 945 1982; x_wconf 90' lang='lat' dir='ltr'>Papa</span> <span class='ocrx_word' id='word_1_183' title='bbox 972 1918 1170 1967; x_wconf 91' lang='lat' dir='ltr'>dimissa</span> <span class='ocrx_word' id='word_1_184' title='bbox 1196 1918 1339 1966; x_wconf 90' lang='lat' dir='ltr'>mitra</span> <span class='ocrx_word' id='word_1_185' title='bbox 1368 1919 1527 1983; x_wconf 87' lang='lat' dir='ltr'>plana,</span> <span class='ocrx_word' id='word_1_186' title='bbox 1567 1905 1882 1981; x_wconf 68' lang='lat' dir='ltr'>reassumpsit</span> <span class='ocrx_word' id='word_1_187' title='bbox 1907 1916 2089 1981; x_wconf 89' lang='lat' dir='ltr'>pretio-</span> 
     </span>
     <span class='ocr_line' id='line_1_21' title="bbox 313 2000 2088 2066; baseline -0.001 -17"><span class='ocrx_word' id='word_1_188' title='bbox 313 2016 447 2049; x_wconf 88' lang='lat' dir='ltr'>sam:</span> <span class='ocrx_word' id='word_1_189' title='bbox 481 2017 566 2049; x_wconf 87' lang='lat' dir='ltr'>rex</span> <span class='ocrx_word' id='word_1_190' title='bbox 597 2002 709 2050; x_wconf 89' lang='lat' dir='ltr'>fecit</span> <span class='ocrx_word' id='word_1_191' title='bbox 736 2001 921 2050; x_wconf 89' lang='lat' dir='ltr'>debitas</span> <span class='ocrx_word' id='word_1_192' title='bbox 949 2002 1242 2050; x_wconf 89' lang='lat' dir='ltr'>reverentias</span> <span class='ocrx_word' id='word_1_193' title='bbox 1275 2002 1324 2049; x_wconf 92' lang='lat' dir='ltr'>in</span> <span class='ocrx_word' id='word_1_194' title='bbox 1349 2006 1545 2061; x_wconf 87' lang='lat' dir='ltr'>terram,</span> <span class='ocrx_word' id='word_1_195' title='bbox 1575 2002 1781 2066; x_wconf 89' lang='lat' dir='ltr'>primam</span> <span class='ocrx_word' id='word_1_196' title='bbox 1810 2000 1857 2048; x_wconf 92' lang='lat' dir='ltr'>in</span> <span class='ocrx_word' id='word_1_197' title='bbox 1891 2000 2088 2048; x_wconf 89' lang='lat' dir='ltr'>introitu</span> 
     </span>
     <span class='ocr_line' id='line_1_22' title="bbox 312 2082 2090 2150; baseline -0.001 -18"><span class='ocrx_word' id='word_1_198' title='bbox 312 2084 602 2144; x_wconf 90' lang='lat' dir='ltr'>consistorii,</span> <span class='ocrx_word' id='word_1_199' title='bbox 646 2082 910 2135; x_wconf 83' lang='lat' dir='ltr'>secundam</span> <span class='ocrx_word' id='word_1_200' title='bbox 950 2087 999 2134; x_wconf 91' lang='lat' dir='ltr'>in</span> <span class='ocrx_word' id='word_1_201' title='bbox 1035 2087 1231 2150; x_wconf 90' lang='lat' dir='ltr'>planum</span> <span class='ocrx_word' id='word_1_202' title='bbox 1268 2091 1378 2135; x_wconf 91' lang='lat' dir='ltr'>ante</span> <span class='ocrx_word' id='word_1_203' title='bbox 1413 2086 1586 2134; x_wconf 91' lang='lat' dir='ltr'>solium</span> <span class='ocrx_word' id='word_1_204' title='bbox 1628 2089 1774 2150; x_wconf 92' lang='lat' dir='ltr'>Pape,</span> <span class='ocrx_word' id='word_1_205' title='bbox 1818 2084 2008 2133; x_wconf 86' lang='lat' dir='ltr'>tertiam</span> <span class='ocrx_word' id='word_1_206' title='bbox 2040 2083 2090 2131; x_wconf 91' lang='lat' dir='ltr'>in</span> 
     </span>
     <span class='ocr_line' id='line_1_23' title="bbox 312 2167 2091 2233; baseline 0.001 -19"><span class='ocrx_word' id='word_1_207' title='bbox 312 2167 432 2215; x_wconf 93' lang='lat' dir='ltr'>solio</span> <span class='ocrx_word' id='word_1_208' title='bbox 455 2172 565 2216; x_wconf 85' lang='lat' dir='ltr'>ante</span> <span class='ocrx_word' id='word_1_209' title='bbox 588 2171 783 2232; x_wconf 89' lang='lat' dir='ltr'>Papam,</span> <span class='ocrx_word' id='word_1_210' title='bbox 816 2170 896 2218; x_wconf 91' lang='lat' dir='ltr'>ubi</span> <span class='ocrx_word' id='word_1_211' title='bbox 924 2171 1208 2233; x_wconf 85' lang='lat' dir='ltr'>genuflexus</span> <span class='ocrx_word' id='word_1_212' title='bbox 1238 2171 1430 2233; x_wconf 89' lang='lat' dir='ltr'>pedem,</span> <span class='ocrx_word' id='word_1_213' title='bbox 1464 2169 1638 2218; x_wconf 88' lang='lat' dir='ltr'>deinde</span> <span class='ocrx_word' id='word_1_214' title='bbox 1665 2183 1862 2217; x_wconf 91' lang='lat' dir='ltr'>manum</span> <span class='ocrx_word' id='word_1_215' title='bbox 1882 2168 2091 2216; x_wconf 89' lang='lat' dir='ltr'>deoscu-</span> 
     </span>
     <span class='ocr_line' id='line_1_24' title="bbox 311 2250 2089 2316; baseline 0.001 -19"><span class='ocrx_word' id='word_1_216' title='bbox 311 2250 437 2297; x_wconf 89' lang='lat' dir='ltr'>latus</span> <span class='ocrx_word' id='word_1_217' title='bbox 457 2256 530 2298; x_wconf 87' lang='lat' dir='ltr'>est</span> <span class='ocrx_word' id='word_1_218' title='bbox 551 2253 697 2314; x_wconf 87' lang='lat' dir='ltr'>Pape,</span> <span class='ocrx_word' id='word_1_219' title='bbox 720 2267 864 2314; x_wconf 89' lang='lat' dir='ltr'>quem</span> <span class='ocrx_word' id='word_1_220' title='bbox 887 2255 1016 2316; x_wconf 88' lang='lat' dir='ltr'>Papa</span> <span class='ocrx_word' id='word_1_221' title='bbox 1043 2253 1233 2300; x_wconf 91' lang='lat' dir='ltr'>elevans</span> <span class='ocrx_word' id='word_1_222' title='bbox 1266 2252 1327 2300; x_wconf 89' lang='lat' dir='ltr'>ad</span> <span class='ocrx_word' id='word_1_223' title='bbox 1355 2252 1451 2300; x_wconf 91' lang='lat' dir='ltr'>oris</span> <span class='ocrx_word' id='word_1_224' title='bbox 1480 2251 1698 2300; x_wconf 89' lang='lat' dir='ltr'>osculum</span> <span class='ocrx_word' id='word_1_225' title='bbox 1729 2251 1913 2315; x_wconf 90' lang='lat' dir='ltr'>recepit</span> <span class='ocrx_word' id='word_1_226' title='bbox 1943 2266 1957 2298; x_wconf 74' lang='grc' dir='ltr'>ε·</span> <span class='ocrx_word' id='word_1_227' title='bbox 1978 2253 2089 2299; x_wconf 88' lang='lat' dir='ltr'>ante</span> 
     </span>
     <span class='ocr_line' id='line_1_25' title="bbox 313 2328 2087 2396; baseline 0 -16"><span class='ocrx_word' id='word_1_228' title='bbox 313 2333 448 2396; x_wconf 89' lang='lat' dir='ltr'>cujus</span> <span class='ocrx_word' id='word_1_229' title='bbox 479 2349 734 2382; x_wconf 91' lang='lat' dir='ltr'>ascensum</span> <span class='ocrx_word' id='word_1_230' title='bbox 762 2335 822 2382; x_wconf 88' lang='lat' dir='ltr'>ad</span> <span class='ocrx_word' id='word_1_231' title='bbox 851 2336 1042 2395; x_wconf 89' lang='lat' dir='ltr'>solium,</span> <span class='ocrx_word' id='word_1_232' title='bbox 1075 2336 1398 2384; x_wconf 87' lang='lat' dir='ltr'>ascenderunt</span> <span class='ocrx_word' id='word_1_233' title='bbox 1432 2334 1702 2383; x_wconf 90' lang='lat' dir='ltr'>successive</span> <span class='ocrx_word' id='word_1_234' title='bbox 1736 2328 2087 2383; x_wconf 87' lang='lat' dir='ltr'>Alexandrinus</span> 
     </span>
     <span class='ocr_line' id='line_1_26' title="bbox 315 2415 2091 2481; baseline -0.001 -16"><span class='ocrx_word' id='word_1_235' title='bbox 315 2420 361 2465; x_wconf 86' lang='lat' dir='ltr'>et</span> <span class='ocrx_word' id='word_1_236' title='bbox 391 2417 800 2480; x_wconf 88' lang='lat' dir='ltr'>Carthaginiensis</span> <span class='ocrx_word' id='word_1_237' title='bbox 826 2418 1110 2477; x_wconf 83' lang='lat' dir='ltr'>cardinales,</span> <span class='ocrx_word' id='word_1_238' title='bbox 1149 2422 1196 2465; x_wconf 92' lang='lat' dir='ltr'>et</span> <span class='ocrx_word' id='word_1_239' title='bbox 1226 2420 1352 2481; x_wconf 91' lang='lat' dir='ltr'>Pape</span> <span class='ocrx_word' id='word_1_240' title='bbox 1381 2417 1571 2465; x_wconf 91' lang='lat' dir='ltr'>solitam</span> <span class='ocrx_word' id='word_1_241' title='bbox 1607 2415 1925 2466; x_wconf 90' lang='lat' dir='ltr'>reverentiam</span> <span class='ocrx_word' id='word_1_242' title='bbox 1964 2415 2091 2464; x_wconf 83' lang='lat' dir='ltr'>sece-</span> 
     </span>
     <span class='ocr_line' id='line_1_27' title="bbox 314 2499 2090 2565; baseline 0 -19"><span class='ocrx_word' id='word_1_243' title='bbox 314 2499 623 2547; x_wconf 85' lang='lat' dir='ltr'>runtibidem</span> <span class='ocrx_word' id='word_1_244' title='bbox 645 2506 977 2563; x_wconf 88' lang='lat' dir='ltr'>permanente,</span> <span class='ocrx_word' id='word_1_245' title='bbox 1002 2517 1116 2565; x_wconf 87' lang='lat' dir='ltr'>rege</span> <span class='ocrx_word' id='word_1_246' title='bbox 1138 2501 1198 2548; x_wconf 91' lang='lat' dir='ltr'>ad</span> <span class='ocrx_word' id='word_1_247' title='bbox 1219 2500 1459 2549; x_wconf 88' lang='lat' dir='ltr'>sinistram</span> <span class='ocrx_word' id='word_1_248' title='bbox 1476 2500 1722 2548; x_wconf 87' lang='lat' dir='ltr'>Pontificis</span> <span class='ocrx_word' id='word_1_249' title='bbox 1743 2503 1898 2547; x_wconf 91' lang='lat' dir='ltr'>stante</span> <span class='ocrx_word' id='word_1_250' title='bbox 1920 2514 1930 2546; x_wconf 74' lang='grc' dir='ltr'>ε</span> <span class='ocrx_word' id='word_1_251' title='bbox 1956 2513 2090 2546; x_wconf 90' lang='lat' dir='ltr'>com-</span> 
     </span>
     <span class='ocr_line' id='line_1_28' title="bbox 319 2581 2092 2647; baseline 0 -18"><span class='ocrx_word' id='word_1_252' title='bbox 319 2582 582 2630; x_wconf 87' lang='lat' dir='ltr'>memoravi</span> <span class='ocrx_word' id='word_1_253' title='bbox 621 2583 708 2632; x_wconf 89' lang='lat' dir='ltr'>sibi</span> <span class='ocrx_word' id='word_1_254' title='bbox 746 2600 838 2647; x_wconf 88' lang='lat' dir='ltr'>que</span> <span class='ocrx_word' id='word_1_255' title='bbox 868 2585 1014 2633; x_wconf 90' lang='lat' dir='ltr'>verba</span> <span class='ocrx_word' id='word_1_256' title='bbox 1046 2584 1319 2632; x_wconf 90' lang='lat' dir='ltr'>obedientie</span> <span class='ocrx_word' id='word_1_257' title='bbox 1346 2583 1602 2647; x_wconf 87' lang='lat' dir='ltr'>proferret.</span> <span class='ocrx_word' id='word_1_258' title='bbox 1637 2581 1900 2647; x_wconf 88' lang='lat' dir='ltr'>Respondit</span> <span class='ocrx_word' id='word_1_259' title='bbox 1932 2582 2092 2630; x_wconf 90' lang='lat' dir='ltr'>statim</span> 
     </span>
     <span class='ocr_line' id='line_1_29' title="bbox 315 2663 2090 2731; baseline 0 -19"><span class='ocrx_word' id='word_1_260' title='bbox 315 2681 366 2713; x_wconf 90' lang='lat' dir='ltr'>se</span> <span class='ocrx_word' id='word_1_261' title='bbox 395 2665 442 2712; x_wconf 93' lang='lat' dir='ltr'>id</span> <span class='ocrx_word' id='word_1_262' title='bbox 475 2666 732 2715; x_wconf 85' lang='lat' dir='ltr'>facturum.</span> <span class='ocrx_word' id='word_1_263' title='bbox 770 2668 966 2716; x_wconf 84' lang='lat' dir='ltr'>Interim</span> <span class='ocrx_word' id='word_1_264' title='bbox 1007 2671 1063 2716; x_wconf 89' lang='lat' dir='ltr'>D.</span> <span class='ocrx_word' id='word_1_265' title='bbox 1105 2668 1353 2731; x_wconf 90' lang='lat' dir='ltr'>presidens</span> <span class='ocrx_word' id='word_1_266' title='bbox 1388 2667 1672 2731; x_wconf 89' lang='lat' dir='ltr'>parlamenti</span> <span class='ocrx_word' id='word_1_267' title='bbox 1715 2665 1994 2714; x_wconf 89' lang='lat' dir='ltr'>Parisiensis</span> <span class='ocrx_word' id='word_1_268' title='bbox 2030 2663 2090 2730; x_wconf 81' lang='lat'>(1)</span> 
     </span>
     <span class='ocr_line' id='line_1_30' title="bbox 318 2738 2092 2814; baseline -0.001 -18"><span class='ocrx_word' id='word_1_269' title='bbox 318 2764 482 2810; x_wconf 88' lang='lat' dir='ltr'>coram</span> <span class='ocrx_word' id='word_1_270' title='bbox 515 2750 746 2798; x_wconf 89' lang='lat' dir='ltr'>Pontifice</span> <span class='ocrx_word' id='word_1_271' title='bbox 774 2751 919 2810; x_wconf 92' lang='lat' dir='ltr'>venit,</span> <span class='ocrx_word' id='word_1_272' title='bbox 954 2755 1001 2799; x_wconf 89' lang='lat' dir='ltr'>et</span> <span class='ocrx_word' id='word_1_273' title='bbox 1032 2751 1312 2814; x_wconf 85' lang='lat' dir='ltr'>genuflexus</span> <span class='ocrx_word' id='word_1_274' title='bbox 1347 2750 1567 2814; x_wconf 90' lang='lat' dir='ltr'>exposuit</span> <span class='ocrx_word' id='word_1_275' title='bbox 1595 2764 1761 2813; x_wconf 87' lang='lat' dir='ltr'>regem</span> <span class='ocrx_word' id='word_1_276' title='bbox 1792 2748 1852 2797; x_wconf 89' lang='lat' dir='ltr'>ad</span> <span class='ocrx_word' id='word_1_277' title='bbox 1870 2738 2092 2812; x_wconf 88' lang='lat' dir='ltr'>prestan-</span> 
     </span>
     <span class='ocr_line' id='line_1_31' title="bbox 316 2830 2090 2896; baseline -0.001 -18"><span class='ocrx_word' id='word_1_278' title='bbox 316 2831 426 2879; x_wconf 89' lang='lat' dir='ltr'>dam</span> <span class='ocrx_word' id='word_1_279' title='bbox 449 2832 771 2881; x_wconf 90' lang='lat' dir='ltr'>obedientiam</span> <span class='ocrx_word' id='word_1_280' title='bbox 795 2834 1043 2882; x_wconf 86' lang='lat' dir='ltr'>Sanctitati</span> <span class='ocrx_word' id='word_1_281' title='bbox 1066 2850 1148 2883; x_wconf 89' lang='lat' dir='ltr'>sue</span> <span class='ocrx_word' id='word_1_282' title='bbox 1165 2834 1412 2882; x_wconf 88' lang='lat' dir='ltr'>advenisse</span> <span class='ocrx_word' id='word_1_283' title='bbox 1429 2832 1772 2896; x_wconf 73' lang='lat' dir='ltr'>personaliter,</span> <span class='ocrx_word' id='word_1_284' title='bbox 1794 2830 1911 2879; x_wconf 90' lang='lat' dir='ltr'>velle</span> <span class='ocrx_word' id='word_1_285' title='bbox 1929 2836 2090 2878; x_wconf 86' lang='lat' dir='ltr'>tamen</span> 
     </span>
     <span class='ocr_line' id='line_1_32' title="bbox 318 2913 2091 2980; baseline -0.001 -19"><span class='ocrx_word' id='word_1_286' title='bbox 318 2915 450 2978; x_wconf 90' lang='lat' dir='ltr'>prius</span> <span class='ocrx_word' id='word_1_287' title='bbox 475 2920 570 2962; x_wconf 88' lang='lat' dir='ltr'>tres</span> <span class='ocrx_word' id='word_1_288' title='bbox 593 2915 770 2978; x_wconf 86' lang='lat' dir='ltr'>gratias</span> <span class='ocrx_word' id='word_1_289' title='bbox 789 2932 817 2963; x_wconf 91' lang='lat' dir='ltr'>a</span> <span class='ocrx_word' id='word_1_290' title='bbox 842 2932 928 2964; x_wconf 89' lang='lat' dir='ltr'>sua</span> <span class='ocrx_word' id='word_1_291' title='bbox 947 2917 1209 2965; x_wconf 87' lang='lat' dir='ltr'>Sanctitate</span> <span class='ocrx_word' id='word_1_292' title='bbox 1230 2920 1413 2980; x_wconf 89' lang='lat' dir='ltr'>petere,</span> <span class='ocrx_word' id='word_1_293' title='bbox 1452 2930 1558 2963; x_wconf 89' lang='lat' dir='ltr'>esse</span> <span class='ocrx_word' id='word_1_294' title='bbox 1581 2919 1865 2963; x_wconf 89' lang='lat' dir='ltr'>consuetum</span> <span class='ocrx_word' id='word_1_295' title='bbox 1882 2913 2091 2961; x_wconf 85' lang='lat' dir='ltr'>vassalos</span> 
     </span>
     <span class='ocr_line' id='line_1_33' title="bbox 317 2995 2096 3062; baseline -0.002 -17"><span class='ocrx_word' id='word_1_296' title='bbox 317 3002 428 3046; x_wconf 90' lang='lat' dir='ltr'>ante</span> <span class='ocrx_word' id='word_1_297' title='bbox 469 3013 638 3045; x_wconf 91' lang='lat' dir='ltr'>eorum</span> <span class='ocrx_word' id='word_1_298' title='bbox 679 2999 1027 3062; x_wconf 85' lang='lat' dir='ltr'>prestationem</span> <span class='ocrx_word' id='word_1_299' title='bbox 1061 3000 1156 3048; x_wconf 90' lang='lat' dir='ltr'>sive</span> <span class='ocrx_word' id='word_1_300' title='bbox 1195 2999 1476 3062; x_wconf 90' lang='lat' dir='ltr'>homagium</span> <span class='ocrx_word' id='word_1_301' title='bbox 1511 2997 1735 3045; x_wconf 87' lang='lat' dir='ltr'>investire</span> <span class='ocrx_word' id='word_1_302' title='bbox 1769 2995 1862 3057; x_wconf 77' lang='lat'>(2);</span> <span class='ocrx_word' id='word_1_303' title='bbox 1900 2995 2096 3060; x_wconf 90' lang='lat' dir='ltr'>petebat</span> 
     </span>
     <span class='ocr_line' id='line_1_34' title="bbox 318 3079 2095 3146; baseline 0 -20"><span class='ocrx_word' id='word_1_304' title='bbox 318 3085 600 3143; x_wconf 82' lang='lat' dir='ltr'>propterea3</span> <span class='ocrx_word' id='word_1_305' title='bbox 646 3085 687 3128; x_wconf 89' lang='lat'>1⁰</span> <span class='ocrx_word' id='word_1_306' title='bbox 718 3082 913 3130; x_wconf 87' lang='lat' dir='ltr'>omnino</span> <span class='ocrx_word' id='word_1_307' title='bbox 946 3083 1107 3130; x_wconf 90' lang='lat' dir='ltr'>omnia</span> <span class='ocrx_word' id='word_1_308' title='bbox 1139 3082 1386 3146; x_wconf 89' lang='lat' dir='ltr'>privilegia</span> <span class='ocrx_word' id='word_1_309' title='bbox 1419 3079 1828 3130; x_wconf 87' lang='lat' dir='ltr'>Christianissimo</span> <span class='ocrx_word' id='word_1_310' title='bbox 1862 3079 1963 3144; x_wconf 89' lang='lat' dir='ltr'>regi</span> <span class='ocrx_word' id='word_1_311' title='bbox 1991 3079 2095 3143; x_wconf 91' lang='lat' dir='ltr'>ejus</span> 
     </span>
    </p>
   </div>
   <div class='ocr_carea' id='block_1_3' title="bbox 366 3197 2094 3248">
    <p class='ocr_par' dir='ltr' id='par_1_4' title="bbox 366 3197 2094 3248">
     <span class='ocr_line' id='line_1_35' title="bbox 366 3197 2094 3248; baseline -0.001 -13"><span class='ocrx_word' id='word_1_312' title='bbox 366 3199 399 3235; x_wconf 90' lang='lat'>1.</span> <span class='ocrx_word' id='word_1_313' title='bbox 423 3198 519 3234; x_wconf 89' lang='lat' dir='ltr'>Telle</span> <span class='ocrx_word' id='word_1_314' title='bbox 540 3203 597 3235; x_wconf 87' lang='lat' dir='ltr'>est</span> <span class='ocrx_word' id='word_1_315' title='bbox 615 3198 649 3234; x_wconf 88' lang='lat' dir='ltr'>la</span> <span class='ocrx_word' id='word_1_316' title='bbox 668 3199 770 3244; x_wconf 69' lang='lat' dir='ltr'>leeon</span> <span class='ocrx_word' id='word_1_317' title='bbox 797 3198 844 3235; x_wconf 93' lang='lat' dir='ltr'>du</span> <span class='ocrx_word' id='word_1_318' title='bbox 879 3199 984 3248; x_wconf 87' lang='lat' dir='ltr'>Chigi</span> <span class='ocrx_word' id='word_1_319' title='bbox 1004 3204 1040 3237; x_wconf 91' lang='lat' dir='ltr'>et</span> <span class='ocrx_word' id='word_1_320' title='bbox 1059 3200 1108 3236; x_wconf 90' lang='lat' dir='ltr'>du</span> <span class='ocrx_word' id='word_1_321' title='bbox 1127 3201 1278 3237; x_wconf 67' lang='lat'>55222.</span> <span class='ocrx_word' id='word_1_322' title='bbox 1299 3198 1443 3237; x_wconf 89' lang='lat' dir='ltr'>Rinaldi</span> <span class='ocrx_word' id='word_1_323' title='bbox 1464 3198 1584 3235; x_wconf 89' lang='lat' dir='ltr'>donne</span> <span class='ocrx_word' id='word_1_324' title='bbox 1606 3209 1614 3234; x_wconf 77' lang='lat' dir='ltr'><em>z</em></span> <span class='ocrx_word' id='word_1_325' title='bbox 1638 3214 1656 3232; x_wconf 89' lang='lat'>«</span> <span class='ocrx_word' id='word_1_326' title='bbox 1680 3197 1825 3234; x_wconf 90' lang='lat' dir='ltr'>Interim</span> <span class='ocrx_word' id='word_1_327' title='bbox 1844 3198 1888 3235; x_wconf 95' lang='lat' dir='ltr'>D.</span> <span class='ocrx_word' id='word_1_328' title='bbox 1910 3197 2094 3234; x_wconf 78' lang='lat' dir='ltr'>Johannes</span> 
     </span>
    </p>
   </div>
   <div class='ocr_carea' id='block_1_4' title="bbox 317 3256 2095 3365">
    <p class='ocr_par' dir='ltr' id='par_1_5' title="bbox 317 3256 2095 3365">
     <span class='ocr_line' id='line_1_36' title="bbox 318 3256 2095 3308; baseline 0.002 -14"><span class='ocrx_word' id='word_1_329' title='bbox 318 3257 470 3304; x_wconf 82' lang='lat' dir='ltr'>Rovam,</span> <span class='ocrx_word' id='word_1_330' title='bbox 493 3258 630 3306; x_wconf 86' lang='lat' dir='ltr'>primus</span> <span class='ocrx_word' id='word_1_331' title='bbox 651 3258 847 3295; x_wconf 83' lang='lat' dir='ltr'>Presidens</span> <span class='ocrx_word' id='word_1_332' title='bbox 869 3274 887 3294; x_wconf 87' lang='lat'>»</span> <span class='ocrx_word' id='word_1_333' title='bbox 911 3263 1011 3308; x_wconf 86' lang='lat' dir='ltr'>(pag.</span> <span class='ocrx_word' id='word_1_334' title='bbox 1034 3261 1140 3308; x_wconf 78' lang='lat'>231);</span> <span class='ocrx_word' id='word_1_335' title='bbox 1162 3260 1193 3297; x_wconf 79' lang='lat' dir='ltr'>le</span> <span class='ocrx_word' id='word_1_336' title='bbox 1213 3261 1280 3297; x_wconf 82' lang='lat'>149</span> <span class='ocrx_word' id='word_1_337' title='bbox 1302 3271 1310 3297; x_wconf 91' lang='lat'>:</span> <span class='ocrx_word' id='word_1_338' title='bbox 1333 3261 1486 3302; x_wconf 82' lang='lat' dir='ltr'>Bacam‚·</span> <span class='ocrx_word' id='word_1_339' title='bbox 1504 3258 1537 3295; x_wconf 86' lang='lat' dir='ltr'>le</span> <span class='ocrx_word' id='word_1_340' title='bbox 1555 3259 1650 3294; x_wconf 83' lang='lat'>5160</span> <span class='ocrx_word' id='word_1_341' title='bbox 1674 3269 1681 3293; x_wconf 91' lang='grc'>;</span> <span class='ocrx_word' id='word_1_342' title='bbox 1702 3260 1875 3294; x_wconf 79' lang='lat' dir='ltr'>Braccau.</span> <span class='ocrx_word' id='word_1_343' title='bbox 1897 3257 1991 3305; x_wconf 84' lang='lat' dir='ltr'>Voy.</span> <span class='ocrx_word' id='word_1_344' title='bbox 2011 3256 2095 3305; x_wconf 86' lang='lat' dir='ltr'>plus</span> 
     </span>
     <span class='ocr_line' id='line_1_37' title="bbox 317 3317 798 3365; baseline 0.004 -12"><span class='ocrx_word' id='word_1_345' title='bbox 317 3317 421 3363; x_wconf 88' lang='lat' dir='ltr'>haut,</span> <span class='ocrx_word' id='word_1_346' title='bbox 443 3329 528 3365; x_wconf 82' lang='lat' dir='ltr'>pag.</span> <span class='ocrx_word' id='word_1_347' title='bbox 551 3319 633 3362; x_wconf 90' lang='lat'>221,</span> <span class='ocrx_word' id='word_1_348' title='bbox 657 3322 739 3355; x_wconf 87' lang='lat' dir='ltr'>note</span> <span class='ocrx_word' id='word_1_349' title='bbox 762 3319 798 3355; x_wconf 89' lang='lat'>1.</span> 
     </span>
    </p>
   </div>
   <div class='ocr_carea' id='block_1_5' title="bbox 318 3374 2093 3486">
    <p class='ocr_par' dir='ltr' id='par_1_6' title="bbox 318 3374 2093 3486">
     <span class='ocr_line' id='line_1_38' title="bbox 365 3374 2093 3427; baseline 0.001 -17"><span class='ocrx_word' id='word_1_350' title='bbox 365 3376 405 3413; x_wconf 87' lang='lat'>2.</span> <span class='ocrx_word' id='word_1_351' title='bbox 501 3389 518 3409; x_wconf 93' lang='lat'>«</span> <span class='ocrx_word' id='word_1_352' title='bbox 541 3375 765 3414; x_wconf 82' lang='lat' dir='ltr'>Consuetum</span> <span class='ocrx_word' id='word_1_353' title='bbox 799 3378 893 3415; x_wconf 85' lang='lat' dir='ltr'>enim</span> <span class='ocrx_word' id='word_1_354' title='bbox 914 3379 949 3416; x_wconf 91' lang='lat' dir='ltr'>id</span> <span class='ocrx_word' id='word_1_355' title='bbox 984 3391 1065 3416; x_wconf 90' lang='lat' dir='ltr'>esse</span> <span class='ocrx_word' id='word_1_356' title='bbox 1095 3377 1251 3418; x_wconf 83' lang='lat' dir='ltr'>vassalis</span> <span class='ocrx_word' id='word_1_357' title='bbox 1284 3382 1368 3416; x_wconf 84' lang='lat' dir='ltr'>ante</span> <span class='ocrx_word' id='word_1_358' title='bbox 1399 3376 1604 3416; x_wconf 81' lang='lat' dir='ltr'>obedientie</span> <span class='ocrx_word' id='word_1_359' title='bbox 1633 3375 1900 3427; x_wconf 80' lang='lat' dir='ltr'>praestationem</span> <span class='ocrx_word' id='word_1_360' title='bbox 1933 3374 2009 3413; x_wconf 87' lang='lat' dir='ltr'>sive</span> <span class='ocrx_word' id='word_1_361' title='bbox 2027 3374 2093 3412; x_wconf 89' lang='lat' dir='ltr'>ho·-</span> 
     </span>
     <span class='ocr_line' id='line_1_39' title="bbox 318 3435 915 3486; baseline 0.007 -15"><span class='ocrx_word' id='word_1_362' title='bbox 318 3435 427 3483; x_wconf 84' lang='lat' dir='ltr'>magii</span> <span class='ocrx_word' id='word_1_363' title='bbox 451 3447 474 3472; x_wconf 90' lang='lat'>:.</span> <span class='ocrx_word' id='word_1_364' title='bbox 498 3449 516 3469; x_wconf 72' lang='lat' dir='ltr'>n</span> <span class='ocrx_word' id='word_1_365' title='bbox 540 3436 699 3482; x_wconf 83' lang='lat' dir='ltr'>Rinaldi,</span> <span class='ocrx_word' id='word_1_366' title='bbox 722 3449 806 3486; x_wconf 86' lang='lat' dir='ltr'>pag.</span> <span class='ocrx_word' id='word_1_367' title='bbox 832 3439 915 3475; x_wconf 85' lang='lat'>231.</span> 
     </span>
    </p>
   </div>
  </div>
 </body>
</html>
