2202 3926
261 352 308 389 72
876 340 1107 380 JOHANNIS
1141 339 1438 385 BURCHARDI,
1847 335 1931 389 [Mai
1955 335 2051 375 1493]

260 456 551 520 imperatore
579 449 783 509 vivente,
811 446 1070 511 imperium
1099 445 1419 494 administrat.
1443 445 1563 491 Nam
1591 459 1701 491 cum
1732 443 2047 492 manifestum

261 541 321 590 sit
342 556 441 588 non
471 537 564 586 alia
593 535 779 584 ratione
809 547 977 596 regem
1013 530 1125 593 eligi
1159 532 1489 576 Romanorum
1521 527 1614 574 alio
1650 525 1810 574 adhuc
1845 526 2050 587 vivente,

259 624 351 674 nisi
381 627 431 671 ut
458 622 606 686 ipsius
638 616 919 682 imperantis
946 615 1047 678 jam
1079 611 1251 660 debilis
1282 609 1563 673 impotentis
1590 609 1784 658 labores
1815 611 2047 674 suscipiat

261 715 523 772 gravesque
551 701 739 766 imperii
767 714 907 748 curas
933 701 981 744 et
1009 711 1183 744 oneras
1216 693 1431 758 gerenda
1458 697 1722 756 pertractet
1749 698 1798 743 et
1827 694 2056 742 adminis-

262 796 372 849 tret,
392 786 675 850 rationabile
697 783 914 847 profecto
935 784 983 828 et
1005 794 1184 841 equum
1208 781 1280 825 est
1297 792 1409 825 eum
1426 792 1536 824 cum
1558 776 1662 840 ipso
1685 776 1979 841 imperatore
1999 794 2055 828 ac

262 877 299 924 si
326 874 496 924 eadem
517 883 726 935 persona
746 870 875 915 esset
899 863 1084 913 eisdem
1106 861 1256 910 titulis
1290 864 1336 908 et
1357 860 1624 908 honoribus
1653 860 1875 909 decorari
1905 879 1914 909 :
1939 861 2054 913 hinc

262 973 431 1009 eorum
471 959 727 1016 utrumque
765 955 813 999 et
848 951 1074 998 Cesarem
1110 950 1156 995 et
1190 960 1386 1008 semper
1428 947 1685 1008 augustum
1721 944 2059 992 communibus

263 1042 417 1091 titulis
438 1036 668 1104 appellari
691 1035 926 1092 videmus,
951 1036 1002 1080 ut
1031 1046 1142 1078 eum
1172 1028 1395 1077 eamdem
1417 1031 1465 1076 et
1491 1027 1798 1091 imperatoris
1821 1031 1867 1076 et
1888 1030 2062 1076 Roma-

263 1140 441 1174 norum
477 1121 606 1184 regis
640 1117 955 1183 provinciam,
989 1115 1217 1176 idemque
1250 1112 1496 1175 utriusque
1528 1127 1735 1176 regnum
1765 1126 1872 1159 esse
1906 1110 2058 1159 fatea-

265 1225 391 1269 mur,
417 1207 522 1270 ipso
545 1203 743 1252 nomine
761 1205 947 1250 tantum
967 1214 1051 1247 eos
1074 1197 1268 1246 differre
1293 1195 1564 1244 concedere
1587 1196 1869 1244 debeamus,

339 1313 361 1336 a
399 1294 607 1339 Demum
639 1286 780 1335 sicuti
815 1287 981 1332 sancta
1014 1286 1169 1330 mater
1206 1280 1439 1341 Ecclesia,
1481 1295 1536 1328 ac
1571 1296 1763 1328 sacrum
1807 1295 2061 1328 romanum

269 1374 547 1439 imperium,
576 1372 614 1419 si
637 1371 796 1434 aliquo
820 1368 949 1432 gravi
972 1365 1188 1431 periculo
1213 1364 1491 1413 laborarent
1513 1379 1611 1412 non
1631 1364 1766 1412 senio
1789 1363 2056 1424 confectus,

272 1463 352 1507 aut
367 1458 546 1507 viribus
563 1457 664 1520 jam
687 1453 1003 1518 effectusjam
1026 1451 1306 1514 imperator,
1333 1449 1419 1497 sed
1437 1449 1540 1513 ipse
1561 1464 1644 1497 rex
1666 1452 1994 1497 Romanorum
2016 1447 2059 1496 ei

271 1542 446 1590 viventi
473 1540 702 1588 suffectus
736 1538 828 1586 illis
864 1549 1142 1585 succurrere
1173 1537 1438 1591 teneretur,
1470 1533 1536 1580 ita
1566 1533 1736 1597 procul
1766 1532 1911 1580 dubio
1942 1547 2061 1580 con-

274 1630 558 1674 sentaneum
586 1630 631 1672 et
662 1621 934 1686 legitimum
967 1623 1058 1678 est,
1086 1622 1134 1666 et
1160 1618 1241 1681 qui
1265 1617 1456 1665 labores
1487 1621 1535 1664 et
1564 1617 1778 1680 pericula
1798 1617 1997 1681 prefert,
2021 1616 2061 1664 is

272 1709 485 1758 vicissim
511 1708 726 1756 honores
755 1705 1038 1770 premiaque
1066 1702 1312 1766 suscipiat,
1342 1700 1533 1764 Περαία
1565 1700 1718 1760 duris,
1742 1701 1824 1765 qui
1849 1701 1991 1748 sentit
2007 1699 2063 1747 de

275 1793 451 1857 νθρῑιίὶε
472 1792 587 1840 libro
620 1791 705 1840 VI.
728 1789 845 1839 etL.
860 1787 1118 1837 secundum
1141 1794 1364 1834 naturam
1380 1785 1440 1850 ff.
1467 1784 1625 1832 eodem
1648 1784 1798 1833 titulo.

344 1897 367 1921 «
398 1878 574 1925 Contra
606 1874 738 1922 enim
770 1888 933 1921 rerum
971 1875 1213 1928 naturam,
1253 1868 1435 1917 nedum
1459 1868 1714 1927 rationem,
1737 1868 1842 1917 fieri
1871 1869 2062 1917 videre-

274 1965 368 2019 tur,
400 1959 438 2006 si
471 1959 572 2022 regi
607 1961 937 2006 Romanorum
969 1969 1136 2019 graves
1169 1952 1361 2016 imperii
1393 1952 1587 2001 labores
1629 1956 1676 2000 et
1713 1952 1880 2000 anxias
1922 1968 2064 2001 curas

275 2025 555 2093 demandari
583 2046 628 2090 et
658 2040 877 2106 ejusdem
898 2039 1113 2088 honores
1139 2043 1187 2087 et
1208 2037 1372 2087 titulos
1395 2037 1438 2086 ei
1470 2036 1702 2100 denegari
1725 2035 1903 2085 debere
1929 2035 2064 2085 dixe-

274 2130 443 2178 rimus.

332 2208 368 2256 '«
397 2213 499 2267 Quo
522 2210 576 2258 fit
595 2213 646 2256 ut
667 2209 944 2257 necessario
976 2207 1340 2264 concludamus,
1363 2206 1525 2268 ipsum
1547 2207 1876 2253 Romanorum
1898 2219 2063 2268 regem

276 2295 507 2344 canonice
538 2294 763 2351 electum,
787 2295 834 2340 et
861 2307 889 2338 a
916 2294 1083 2339 sancta
1110 2304 1312 2338 romana
1339 2288 1556 2336 Ecclesia
1587 2304 1674 2351 pro
1706 2303 1820 2351 rege
1848 2287 2064 2351 agnitum

277 2383 418 2443 atque
450 2381 748 2440 susceptum,
777 2374 952 2423 ceteris
982 2374 1206 2421 omnibus
1235 2371 1510 2421 christianis
1541 2371 1733 2436 regibus
1764 2371 1867 2419 sine
1896 2387 2066 2420 eorum

276 2463 452 2527 injuria
473 2460 670 2510 omnino
697 2458 1060 2523 preferendum.
1090 2477 1111 2501 »

344 2545 495 2595 Hodie
519 2544 634 2592 dum
662 2543 812 2590 missa
834 2542 882 2589 in
906 2542 1107 2591 basilica
1135 2542 1289 2589 sancti
1319 2539 1448 2588 Petri
1473 2539 1818 2602 celebraretur,
1839 2540 2066 2589 vexillum

279 2629 375 2677 sive
396 2627 708 2676 stendardum
726 2626 775 2673 vin
801 2625 1051 2688 superiore
1071 2630 1206 2689 parte
1228 2625 1372 2674 turris
1395 2624 1541 2673 castri
1565 2624 1720 2672 sancti
1740 2623 1911 2687 Angeli
1933 2624 2066 2688 posi-

279 2716 380 2759 tum
401 2712 534 2775 juxta
558 2710 763 2773 figuram
799 2708 957 2772 angeli
979 2708 1208 2757 deorsum
1229 2724 1418 2757 versam
1441 2724 1527 2772 per
1554 2723 1747 2755 murum
1772 2706 2066 2770 pendentem

278 2793 561 2856 permansit,
583 2792 713 2855 quod
740 2792 798 2840 ab
831 2792 1072 2851 omnibus,
1098 2791 1327 2855 pontifice
1348 2791 1397 2837 in
1417 2790 1525 2839 loco
1547 2791 1738 2856 publice
1764 2791 2068 2840 benedictio-

278 2876 353 2924 nis
375 2875 554 2939 populo
579 2875 914 2935 benedicente,
939 2875 1095 2924 visum
1118 2880 1208 2923 est.

347 2959 461 3008 Heri
485 2973 593 3006 sero
621 2960 835 3021 vesperis
862 2959 1022 3006 nullus
1046 2958 1385 3021 episcoporum
1417 2956 1733 3004 cardinalium
1760 2956 1994 3016 interfuit,
2020 2962 2068 3004 et

278 3043 372 3091 hoc
396 3057 538 3090 mane
563 3041 711 3089 misse
740 3057 865 3089 unus
890 3045 1094 3101 tantum,
1122 3040 1344 3087 videlicet
1373 3042 1539 3086 Rmus.
1568 3042 1625 3086 D.
1653 3038 1911 3087 cardinalis
1932 3040 2065 3088 Ulix-

279 3126 527 3176 bonensis,

343 3209 483 3258 Feria
514 3209 673 3270 tertia,
695 3213 721 3257 2
758 3209 872 3256 dicti
905 3207 1087 3256 mensis
1109 3207 1242 3267 maii,
1276 3200 1330 3254 R.
1356 3206 1405 3254 in
1428 3207 1615 3255 Christo
1640 3209 1693 3254 P.
1729 3210 1785 3256 D.
1817 3209 2060 3273 Aloysius,

277 3284 532 3358 episcopus
573 3293 890 3351 PisaurensiS,
921 3290 1209 3340 constitutus
1249 3306 1424 3354 regens
1458 3291 1744 3340 cancellarie
1773 3291 2056 3355 apostolice,

275 3383 326 3426 ut
350 3378 457 3426 talis
487 3393 514 3425 a
542 3377 896 3441 presidentibus
930 3375 988 3423 de
1021 3390 1167 3438 parco
1199 3374 1367 3438 majori
1399 3380 1621 3438 receptus
1657 3379 1730 3423 est
1761 3394 1769 3422 :
1809 3376 2058 3439 signatura

278 3477 390 3510 vero
420 3461 709 3526 simplicium
737 3459 1134 3509 commissionum
1161 3463 1208 3507 et
1236 3458 1437 3507 aliarum
1466 3475 1552 3523 per
1574 3459 1739 3522 placet
1763 3459 2061 3522 signatarum
