2222 3926
310 390 377 424 278
924 384 1154 421 JOHANNIS
1190 382 1484 425 BURCHARDI,
1885 385 1968 424 [Mai
1990 387 2084 427 1496]

380 490 646 548 Dominica,
673 492 699 536 8
715 488 847 546 maii,
871 487 1144 534 intimatum
1165 486 1250 532 fuit
1273 484 1494 531 omnibus
1513 499 1600 546 per
1620 483 1900 532 affixionem
1917 486 2083 535 cedule

314 576 359 621 in
388 574 531 621 valvis
566 571 850 620 cancellarie
875 569 1137 632 apostolice
1161 567 1306 629 quod,
1338 582 1365 613 a
1386 566 1461 613 die
1484 566 1650 613 martis
1678 565 1899 629 proxima
1937 583 2084 630 usque

315 656 374 703 ad
395 656 523 702 diem
547 653 728 700 sabbati
749 651 1022 714 proximam
1042 648 1290 707 inclusive,
1313 648 1514 712 singulis
1537 648 1706 696 diebus
1728 649 1819 696 erit
1843 649 2085 712 expeditio

317 737 717 801 expectativarum
739 750 824 797 per
845 732 1181 780 cancellariam
1204 731 1516 795 apostolicam
1537 737 1584 780 et
1601 732 1852 780 mittentur
1865 732 2086 796 expedite

319 821 487 869 cadem
513 819 588 865 <lic
613 817 795 865 sabbati
819 816 959 863 simul
981 816 1040 863 ad
1060 815 1327 879 plumbum.
2078 868 2083 871 ‚

384 904 522 952 Feria
543 905 727 965 quarta,
764 904 814 947 11
842 900 1022 947 mensis
1054 899 1183 957 maii,
1215 899 1405 946 fuerunt
1433 899 1653 962 expedite
1685 898 1876 946 circiter
1898 903 2091 948 centum

319 987 612 1052 expectativc
636 1001 722 1049 per
742 999 985 1032 cameram
1005 987 1052 1030 et
1073 983 1238 1031 habite
1259 998 1346 1046 pro
1370 982 1583 1030 secunda
1604 982 1926 1045 expeditione.

385 1071 565 1118 Eadem
587 1070 683 1127 die,
709 1067 870 1130 vigilia
900 1066 1199 1114 ascensionis
1222 1069 1278 1114 D.
1304 1069 1361 1114 N.
1388 1067 1436 1114 S.
1461 1065 1656 1125 Christi,
1686 1065 1877 1114 suerunt
1899 1082 2093 1130 vespere

321 1155 516 1218 papales
538 1154 586 1199 iu
609 1151 795 1215 capella
809 1150 1000 1214 majori,
1027 1153 1156 1213 Papa
1175 1152 1420 1212 presente.

389 1241 444 1285 Et
463 1238 510 1284 in
535 1236 610 1284 die
642 1233 880 1297 sequenti,
917 1233 1041 1281 festo
1081 1232 1378 1280 ascensionis
1415 1233 1653 1297 ejusdem,
1689 1233 1836 1281 missa
1869 1233 2097 1297 solemnis

328 1323 413 1370 suit
434 1322 482 1368 in
504 1319 699 1367 basilica
739 1334 778 1365 s.
824 1317 952 1365 Petri
992 1332 1135 1379 quam
1176 1316 1434 1365 celebravit
1473 1320 1638 1364 Rmus.
1683 1320 1740 1366 D.
1782 1317 2034 1365 cardinalis
2055 1333 2094 1365 s.

326 1403 557 1468 Dionysii,
583 1406 712 1465 Papa
732 1404 975 1468 presente.
1002 1403 1104 1448 Non
1136 1400 1222 1447 fuit
1244 1416 1405 1447 sermo
1431 1416 1575 1463 quem
1601 1402 1811 1448 facturus
1834 1406 1935 1449 erat
1956 1400 2099 1452 nimis

320 1488 507 1552 juvenis
532 1485 731 1533 scutifer
764 1484 1020 1531 cardinalis
1047 1483 1305 1532 Valentini.
1342 1484 1488 1531 Missa
1511 1484 1662 1543 finita,
1694 1487 1824 1547 Papa
1845 1484 1973 1532 venit
1997 1483 2099 1534 sine

324 1570 628 1628 baldachino,
660 1571 803 1630 prout
831 1567 977 1614 etiam
1009 1566 1292 1614 ascenderat
1326 1566 1385 1614 de
1407 1567 1582 1630 palatio
1616 1583 1702 1630 per
1730 1582 1899 1615 navem
1928 1566 2099 1616 Vultus

330 1653 538 1711 Domini,
564 1667 699 1698 more
723 1650 882 1708 solito,
908 1650 1017 1697 inde
1040 1649 1255 1697 ascendit
1276 1649 1326 1697 in
1351 1650 1513 1697 locum
1531 1651 1722 1713 publice
1748 1650 2101 1698 benedictionis

331 1738 414 1783 SS.
438 1739 494 1783 D.
521 1739 701 1793 noster,
735 1733 815 1780 ubi
841 1732 1018 1796 populo
1050 1732 1331 1780 solemniter
1349 1733 1611 1792 benedixit,
1637 1738 1684 1781 et
1711 1733 1840 1781 dedit
1861 1733 2101 1796 plenarias

332 1818 649 1881 indulgentias
672 1833 788 1879 quas
818 1815 1255 1879 pronunciaverunt
1276 1818 1439 1863 Rmus.
1475 1819 1532 1864 D.
1570 1816 1825 1864 cardinalis
1847 1832 1886 1864 s.
1913 1814 2102 1878 Georgii

330 1905 376 1949 et
417 1900 690 1957 Cesarinus,
730 1899 978 1955 diaconus,
1009 1898 1059 1944 in
1079 1897 1226 1945 latino
1266 1903 1311 1946 et
1335 1899 1382 1946 in
1412 1899 1593 1963 vulgari
1621 1916 1630 1947 :
1665 1899 1757 1947 alia
1786 1913 1921 1948 more
1961 1897 2102 1947 solito

331 1989 440 2032 sunt
463 1984 729 2031 observata.

400 2068 536 2116 Feria
555 2071 704 2126 sexta,
731 2070 791 2114 20
813 2067 946 2126 maii,
971 2067 1099 2115 circa
1120 2067 1291 2115 horam
1313 2067 1594 2130 vigesimam
1620 2082 1782 2126 unam,
1806 2067 2105 2116 intraverunt

334 2153 512 2201 Urbem
539 2167 626 2215 per
655 2157 843 2214 portam
875 2154 1249 2199 Lateranensem
1278 2153 1378 2198 ΠΙ).
1412 2151 1663 2199 Goffredus
1692 2151 1868 2214 Borgia
1895 2151 1954 2200 de
1986 2153 2107 2201 Ara-

341 2235 500 2299 gonia,
529 2234 755 2297 princeps
790 2234 1016 2296 Squillaci
1045 2238 1092 2281 et
1122 2249 1285 2282 comes
1308 2234 1512 2292 Cariate,
1547 2235 1632 2282 SS.
1666 2237 1724 2281 D.
1761 2236 1819 2282 N.
1849 2235 2107 2283 Alexandri

332 2334 453 2381 pape
484 2320 546 2367 VI
578 2317 721 2375 filius,
746 2317 793 2363 in
826 2317 1014 2365 decimo
1045 2321 1212 2380 quarto
1252 2317 1324 2365 vel
1363 2317 1490 2364 circa
1514 2317 1654 2365 etatis
1686 2332 1769 2365 sue
1798 2318 2104 2378 constitutus,

335 2405 381 2449 et
404 2389 608 2448 Domina
629 2400 803 2447 Saucia
824 2400 883 2447 de
912 2402 1154 2464 Aragona,
1186 2401 1290 2464 ejus
1315 2416 1449 2458 uxor,
1484 2416 1594 2447 cum
1629 2416 1713 2448 sex
1744 2400 1819 2449 vel
1851 2401 1979 2449 circa
2006 2401 2109 2452 aliis

336 2483 616 2531 mulieribus
649 2483 968 2546 pedissequis,
993 2484 1164 2546 quibus
1197 2487 1431 2532 venerunt
1461 2483 1650 2531 obviam
1673 2484 1951 2547 capitaneus
1973 2498 2112 2547 squa-

337 2569 543 2614 dronum
566 2583 675 2614 cum
698 2568 920 2630 gentibus
944 2567 1039 2614 suis
1058 2567 1253 2614 armatis
1284 2582 1485 2615 numero
1510 2582 1564 2614 cc
1584 2567 1657 2615 vel
1685 2567 1828 2626 circa,
1862 2572 1909 2614 et
1930 2566 2108 2617 familie

338 2650 556 2698 omnium
579 2650 913 2709 cardinalium,
939 2654 986 2698 et
1006 2650 1175 2714 prelati
1198 2653 1342 2714 Pape.
1365 2652 1576 2698 Fuerunt
1597 2650 1726 2697 enim
1746 2649 1840 2698 hoc
1861 2665 2003 2698 mane
2025 2665 2113 2714 per

340 2749 563 2780 cursores
587 2735 669 2780 SS.
703 2736 760 2781 D.
787 2736 844 2781 N.
869 2749 991 2797 pape
1023 2733 1177 2797 rogati
1207 2734 1266 2781 ad
1297 2733 1574 2781 instantiam
1605 2738 1653 2781 et
1686 2748 1745 2782 ex
1778 2738 1915 2796 parte
1955 2733 2111 2783 cardi-

343 2816 465 2862 nalis
511 2816 750 2865 Valentini
787 2817 958 2880 singuli
1000 2817 1268 2864 cardinales
1315 2817 1444 2879 quod
1483 2815 1797 2878 dignarentur
1838 2816 2110 2879 capellanos

344 2903 391 2945 et
424 2898 674 2946 scutiferos
706 2915 817 2946 suos
850 2900 1038 2947 obviam
1067 2900 1259 2947 mittere
1284 2898 1470 2963 prefato
1495 2902 1552 2946 D.
1585 2898 1808 2947 Goffredo
1841 2898 1975 2947 fratri
2003 2914 2108 2958 suo,

343 2982 521 3030 Urbem
544 2982 736 3030 intranti
760 2998 769 3028 :
799 2982 928 3044 quod
949 2986 996 3029 et
1034 2983 1250 3030 fecerunt
1270 2996 1440 3030 omnes
1461 2985 1596 3030 extra
1614 2985 1801 3045 portam
1825 2981 2108 3044 predictam,

345 3071 479 3113 extra
500 3080 644 3127 quam
664 3064 791 3113 venit
807 3065 994 3112 obviam
1018 3065 1201 3113 eisdem
1229 3067 1286 3112 D.
1310 3064 1531 3113 Lucretia
1557 3064 1749 3124 Sfortia,
1775 3065 1919 3113 etiam
1940 3067 2026 3114 SS.
2053 3068 2109 3114 D.

345 3151 401 3195 N.
426 3163 547 3211 pape
569 3148 684 3208 filia,
708 3163 827 3196 uxor
848 3147 1155 3195 illustrissimi
1171 3150 1227 3195 D.
1251 3147 1482 3195 Johannis
1499 3147 1688 3205 Sfortie‚
1708 3147 1892 3196 Pisauri
1911 3149 2110 3209 domini,

347 3247 482 3278 soror
495 3234 549 3278 D.
577 3232 787 3279 Goffredi
809 3231 1030 3279 intrantis
1043 3247 1152 3278 cum
1171 3230 1428 3279 duodecim
1450 3231 1554 3278 aliis
1575 3231 1649 3279 vel
1668 3231 1797 3279 circa
1810 3232 2109 3292 mulieribus,

345 3318 454 3361 ante
493 3314 678 3362 habeus
710 3315 831 3362 duos
858 3315 1042 3378 pagios,
1077 3314 1197 3363 duos
1237 3314 1491 3362 mantellos
1523 3314 1814 3374 deferentes,
1846 3315 2111 3364 insidentes

346 3397 530 3444 duobus
579 3398 731 3460 equis.
779 3414 982 3461 quorum
1016 3414 1138 3444 unus
1179 3401 1456 3460 coopertam
1484 3398 1541 3445 dc
1564 3399 1790 3448 broccato
1825 3415 1971 3448 aureo
2003 3399 2112 3463 pul-

350 3480 607 3538 cherrimo,
633 3481 751 3528 alius
780 3486 1058 3545 coopertam
1088 3481 1146 3530 de
1177 3481 1350 3530 velluto
1381 3464 1650 3530 cremesino
1674 3482 1899 3543 habebat,
1930 3499 2023 3547 que
2053 3486 2110 3532 D.
