2222 3926
195 320 404 361 {Decembre
425 318 516 362 1494]
644 317 810 355 RERUM
845 317 1149 356 URBANARUM
1181 318 1530 357 COMMENTARH.
1904 322 1976 358 215

196 422 404 470 Ascanio
433 426 481 470 et
502 420 759 472 Valentino
781 421 954 484 quibus
979 421 1204 470 omnibus
1226 423 1470 472 concessis
1492 423 1652 486 equis;
1678 423 1820 470 simul
1840 424 1973 486 equi-

193 509 355 554 tarunt
387 505 481 553 dux
515 521 543 553 a
570 504 749 553 dextris
785 509 832 554 et
865 505 1120 554 cardinalis
1151 506 1495 570 Neapolitanus
1531 521 1560 553 a
1592 504 1817 562 sinistris,
1851 519 1971 567 quos

193 588 344 637 secuti
373 591 481 635 sunt
511 587 748 635 Ascanius
778 591 826 636 et
856 588 1140 638 Valentinus
1168 603 1255 636 suo
1286 588 1472 649 ordine,
1497 603 1647 652 usque
1682 587 1744 635 ad
1773 587 1970 635 domum

190 672 340 736 ipsius
355 671 568 729 Ascanii,
588 671 668 718 ubi
687 671 788 735 ipse
802 671 1037 720 Ascanius
1055 672 1249 720 intravit
1267 676 1315 721 et
1331 672 1598 736 permansit
1613 688 1624 731 3
1647 670 1821 720 deinde
1838 669 1970 734 equi-

191 756 303 803 tavit
324 755 419 803 dux
438 754 625 803 medius
643 755 768 803 inter
781 756 1150 820 Neapolitanum
1172 760 1217 804 et
1233 756 1542 807 Valentinum
1565 755 1624 804 ab
1645 755 1716 804 eis
1738 770 1890 818 usque
1910 755 1970 803 ad

190 844 379 903 portam
406 856 445 886 s.
471 837 729 898 Laurentii,
754 839 833 886 ubi
854 840 1062 903 peractis
1091 856 1150 888 ex
1171 855 1306 888 more
1334 855 1421 904 per
1447 840 1622 889 ducem
1649 838 1970 887 cardinalibus

191 923 375 987 gratiis,
407 922 610 971 recessit
634 921 738 985 ipse
765 923 858 970 dux
886 927 933 971 et
961 923 1217 972 cardinalis
1241 923 1419 972 Montis
1448 923 1640 988 Regalis
1665 923 1726 971 ad
1748 920 1971 970 Braccia-

190 1023 306 1056 num
325 1006 387 1055 ad
403 1009 587 1069 Regem
602 1004 802 1053 Francie
821 1005 994 1053 iturus.
1014 1008 1116 1054 Hoc
1131 1022 1292 1067 mane,
1312 1010 1478 1055 Rmus.
1493 1010 1550 1055 D.
1563 1005 1796 1055 Ascanius
1817 1019 1971 1069 usque

193 1091 338 1140 modo
362 1090 411 1138 in
435 1088 612 1153 palatio
639 1088 906 1152 apostolico
928 1089 1172 1150 detentus,
1195 1089 1405 1139 libertati
1427 1108 1511 1140 sue
1534 1091 1782 1140 restitutus
1804 1093 1894 1139 est.

211 1187 217 1191 ·
257 1173 397 1223 Feria
417 1176 570 1230 sexta,
589 1175 649 1220 26
672 1172 785 1220 dicti
802 1172 984 1220 mensis
1000 1172 1290 1233 decembriS,
1313 1174 1492 1223 festum
1507 1191 1546 1222 s.
1567 1173 1796 1238 Stephani
1812 1176 1973 1237 proto-

192 1257 434 1323 martyriS,
460 1260 627 1305 Rmus.
650 1259 706 1304 D.
732 1255 987 1305 cardinalis
1009 1258 1378 1306 Benevantanus
1397 1257 1656 1306 celebravit
1676 1256 1875 1304 missam
1893 1272 1973 1304 so-

188 1343 403 1391 lemnem
433 1341 483 1388 in
501 1340 688 1404 capella
706 1340 890 1405 majore
905 1339 1087 1404 palatii,
1117 1342 1248 1404 Papa
1267 1344 1493 1405 presente
1520 1357 1530 1389 :
1557 1355 1836 1388 sermonem
1861 1339 1974 1388 fecit

191 1431 250 1477 D.
274 1428 516 1476 Mattheus
533 1426 805 1474 Canochius
821 1425 938 1473 olim
955 1430 1216 1489 preceptor
1233 1424 1448 1489 episcopi
1465 1423 1805 1474 viterbiensis.
1818 1427 1977 1475 Vene-

190 1515 302 1559 runt
313 1510 459 1558 etiam
471 1509 532 1557 ad
544 1510 767 1559 eamdem
779 1510 1014 1575 capellam
1026 1513 1135 1573 post
1145 1509 1395 1558 introitum
1410 1510 1467 1556 D.
1482 1508 1635 1557 nostri
1647 1512 1745 1557 tres
1758 1512 1975 1557 oratores

190 1595 318 1658 regis
339 1593 559 1654 Francie,
583 1598 727 1643 nocte
748 1594 981 1658 preterita
1000 1593 1154 1654 missi,
1177 1592 1399 1642 videlicet
1421 1608 1625 1656 magnus
1646 1592 1974 1642 marescalcus

188 1679 324 1743 regni
344 1680 547 1729 Francie
569 1679 651 1746 (1),
687 1684 745 1729 D.
769 1679 1095 1746 Johannesssde
1123 1681 1287 1745 Ganay
1303 1678 1363 1744 (2)
1392 1678 1578 1743 primus
1598 1677 1849 1742 presidens
1870 1693 1976 1742 par-

187 1763 386 1835 lamenti
419 1764 714 1812 Parisiorum
754 1769 803 1812 et
839 1764 1036 1827 quidam
1069 1764 1188 1812 alius
1224 1762 1304 1828 (3),
1345 1778 1516 1811 omnes
1559 1768 1655 1811 tres
1690 1761 1800 1810 laici
1825 1778 1836 1810 :
1861 1761 1973 1810 dedi

188 1847 351 1895 locum
373 1847 510 1895 eisin
531 1848 673 1895 scalis
695 1847 801 1895 solii
819 1850 947 1911 Pape
970 1852 1081 1896 ante
1104 1852 1151 1896 et
1173 1863 1318 1911 supra
1339 1850 1631 1916 senatorem,
1656 1845 1760 1894 aliis
1782 1845 1970 1894 duobus

190 1930 239 1977 in
256 1930 410 1979 banco
433 1937 676 1979 oratorum
696 1931 932 1979 laicorum
952 1931 1001 1978 in
1029 1947 1122 1995 quo
1145 1935 1281 1979 erant
1308 1931 1404 1979 duo
1426 1935 1645 1979 oratores
1666 1930 1968 1994 Neapolitani

190 2013 336 2077 regis,
361 2013 443 2077 qui
465 2014 686 2063 nolentes
707 2030 818 2063 cum
839 2013 915 2062 his
942 2014 1079 2063 novis
1106 2014 1400 2064 contendere
1423 2018 1471 2063 et
1497 2018 1771 2063 asserentes
1792 2029 1843 2062 se
1865 2029 1973 2061 nes-

190 2097 288 2146 cire
309 2097 440 2161 ipsos
462 2102 681 2147 oratores
702 2114 829 2158 esse,
848 2103 1157 2147 recesserunt
1176 2114 1235 2146 ex
1250 2114 1418 2148 eorum
1438 2098 1547 2147 loco
1564 2114 1574 2146 :
1591 2097 1864 2162 significato
1886 2113 1973 2146 au·-

191 2185 290 2230 tem
323 2196 382 2229 ex
414 2181 613 2245 speciali
647 2182 874 2230 mandato
911 2185 1039 2246 Pape
1072 2198 1160 2245 per
1200 2198 1279 2230 me
1324 2182 1440 2246 ipsis
1473 2182 1581 2230 illos
1618 2186 1834 2230 oratores
1866 2197 1974 2231 esse

190 2263 318 2328 regis
339 2265 560 2325 Francie,
585 2265 834 2314 redierunt
846 2266 905 2314 ad
923 2266 1033 2314 loca
1049 2282 1152 2325 sua,
1175 2270 1223 2315 et
1243 2266 1337 2314 illis
1356 2271 1624 2316 cesserunt.
1644 2269 1794 2315 Erant
1813 2271 1974 2316 autem

191 2366 300 2399 cum
324 2350 464 2400 dictis
486 2350 637 2400 tribus
660 2350 931 2399 oratoribus
952 2350 1091 2398 multi
1119 2350 1259 2410 Galli,
1288 2367 1494 2415 quorum
1521 2351 1658 2399 multi
1686 2351 1790 2400 sine
1815 2351 1976 2416 aliqua

192 2434 484 2483 discretione
505 2439 774 2499 posuerunt
801 2451 852 2482 se
883 2450 1034 2499 prope
1064 2435 1278 2499 prelatos
1305 2440 1353 2484 et
1380 2435 1431 2483 in
1458 2451 1627 2484 eorum
1661 2436 1872 2484 scamnis
1893 2452 1973 2484 se-

192 2518 386 2578 derunt,
410 2534 531 2582 quos
553 2534 665 2567 cum
687 2518 797 2567 inde
825 2518 1047 2567 tollerem
1070 2523 1118 2567 et
1147 2519 1209 2567 ad
1229 2519 1565 2569 convenientia
1593 2520 1701 2569 loca
1719 2536 1972 2585 ponerem,

196 2605 325 2667 Papa
342 2602 459 2650 mihi
481 2602 542 2650 ad
563 2617 614 2652 se
635 2606 824 2662 vocato,
847 2602 971 2650 irato
1000 2602 1162 2652 animo
1186 2603 1320 2668 [dixit
1351 2603 1446 2668 me]
1466 2607 1681 2653 mentem
1704 2620 1839 2652 suam
1864 2604 1975 2653 des-

198 2690 357 2735 truere
378 2691 426 2735 et
437 2686 568 2750 quod
582 2687 744 2735 Gallos
763 2691 890 2736 stare
905 2687 1241 2751 permitterem
1257 2689 1338 2736 ubi
1357 2688 1536 2737 vellent
1551 2703 1639 2752 pro
1652 2703 1823 2737 eorum
1839 2687 1973 2736 libito

198 2769 473 2819 voluntatiS.
496 2771 740 2835 Respondi
763 2771 1014 2820 Sanctitati
1036 2787 1122 2821 sue
1145 2772 1292 2835 quod,
1316 2788 1403 2836 pro
1431 2775 1554 2831 Dee,
1574 2786 1664 2836 pro
1682 2772 1775 2820 hac
1796 2787 1849 2820 re
1871 2786 1973 2819 non

199 2859 604 2915 commoveretur,
645 2855 758 2919 quia
787 2856 1044 2905 'voluntate
1082 2871 1169 2904 sua
1209 2855 1330 2903 mihi
1379 2855 1429 2904 in
1463 2855 1557 2904 hac
1586 2849 1717 2917 nota,
1754 2856 1848 2905 illis
1876 2871 1974 2905 non

196 2954 355 2989 essem
372 2939 577 3004 amplius
595 2940 791 2989 verbum
813 2939 1045 3000 dicturuS,
1070 2939 1217 2989 etiam
1237 2940 1534 3005 ubicumque
1557 2940 1815 2990 stantibus.

245 3098 279 3133 1.
306 3097 357 3134 Le
376 3099 556 3136 marechal
575 3099 720 3148 de2Gie.

244 3156 279 3191 2.
307 3156 360 3193 De
381 3157 521 3207 Ganay.
544 3159 642 3196 Tous
662 3159 716 3196 les
732 3160 954 3197 manuscrits
974 3160 1138 3197 donnent
1162 3171 1203 3197 ce
1227 3172 1313 3197 nom
1330 3161 1374 3197 de
1400 3161 1436 3197 la
1459 3160 1566 3206 facon
1597 3160 1632 3196 la
1656 3160 1740 3208 plus
1767 3159 1979 3203 incorrecte,

196 3214 291 3250 5522
318 3218 354 3251 et
378 3214 499 3263 Chigi,
519 3220 676 3262 Benam:
700 3219 836 3255 Eecard
857 3223 894 3256 et
917 3220 1024 3265 5160,
1045 3221 1202 3261 Βαυανί,·
1223 3220 1304 3265 149,
1326 3221 1458 3258 Buam‘.
1483 3219 1630 3255 Comme
1650 3219 1704 3255 les
1730 3222 1866 3256 memes
1887 3229 1979 3254 mSS.

200 3273 366 3310 donnent.
384 3285 454 3321 peu
474 3276 519 3312 de
537 3288 658 3324 pages*
672 3278 756 3325 plus
776 3278 850 3315 loin
860 3280 926 3316 des
946 3279 1071 3324 lecons
1090 3279 1314 3324 differentes,
1328 3279 1352 3314 il
1372 3291 1394 3315 a
1412 3290 1503 3326 paru
1522 3278 1722 3326 preferable
1743 3279 1787 3314 de
1807 3277 1980 3323 eorriger.

246 3332 283 3369 3.
313 3331 466 3368 Etienne
492 3334 537 3369 de
562 3334 672 3381 Vese,
697 3337 869 3373 senechal
895 3337 940 3373 de
974 3337 1185 3375 Beaueaire.
1214 3337 1287 3374 Sur
1317 3349 1358 3374 ce
1384 3348 1631 3386 personnage‚
1660 3349 1744 3387 voy.
1774 3338 1808 3373 la
1834 3340 1983 3373 savante

201 3393 328 3430 Notice
348 3393 464 3438 bi09r.
486 3397 521 3428 et
549 3393 635 3430 hist.
657 3395 706 3431 de
722 3396 772 3434 M.
793 3397 838 3434 A.
859 3397 905 3432 de
924 3388 1095 3434 Boisliste
1114 3396 1208 3432 dans
1228 3396 1624 3433 l’Annuaire-Bulletin
1654 3399 1699 3435 de
1726 3398 1762 3433 la
1792 3397 1920 3433 societ&
1940 3394 1984 3429 de

200 3452 376 3487 l’histoire
391 3452 434 3487 dc
454 3453 602 3497 France,
623 3456 759 3490 annees
784 3455 872 3490 1878
892 3459 928 3491 et
948 3455 1055 3492 suiv..
