2222 3926
150 305 376 346 [Septembre
399 305 492 343 1496]
592 303 763 340 RERUM
797 302 1098 339 URBANARUM
1130 303 1480 341 COMMENTARH.
1861 307 1932 342 333

152 410 318 456 Castro
341 424 379 455 s.
404 407 583 456 Nazarii
611 406 711 466 ubi,
734 410 783 455 et
812 406 887 454 die
909 405 1130 469 sequenti
1159 406 1378 454 feserunt
1407 405 1681 468 prandium,
1716 412 1763 455 et
1794 408 1922 468 inde,

151 506 262 539 sero
283 491 409 539 illius
431 491 543 551 diei,
568 496 804 539 venerunt
833 493 1112 539 Tortonam.

218 574 398 622 Eadem
420 574 516 632 die,
540 574 967 624 reverendissimus
991 577 1047 622 D.
1074 573 1276 638 legatus,
1299 573 1443 622 etiam
1465 572 1668 621 recessit
1690 588 1749 621 ex
1769 573 1931 637 Vigle-

152 673 291 718 vano,
327 658 549 707 videlicet
580 661 638 707 23
663 658 966 723 septembriS,
991 662 1039 706 et
1059 658 1356 722 pernoctavit
1376 657 1425 704 in
1453 660 1619 706 Castro
1641 656 1842 716 Adorni,
1868 657 1927 704 de

151 757 245 804 quo
278 742 478 790 recessit
509 742 707 791 sabbato
742 742 961 806 sequenti
997 745 1043 790 et
1079 742 1206 789 venit
1235 743 1514 798 Tortonam,
1552 740 1634 788 ubi
1668 741 1934 804 permansit

151 824 367 887 pluribus
389 826 576 885 diebus,
602 842 692 890 ego
715 842 924 889 quoque.
950 824 1115 873 Febris
1138 825 1356 883 tertiana,
1383 828 1410 871 2
1438 825 1581 889 hujus
1606 823 1805 882 mensis,
1831 826 1934 872 Me-

149 907 328 955 diolani
353 909 522 957 invasit
549 915 595 957 et
616 910 833 973 pluribus
856 909 1024 957 diebus
1046 913 1294 973 gravatum
1314 924 1392 955 me
1428 908 1580 955 tenuit
1614 923 1624 954 ε
1649 907 1709 954 ab
1731 922 1790 955 ea
1807 906 1928 956 libe-

150 995 300 1051 ratus,
325 992 431 1040 veni
455 995 734 1042 Tortonam.

98 1062 104 1068 ¹
220 1076 400 1124 Eadem
431 1076 506 1124 die
539 1077 740 1137 sabbati,
775 1082 833 1125 24
866 1077 1171 1141 septembriS,
1198 1077 1324 1124 circa
1344 1076 1550 1139 primam
1578 1074 1749 1123 horam
1773 1074 1929 1122 noctis

151 1164 328 1208 etcum
349 1160 477 1224 apud
498 1164 689 1208 Rmum.
715 1163 770 1209 D.
794 1161 1007 1224 legatum
1028 1160 1187 1208 nullus
1205 1175 1292 1223 pro
1317 1175 1395 1208 me
1415 1160 1551 1207 locus
1579 1163 1726 1217 esset,
1747 1174 1838 1206 nec
1860 1158 1933 1206 sui

150 1243 419 1305 provisores
459 1244 577 1291 mihi
613 1245 954 1308 providissent,
995 1245 1054 1292 de
1103 1244 1322 1292 adventu*
1348 1248 1513 1290 tamen
1551 1257 1662 1290 meo
1702 1242 1933 1305 magistro

151 1325 323 1373 domus
349 1341 437 1389 per
463 1341 541 1374 me
573 1326 731 1390 ipsum
758 1327 1017 1375 Mediolani
1041 1326 1363 1390 personaliter
1388 1326 1621 1384 advisato,
1648 1325 1852 1388 equitavi
1875 1324 1936 1372 ad

149 1409 500 1457 monasterium
523 1425 561 1457 s.
587 1410 787 1458 Mariani
816 1410 1122 1468 Dertonensi,
1147 1410 1328 1457 ordinis
1351 1425 1389 1456 s.
1416 1407 1682 1466 Benedicti,
1706 1410 1846 1455 Rmo.
1871 1411 1928 1455 D.

147 1491 379 1540 cardinali
414 1493 617 1541 Senensi
652 1494 1011 1553 commendato,
1036 1493 1085 1540 in
1119 1509 1214 1556 quo
1246 1496 1301 1540 R.
1324 1495 1376 1540 P.
1405 1494 1460 1539 D.
1486 1490 1719 1538 Martinus
1752 1490 1933 1538 Nimira

146 1575 274 1623 sedis
296 1577 562 1640 apostolice
585 1578 961 1641 protonotarius,
987 1576 1356 1625 archidiaconus
1373 1574 1777 1637 Albenganensis,
1802 1589 1933 1622 reve-

149 1659 437 1709 rendissime
470 1661 823 1710 Dominationis
854 1678 938 1709 sne
973 1660 1290 1724 negociorum
1322 1662 1510 1723 gestor,
1544 1673 1622 1706 me
1657 1673 1768 1705 cum
1798 1657 1929 1705 omni

151 1757 264 1790 mea
284 1743 465 1792 familia
484 1745 668 1808 recepit
687 1750 734 1794 et
751 1745 1021 1793 honorifice
1040 1744 1182 1792 nimis
1208 1743 1440 1792 tractavit.

214 1826 431 1886 visitavi,
450 1828 690 1877 dominica
713 1829 952 1892 sequenti,
974 1833 1035 1877 25
1059 1828 1365 1892 septembris,
1393 1831 1582 1875 Rmum.
1614 1829 1672 1873 D.
1696 1826 1927 1889 legatum,

155 1926 183 1957 a
199 1925 294 1973 quo
315 1911 559 1960 licentiam
579 1913 695 1976 petii
717 1917 763 1961 et
785 1913 970 1961 obtinui
984 1912 1347 1960 serenissimum
1366 1909 1762 1967 Maximilianum‚
1779 1912 1932 1958 Janue

156 1993 461 2054 existentem,
479 1995 716 2055 visitandi,
738 1996 848 2044 inde
871 2000 1073 2044 Romam
1097 1995 1349 2044 redeundi.

221 2078 417 2126 Recessi
448 2078 591 2142 igitur
617 2082 895 2139 Tortonam,
926 2082 1129 2128 Januam
1157 2080 1325 2139 iturus,
1356 2078 1602 2137 mercurii,
1633 2081 1692 2125 28
1721 2081 1929 2140 septem-

153 2161 269 2220 bris,
294 2166 342 2210 et
375 2162 486 2210 inde
516 2178 594 2210 me
623 2179 789 2212 versus
822 2166 1083 2212 Tortonam
1113 2164 1364 2222 redeunte,
1389 2161 1565 2226 reperii
1593 2159 1932 2210 reverendissi-

154 2259 287 2293 mum
309 2248 366 2293 D.
387 2245 601 2309 legatum
623 2247 750 2295 circa
767 2250 1026 2296 Tortonam
1045 2247 1106 2295 ad
1126 2263 1210 2295 sex
1230 2245 1303 2295 vel
1324 2251 1512 2309 septem
1533 2244 1772 2302 milliaria,
1793 2258 1928 2306 aquo

153 2328 542 2377 benedictionem
563 2331 697 2394 petii,
722 2336 771 2379 et
790 2331 1008 2380 honestis
1030 2331 1184 2379 verbis
1203 2330 1434 2394 pecunias
1455 2345 1541 2393 pro
1564 2327 1788 2392 expensis
1810 2326 1927 2374 mihi

153 2419 202 2461 et
232 2414 411 2463 familie
441 2431 550 2463 mee
581 2431 733 2478 usque
764 2415 826 2463 ad
852 2415 1032 2464 Urbem
1062 2414 1310 2462 faciendis.
1339 2412 1604 2476 Respondit
1633 2412 1822 2474 legatus
1850 2426 1926 2457 me

153 2497 311 2561 ipsum
329 2498 486 2545 minus
504 2498 745 2547 munitum
764 2499 1039 2562 reperiisse,
1063 2514 1154 2546 nec
1175 2498 1294 2545 mihi
1315 2496 1460 2544 modo
1483 2494 1737 2543 commode
1760 2493 1928 2541 subve-

151 2579 255 2628 nire
276 2596 366 2629 nec
388 2597 504 2645 ergo
527 2581 641 2630 satis
663 2597 794 2641 esse;
820 2582 993 2629 secisse
1016 2581 1065 2628 in
1092 2597 1267 2644 magna
1286 2584 1422 2644 parte
1445 2579 1562 2626 mihi
1589 2578 1691 2640 ipse
1722 2593 1781 2624 ex
1800 2576 1925 2625 Urbe

153 2679 409 2726 expensas,
435 2665 721 2729 expendisse
748 2666 879 2714 enim
907 2681 966 2713 ex
989 2665 1114 2714 Urbe
1136 2664 1326 2712 circiter
1345 2679 1435 2711 Lxx
1455 2662 1654 2710 ducatos
1674 2659 1763 2724 (1);
1786 2674 1927 2723 opor-

152 2750 254 2794 tere
292 2747 452 2796 adhuc
486 2749 608 2797 meis
648 2749 871 2812 expensis
911 2752 1114 2797 Romam
1155 2747 1314 2796 redire
1339 2763 1348 2794 :
1371 2745 1502 2810 quod
1537 2745 1576 2792 si
1609 2744 1924 2808 pecuniarum

126 2831 468 2880 ’commoditas
501 2833 620 2880 mihi
647 2833 855 2891 adesset,
879 2833 1036 2897 ipsum
1062 2847 1141 2880 me
1171 2848 1268 2879 non
1291 2845 1506 2894 gravare,
1538 2827 1781 2891 sed'quod
1810 2832 1920 2876 octo

150 2913 350 2963 ducatos
379 2931 408 2963 a
439 2916 694 2964 Francisco
721 2917 969 2965 Musciano
1002 2919 1049 2965 et
1082 2915 1249 2979 viginti
1279 2914 1490 2978 quinque
1528 2912 1709 2962 similes
1740 2912 1800 2959 ab
1829 2911 1922 2959 alio

149 2997 304 3046 amico
331 3003 497 3046 mutuo
523 3001 686 3064 recepi
711 3001 760 3048 in
786 3000 1062 3064 hujusmodi
1092 3016 1182 3047 usu
1209 2998 1570 3063 expendendos,
1602 2995 1778 3045 deinde
1806 2995 1921 3057 ipsis

151 3094 240 3142 per
273 3096 351 3129 me
383 3082 726 3132 restituendos.
768 3084 1028 3147 Replicavit
1062 3084 1247 3147 legatus
1286 3099 1364 3131 me
1405 3082 1599 3130 mentiri
1637 3096 1724 3144 per
1763 3081 1924 3141 guttur

149 3178 331 3222 meum,
353 3165 578 3213 meliores
599 3167 717 3214 mihi
740 3167 912 3216 fecisse
934 3183 1171 3231 expensas
1193 3182 1338 3229 quam
1360 3166 1408 3213 in
1431 3165 1576 3212 domo
1599 3163 1796 3227 propria
1817 3177 1925 3208 mea

152 3246 268 3294 mihi
286 3246 389 3311 ipse
402 3247 642 3297 fecissem.
655 3251 947 3315 Interrogavi
961 3267 1079 3313 quas
1092 3264 1326 3313 expensas
1340 3250 1547 3295 Tortone
1564 3245 1683 3292 mihi
1700 3243 1828 3303 fecit,
1844 3242 1919 3289 ubi

196 3428 228 3465 1.
254 3444 270 3461 «
293 3427 443 3465 Circitcr
463 3428 730 3479 quinquaginta
749 3431 841 3468 duos
862 3431 1059 3469 ducatos...
1083 3433 1229 3474 ».5160,
1249 3430 1310 3468 l'ol.
1334 3431 1415 3467 265.
