2216 3886
929 290 1212 330 APPENDICE.
1893 296 1963 331 649

179 396 466 444 constructor,
489 397 533 435 et
552 393 819 446 templorum
838 393 1088 446 aliquorum
1107 394 1238 436 huius
1258 395 1419 448 inclyte
1443 396 1567 437 urbis
1588 395 1829 446 edificator,
1852 409 1956 439 vere

181 463 331 501 sancte
363 460 511 502 Crucis
543 462 586 501 et
617 460 803 501 aliarum
831 460 1117 512 reliquiarum
1148 471 1198 501 ac
1229 464 1588 502 ornamentorum
1620 462 1783 514 templo
1818 464 1957 504 sancti

164 527 356 576 ⁸loannis
375 527 436 579 (1)
455 530 499 568 et
529 526 626 567 aliis
646 526 850 579 largitor3
873 529 917 566 et
946 526 1064 577 quod
1091 537 1170 566 sua
1191 526 1552 568 christianissima
1584 528 1794 569 maiestas
1823 529 1958 570 liber-

179 592 282 632 tatis
301 592 642 633 huius'civitatis
669 595 954 641 restaurator,
985 595 1152 644 pastor,
1185 597 1466 634 conservator
1492 596 1534 634 et
1566 593 1774 635 defensor
1802 596 1845 635 et
1877 605 1957 635 sua

179 657 450 710 benignitate
476 657 572 708 fuit,
595 669 650 698 ac
672 658 804 698 etiam
827 657 1023 698 omnium
1050 660 1339 710 tyrannorum
1364 658 1562 711 fugator3
1587 659 1697 700 adeo
1722 659 1842 711 quod
1863 671 1956 701 me-

181 723 262 763 rito
295 723 390 774 ipse
422 723 813 764 christianissimus
848 734 926 763 rex
958 724 1139 765 Carolus
1172 728 1351 765 octavus
1383 725 1524 765 maior
1555 728 1598 765 et
1627 725 1842 766 maximus
1876 726 1958 766 dici

180 789 414 836 mereatur,
447 787 681 838 presertim
715 799 738 828 a
774 788 936 840 populo
968 788 1226 839 florentin03
1260 790 1417 830 idcirco
1449 793 1750 831 convenerunt
1781 793 1831 831 ut
1861 792 1957 843 ipse

179 850 359 893 Carolus
379 856 420 893 et
439 863 718 894 successores
742 855 823 903 sui,
848 865 1025 906 semper
1044 857 1087 895 et
1108 856 1462 907 omnitempore,
1485 859 1612 907 pater
1631 857 1770 907 patrie
1790 860 1956 907 nostre,

177 929 228 958 ac
255 918 405 970 populi
430 918 651 959 florentini
680 922 812 968 tutor,
840 922 1075 971 protector,
1105 919 1325 969 defensor,
1356 924 1399 962 et
1427 921 1644 962 libertatis
1675 925 1826 963 nostre
1854 933 1957 964 con-

178 987 389 1034 servator,
424 995 474 1025 ac
506 984 602 1025 eius
635 988 926 1037 tyrannorum
951 984 1131 1038 fugator
1157 986 1427 1037 appellatur;
1463 990 1506 1027 et
1537 987 1582 1026 in
1609 987 1792 1027 introitu
1819 988 1958 1028 domi-

177 1060 334 1090 norum
360 1049 710 1098 florentinorum,
739 1055 782 1092 et
815 1052 860 1091 in
890 1062 1045 1092 eorum
1071 1052 1319 1092 iuramento
1350 1063 1522 1104 semper
1553 1052 1805 1093 nominetur
1836 1057 1961 1105 pater

176 1116 315 1167 patrie
335 1119 379 1156 et
398 1119 680 1157 conservator
698 1119 739 1157 et
758 1120 979 1169 protector
999 1120 1151 1158 nostre
1171 1117 1412 1167 libertatis3
1435 1129 1535 1158 cum
1555 1118 1652 1170 ipse
1673 1118 1853 1160 Carolus
1875 1121 1958 1160 sub

175 1180 310 1221 verbo
330 1181 452 1234 regio
473 1181 731 1233 polliceatur
749 1192 797 1222 se
816 1181 910 1223 fore
931 1193 1108 1234 semper
1127 1186 1485 1224 conservatorem
1505 1183 1637 1224 huius
1662 1183 1892 1235 libertatis,
1917 1189 1960 1226 et

176 1246 429 1298 fugatorem-
442 1250 731 1299 tyrannorum
753 1248 965 1297 eiusdem,
991 1251 1034 1288 et
1053 1251 1223 1299 patrem
1244 1249 1397 1300 patrie.

232 1328 248 1347 ‹
281 1311 425 1352 Tertio
445 1315 744 1353 convenerunt
767 1326 776 1352 :
795 1313 915 1365 quod
935 1313 1088 1354 civitas
1109 1314 1310 1355 Pisarum
1331 1317 1374 1355 et
1396 1326 1476 1355 arx
1497 1326 1584 1355 una
1611 1326 1711 1355 cum
1732 1317 1894 1367 oppido
1915 1320 1959 1357 et

174 1389 274 1419 arce
296 1379 487 1425 Liburni,
516 1381 776 1419 remaneant
792 1379 838 1419 in
854 1379 1062 1420 manibus
1084 1380 1198 1423 dicte
1217 1380 1339 1432 regie
1357 1381 1616 1429 maiestatis,
1640 1380 1829 1433 illasque
1852 1383 1957 1423 reti-

176 1455 281 1497 nere
300 1444 442 1495 possit
461 1443 649 1484 durante
671 1455 750 1484 sua
771 1445 977 1496 impresia
997 1445 1127 1497 regni
1150 1446 1443 1496 Neapolitani,
1467 1445 1770 1487 iurisdictione
1788 1450 1951 1496 tamen,

179 1509 372 1550 dominio
394 1513 436 1550 et
449 1507 665 1551 fructibus
686 1509 877 1551 dominis
890 1510 1152 1551 Florentinis
1171 1512 1506 1553 remanentibus
1521 1513 1633 1553 sicut
1651 1516 1778 1554 antea
1801 1527 1810 1553 :
1829 1512 1951 1554 finita

174 1586 278 1617 vero
314 1575 427 1616 dicta
462 1576 692 1627 impresia,
732 1577 933 1628 promisit
967 1577 1135 1629 prefata
1171 1577 1292 1629 regia
1329 1578 1540 1618 maiestas
1575 1579 1723 1620 statim
1761 1580 1955 1631 predicta

174 1641 320 1680 omnia
350 1644 391 1681 et
419 1641 594 1694 singula
623 1641 857 1683 restituere
886 1643 1125 1694 reipublice
1151 1643 1397 1692 florentine,
1426 1644 1496 1685 vel
1526 1644 1622 1685 eius
1649 1645 1845 1698 syndico,
1877 1656 1956 1686 seu

176 1705 384 1757 syndiciS,
417 1707 536 1747 omni
568 1707 825 1758 exceptione
857 1718 939 1748 seu
969 1707 1270 1759 impensarum
1299 1709 1549 1760 aliquarum
1580 1711 1857 1751 restitutione
1887 1723 1955 1751 re-

173 1773 306 1820 mota,
330 1771 464 1812 salvis
484 1772 656 1813 iuribus
677 1772 864 1813 aliorum
882 1784 982 1813 cum
997 1774 1203 1814 omnibus
1219 1775 1311 1814 suis
1328 1767 1664 1826 munitionibus,
1680 1777 1953 1826 bombardiS,

175 1835 441 1888 spingardis,
463 1838 723 1878 masseritiis
751 1842 793 1879 et
819 1839 1126 1879 instrumentis
1150 1839 1502 1891 quibuscunque,
1533 1840 1590 1881 ad
1610 1842 1955 1883 consolationem

173 1900 446 1943 dilectissimi
480 1906 524 1943 et
555 1903 828 1945 devotissimi
862 1905 930 1944 sui
962 1904 1114 1956 populi
1141 1905 1362 1945 florentini
1390 1908 1433 1946 et
1461 1906 1517 1947 ad
1546 1906 1642 1947 eius
1670 1907 1883 1949 honorem
1912 1912 1955 1949 et

165 1966 435 2019 (dignitatem
456 1969 820 2010 conservandam.
844 1970 896 2010 Et
914 1973 963 2010 ut
986 1981 1141 2011 omnes
1161 1971 1407 2023 intelligant
1426 1972 1700 2014 voluntatem
1720 1975 1890 2026 regiam
1910 1975 1954 2015 in

170 2032 256 2073 illis
275 2033 518 2074 retinendis
537 2045 638 2075 esse
667 2034 882 2075 duntaxat
909 2035 965 2076 ad
995 2047 1074 2077 sue
1100 2037 1345 2077 maiestatis
1373 2040 1416 2078 et
1446 2039 1515 2078 sui
1544 2040 1765 2080 exercitus
1787 2041 1953 2080 securi-

172 2101 307 2139 tatem
327 2102 370 2140 et
389 2100 763 2150 commoditatem,
784 2111 876 2141 non
896 2105 1046 2142 autem
1065 2102 1121 2142 ad
1143 2102 1364 2143 florentini
1385 2104 1532 2156 populi
1554 2105 1887 2155 detrimentum;
1911 2109 1953 2146 et

170 2166 318 2218 quoad
341 2167 458 2208 hunc
483 2168 686 2209 effectum
717 2169 1002 2221 intelligatur,
1037 2169 1244 2220 impresia
1272 2167 1395 2210 finita
1427 2170 1591 2220 statim,
1624 2173 1814 2223 postque
1844 2171 1954 2211 urbe

170 2232 455 2284 Neapolitana
477 2234 613 2286 potita
632 2233 764 2275 fuerit
791 2245 872 2275 sua
899 2234 1109 2275 maiestas
1138 2244 1272 2285 super
1292 2235 1369 2276 tali
1389 2235 1597 2288 impresia
1627 2237 1753 2289 regni
1780 2239 1950 2288 Neapo-

169 2298 292 2338 litani
313 2300 578 2352 transegerit
599 2311 677 2341 seu
697 2300 1010 2352 composuerit,
1031 2301 1125 2341 sive
1148 2312 1225 2352 per
1244 2311 1412 2352 pacem,
1433 2301 1524 2342 sive
1545 2312 1624 2353 per
1641 2302 1800 2354 longas
1820 2302 1951 2342 indu-

171 2363 254 2404 tias
275 2364 463 2405 duorum
482 2376 701 2407 annorum
720 2369 797 2406 aut
816 2366 1022 2418 amplius,
1052 2370 1128 2407 aut
1158 2378 1436 2419 quocumque
1456 2367 1542 2407 alio
1565 2368 1696 2408 modo
1724 2368 1793 2408 vel
1821 2368 1953 2408 etiam

171 2440 446 2482 quacumque
466 2441 599 2472 causa
620 2431 776 2472 eadem
797 2442 877 2472 sua
898 2431 1107 2472 maiestas
1129 2432 1184 2472 ab
1208 2432 1328 2472 Italia
1354 2432 1578 2473 recederet
1599 2436 1676 2474 aut
1699 2434 1745 2474 in
1772 2445 1823 2474 ea
1853 2443 1952 2473 esse

171 2495 369 2543 desierit;
390 2496 491 2536 etsi
514 2496 728 2537 accideret
755 2496 949 2536 indutias
977 2495 1072 2536 fieri
1098 2508 1178 2548 per
1197 2497 1440 2546 biennium,
1471 2501 1511 2538 et
1541 2499 1950 2539 christianissimam

171 2572 298 2601 suam
323 2561 601 2602 maiestatem
628 2562 681 2602 ab
706 2561 827 2602 Italia
847 2562 1071 2611 recedere,
1095 2572 1184 2602 non
1203 2562 1472 2614 intelligatur
1496 2562 1620 2605 finita
1639 2564 1846 2616 impresia
1875 2575 1954 2616 per

170 2627 424 2668 huiusmodi
441 2638 682 2676 recessum,
706 2627 969 2668 durantibus
997 2627 1123 2668 dictis
1150 2628 1329 2669 indutiis
1359 2627 1536 2678 factum,
1570 2629 1808 2670 dummodo
1838 2629 1949 2670 dicta

171 2702 250 2732 sua
278 2692 642 2733 christianissima
671 2693 880 2733 maiestas
902 2691 1089 2733 durante
1111 2692 1222 2734 dicto
1243 2693 1422 2735 biennio
1442 2694 1487 2734 in
1517 2695 1684 2736 Italiam
1705 2699 1951 2736 revertatur

169 2757 227 2798 ad
255 2756 414 2798 dictam
446 2757 702 2809 impresiam
734 2769 744 2797 :
775 2761 818 2799 et
845 2757 965 2809 quod
991 2758 1182 2808 interim,
1215 2758 1402 2800 durante
1439 2760 1550 2802 dicta
1582 2761 1805 2812 impresia,
1839 2760 1948 2803 fiant

170 2822 272 2863 bine
288 2822 429 2864 claves
451 2823 564 2864 dicte
592 2823 778 2865 civitatis
803 2824 1020 2873 Pisarum,
1049 2835 1238 2876 quarum
1264 2836 1399 2866 unam
1419 2818 1609 2867 retinere
1630 2826 1788 2868 debeat
1810 2827 1950 2879 depu-

171 2889 287 2926 tatus
305 2898 330 2928 a
350 2888 470 2940 regia
489 2888 733 2937 maiestate,
755 2889 886 2930 aliam
903 2901 1006 2930 vero
1024 2890 1214 2931 retinere
1232 2890 1422 2932 debeant
1440 2890 1650 2933 officiales
1672 2892 1951 2933 dominorum

170 2951 505 2994 florentinorum
525 2965 604 3006 pro
631 2954 879 3006 aperiendis
902 2958 944 2996 et
971 2955 1228 2997 claudendis
1257 2956 1383 2997 dictis
1410 2959 1562 3010 portis,
1596 2958 1716 2999 hor1s
1745 2962 1788 2999 et
1808 2959 1950 3000 modis

170 3019 410 3058 consuetis.

226 3098 247 3118 «
273 3083 436 3132 Quarto
457 3095 466 3123 ε
486 3084 589 3135 quia
610 3085 726 3125 cives
750 3085 890 3136 pisani
907 3086 951 3126 in
973 3087 1165 3127 adventu
1183 3087 1296 3127 dicte
1313 3090 1435 3140 regie
1453 3090 1695 3130 maiestatis
1714 3090 1948 3131 voluerunt

171 3147 440 3199 proclamare
465 3149 510 3189 in
539 3149 787 3190 libertatem
814 3154 857 3191 et
885 3162 933 3191 se
959 3153 1127 3203 eripere
1148 3164 1172 3192 a
1195 3152 1360 3194 ditione
1390 3154 1636 3202 florentina,
1667 3155 1948 3206 insigniaque

170 3215 212 3252 et
228 3224 350 3254 arma
372 3224 526 3254 eorum
546 3214 816 3268 deleverunt,
839 3217 1067 3269 multaque
1088 3219 1172 3259 alia
1192 3223 1568 3270 perpetraverunt,
1592 3223 1640 3260 ut
1666 3219 1816 3270 fertur,
1840 3228 1948 3260 con·

169 3277 398 3319 cordatum
418 3282 461 3320 et
482 3283 626 3321 actum
648 3282 785 3322 extitit
807 3283 923 3333 quod
952 3283 1096 3324 omnia
1124 3295 1209 3336 que
1230 3284 1357 3333 dicta,
1380 3288 1475 3325 acta
1498 3287 1539 3325 et
1562 3288 1690 3337 gesta
1713 3296 1791 3337 per
1812 3285 1949 3326 dictos

164 3443 166 3445 >
219 3422 245 3451 l.
273 3421 316 3451 Le
339 3421 544 3461 baptist-xro.
