2222 3926
307 375 376 410 294
917 377 935 413 J
940 375 1146 414 OHANNIS
1182 374 1474 419 BURCHARDI,
1866 374 1974 414 [Αῡῦῐ
1995 374 2085 415 ¹49⁶]

305 477 579 540 prandium,
603 478 790 541 legatus
818 493 981 525 coram
1013 494 1063 526 se
1084 478 1316 541 publicari
1345 477 1459 524 fecit
1486 473 1874 523 distributionem
1900 475 2086 524 officio-

307 577 413 609 rum
441 566 583 624 prout
612 562 660 609 in
690 562 860 610 cedula
886 561 1084 608 inferius
1114 560 1386 622 registrata,
1411 563 1458 606 et
1479 574 1508 606 a
1527 557 1728 621 singulis
1755 557 1941 622 accepit
1955 558 2088 622 jura-

306 648 485 701 menta,
511 645 666 700 tactis,
693 643 1011 692 sacrosanctis
1033 642 1311 705 evangeliis,

372 728 511 775 Feria
552 727 734 790 quinta,
768 730 795 772 4
816 716 1048 789 augusti,
1085 724 1400 788 equitavimus
1440 724 1502 772 ad
1541 728 1757 772 sanctam
1798 725 1998 773 Mariam
2029 724 2088 774 de

306 811 522 874 Angelis,
548 814 595 858 et
624 810 736 858 inde
762 809 999 857 Assisium
1029 809 1110 856 ubi
1140 812 1360 872 receptus
1390 808 1474 855 fuit
1503 807 1940 871 processionaliter,
1965 809 2089 872 epis—

307 909 428 958 copo
456 894 696 941 Asculano
719 892 933 941 officium
955 892 1180 941 faciente.
1212 894 1419 956 Legatus
1451 907 1547 938 non
1575 891 1825 940 descendit
1854 891 1912 939 de
1937 891 2085 951 mula,

307 976 392 1024 sed
412 977 460 1024 in
480 991 538 1024 ea
555 974 748 1032 sedens,
774 975 965 1023 detecto
988 975 1162 1038 capite,
1187 991 1383 1024 crucem
1402 974 1708 1023 deosculatus
1730 978 1819 1022 est.
1839 974 2090 1023 Baldachi-

306 1077 420 1108 num
438 1063 688 1124 portarunt
708 1060 895 1123 priores
911 1060 1129 1108 civitatis,
1150 1059 1411 1107 Descendit
1432 1063 1542 1107 ante
1565 1058 1821 1106 ecclesiam
1843 1058 2091 1106 cathedra-

302 1145 419 1201 lem,
445 1143 561 1191 dixit
589 1143 860 1191 orationem
881 1142 940 1190 de
966 1147 1133 1191 sancto
1156 1143 1348 1202 Rufino,
1379 1142 1607 1206 episcopo
1635 1146 1839 1206 patrono
1861 1142 2085 1203 ecclesie,

306 1226 436 1275 dedit
469 1226 793 1290 indulgentias
827 1227 964 1275 unius
1000 1228 1131 1285 anni,
1169 1231 1216 1276 et
1253 1227 1345 1276 alia
1378 1242 1513 1275 more
1552 1227 1712 1276 solito,
1750 1227 2090 1276 Benedicendo

306 1311 435 1358 stetit
452 1309 647 1358 renibus
671 1310 807 1357 altari
829 1311 995 1369 versis,
1011 1311 1165 1374 capite
1188 1311 1399 1369 detecto,
1415 1326 1610 1359 crucem
1630 1310 1884 1373 legationis
1903 1315 2014 1359 ante
2036 1324 2087 1358 se

307 1393 512 1451 habens,
538 1393 648 1456 quia
677 1393 738 1441 ad
765 1394 860 1442 hoc
883 1394 1031 1443 altare
1054 1398 1266 1458 aptatum
1295 1398 1414 1443 erat.
1440 1396 1497 1448 Et
1524 1394 1617 1442 alia
1638 1394 1889 1442 observata
1909 1397 2018 1443 sunt
2038 1398 2089 1440 ut

307 1477 456 1541 prius.
492 1477 818 1540 Indulgentias
851 1478 1183 1541 pronunciavit
1219 1477 1474 1541 episcopus
1506 1476 1872 1525 Assisinatensis
1902 1476 1952 1523 in
1984 1475 2088 1540 ejus

312 1560 442 1608 curia
464 1560 743 1624 episcopali.
771 1564 978 1624 Legatus
999 1561 1269 1625 hospitatus
1291 1565 1364 1609 est
1385 1561 1497 1609 hinc
1517 1564 1564 1608 et
1584 1560 1713 1608 inde.

377 1643 515 1691 Feria
549 1647 700 1700 sexta,
742 1647 768 1691 5
809 1643 1017 1707 augusti,
1050 1644 1178 1691 bono
1214 1659 1356 1692 mane
1393 1644 1682 1692 recessimus
1717 1659 1776 1692 ex
1806 1642 2006 1704 Assisi0,
2041 1647 2090 1692 et

307 1726 562 1790 prandium
584 1726 784 1775 fecimus
811 1726 882 1774 Al
899 1727 1072 1774 Ser-itta
1104 1727 1195 1787 (1);
1224 1727 1334 1775 inde
1361 1727 1678 1790 equitavimus
1706 1726 1977 1790 Eugubium
2005 1726 2086 1775 ubi

311 1810 499 1874 legatus
517 1813 741 1873 receptus
754 1809 841 1856 fuit
855 1809 1278 1873 processionaliter
1294 1810 1380 1858 sub
1392 1810 1680 1859 baldachino
1697 1810 1825 1874 quod
1836 1814 2090 1874 portarunt

311 1892 439 1940 cives
460 1896 508 1940 et
529 1891 748 1940 fecerunt
770 1897 866 1939 tres
888 1895 1046 1940 mutas
1070 1908 1220 1955 usque
1250 1893 1311 1941 ad
1329 1892 1593 1957 hospitium
1612 1893 1776 1957 legati.
1803 1895 2009 1957 Legatus
2030 1908 2090 1942 ex

311 1975 443 2023 mula
471 1974 791 2034 descendens,
819 1976 1104 2039 genuflexus
1135 1966 1282 2041 super
1312 1981 1472 2041 tapete
1507 1978 1632 2026 intra
1665 1977 1870 2041 primam
1899 1981 2088 2040 portam

310 2059 530 2118 civitatis,
556 2074 749 2107 crucem
769 2059 1012 2107 osculatus
1035 2065 1109 2108 est
1130 2076 1155 2108 e
1177 2061 1400 2109 manibus
1422 2061 1635 2125 episcopi
1655 2061 1797 2110 etiam
1817 2059 2084 2124 genuflexi;

309 2143 484 2191 deinde
515 2142 714 2190 dimissa
741 2147 873 2191 veste
903 2142 1169 2207 hispanica,
1201 2150 1400 2208 accepto
1430 2145 1659 2193 mantello
1689 2144 1748 2192 de
1782 2143 2087 2192 ciamhelloto

309 2226 598 2284 cremesino,
623 2225 841 2274 ascendit
861 2226 1040 2274 mulam
1066 2231 1113 2274 et
1135 2227 1360 2290 equitavit
1381 2228 1639 2277 ecclesiam
1661 2227 1981 2291 Eugubinam,
2006 2226 2086 2274 ubi

310 2309 426 2357 dixit
446 2309 715 2357 orationem
735 2309 794 2357 de
818 2314 984 2357 sancto
1005 2310 1211 2358 Martino
1234 2315 1280 2358 et
1299 2311 1499 2370 Jacobo,
1519 2310 1862 2374 principalibus
1882 2309 2087 2359 ecclesie

309 2392 543 2457 patronis,
576 2391 708 2439 dedit
740 2392 1061 2456 indulgentias
1099 2393 1302 2441 duorum
1336 2409 1573 2442 annorum
1606 2409 1724 2457 quas
1759 2393 2089 2458 pronunciavit

312 2476 567 2539 episcopus
602 2474 898 2538 Eugubinus‚
933 2479 981 2523 et
1010 2475 1104 2523 alia
1121 2476 1271 2538 smore
1306 2476 1462 2524 solito.
1495 2476 1747 2524 Benedixit
1777 2480 1926 2534 stans,
1957 2478 2009 2523 ut
2040 2475 2088 2523 in

311 2558 516 2607 ecclesia
534 2557 894 2606 Assisinatensi.
921 2558 1028 2606 Fuit
1048 2559 1159 2607 inde
1182 2559 1242 2607 ad
1259 2560 1407 2622 pedes
1428 2559 1488 2608 ad
1508 2559 1737 2623 palatium
1763 2558 1896 2607 ducis
1918 2558 2085 2607 Urbini

310 2644 357 2690 in
389 2658 482 2705 quo
512 2641 782 2705 hospitatus
815 2646 888 2689 est
913 2642 963 2688 in
993 2643 1213 2706 opposito
1247 2644 1452 2692 ecclesie
1481 2643 1639 2702 situm,
1672 2646 1719 2691 et
1749 2657 1837 2690 nos
1867 2657 1978 2690 cum
2008 2657 2084 2690 eo.

313 2729 418 2773 Dux
442 2725 554 2774 fecit
576 2740 811 2788 expensas
832 2741 919 2788 per
936 2726 1100 2774 omnia
1115 2726 1240 2786 loca,
1259 2731 1419 2775 tamen
1439 2727 1545 2790 ejus
1561 2726 1781 2785 ducatus,
1799 2729 1971 2774 etcum
1986 2725 2090 2790 plu-

313 2809 443 2856 ribus
466 2808 569 2856 aliis
594 2809 718 2856 venit
737 2808 925 2872 legatus
947 2808 1044 2857 imo
1065 2809 1222 2873 legato
1242 2810 1370 2858 venit
1384 2810 1571 2858 obviam
1589 2826 1676 2873 per
1695 2813 1900 2873 quatuor
1918 2808 2088 2857 millia·

312 2892 381 2938 ria
403 2895 450 2939 et
472 2891 610 2949 ultra,
633 2897 767 2938 extra
784 2892 1073 2955 Eugubium.

380 2977 432 3021 ln
453 2974 643 3022 civitate
669 2974 1009 3022 Assisinatensi
1039 2980 1112 3024 est
1140 2992 1260 3023 unus
1291 2979 1554 3023 conventus
1583 2975 1852 3023 ordinarius
1874 2991 1913 3022 s.
1940 2976 2087 3022 Fran-

313 3058 427 3106 cisci
449 3057 689 3121 duplicem
717 3057 972 3105 ecclesiam
1002 3058 1205 3117 habenS,
1230 3062 1480 3121 utramque
1508 3057 1867 3117 testudinatam,
1892 3058 2087 3122 planum

311 3146 439 3190 terre
460 3139 829 3204 prospicientes.
856 3140 1118 3203 Requisivit
1133 3142 1181 3188 in
1204 3157 1261 3189 ea
1284 3156 1458 3204 corpus
1480 3157 1518 3188 s.
1543 3141 1803 3200 Francisci,
1825 3141 1884 3190 de
1906 3141 2089 3205 capillis

313 3228 361 3272 et
376 3224 534 3272 velum
552 3224 689 3271 beate
710 3223 857 3272 Marie
877 3223 1090 3287 virginis,
1110 3224 1168 3272 de
1191 3224 1357 3287 caligis
1380 3240 1418 3271 s.
1444 3224 1703 3272 Francisci.
1730 3226 1850 3273 Sunt
1872 3228 1920 3272 et
1939 3223 2087 3272 multe

312 3307 402 3355 alie
434 3306 652 3368 reliquie,
680 3307 854 3370 digitus
881 3322 920 3355 s.
944 3307 1140 3355 Joannis
1171 3307 1401 3371 Baptiste,
1426 3323 1521 3370 quo
1545 3307 1839 3356 Salvatorem
1860 3307 2083 3366 ostendit,

360 3430 391 3465 1.
420 3429 481 3465 Sic
500 3429 591 3465 (lans
612 3432 691 3465 tous
714 3430 765 3465 les
787 3442 876 3468 mss.
900 3432 1087 3467 Petit-etre
1114 3430 1232 3466 faut-il
1260 3430 1323 3467 lire
1349 3442 1371 3467 a
1396 3431 1528 3477 Spello,
1561 3430 1622 3481 qui
1644 3435 1701 3468 est
1732 3434 1752 3467 a
1771 3431 1794 3466 5
1814 3429 2019 3468 kilometres
2039 3442 2084 3467 en

312 3488 401 3522 <toea
421 3486 599 3526 d'Assiso,
