2222 3926
146 373 230 413 [Mai
253 373 346 412 1496]
592 371 762 409 RERUM
795 370 1098 408 URBANARUM
1130 370 1480 408 COMMENTARII.
1860 372 1927 408 281

148 491 207 524 ex
241 490 376 523 more
404 478 515 522 ante
550 474 727 522 ostium
757 474 1099 522 comitantibus
1129 474 1311 538 gratiis,
1342 473 1489 522 iidem
1519 477 1575 522 D.
1608 473 1862 522 Goffredus
1884 480 1931 522 et

149 558 323 606 Sancia
343 562 390 605 et
411 558 636 606 Lucretia
654 557 950 606 intraverunt
978 561 1026 605 et
1053 557 1250 605 fuerunt
1276 557 1326 604 in
1347 573 1405 605 ea
1421 572 1450 605 a
1466 557 1628 605 multis
1649 557 1931 606 mulieribus

149 642 376 690 Romanis
399 641 579 689 ibidem
602 642 964 705 expectantibus
985 646 1201 705 recepte.

129 747 134 752 ,
212 725 340 773 Ordo
381 726 674 790 receptionis
715 730 763 774 et
797 725 1002 773 aliorum
1035 726 1363 789 predictorum
1404 725 1489 773 fuit
1523 728 1581 774 D.
1614 719 1928 786 BernardinO,

148 809 282 857 socio
315 825 443 869 meo,
474 809 523 857 id
556 810 674 857 mihi
711 809 972 867 referente,
1005 825 1093 873 per
1130 813 1308 874 Papam
1329 810 1488 868 datus,
1518 810 1598 872 qui
1639 809 1785 858 etiam
1816 804 1931 857 mihi

141 893 264 941 dixit
295 896 476 957 Papam
507 894 596 941 sibi
625 892 845 941 retulisse
869 897 1084 941 oratores
1113 896 1326 943 Venetos
1345 892 1663 942 consentiisse
1690 893 1821 956 quod
1838 894 1934 957 pri-

146 992 254 1024 mus
298 992 469 1025 eorum
511 976 600 1023 iret
639 992 667 1023 a
706 975 911 1023 sinistris
942 976 1092 1038 primi
1138 976 1490 1024 conservatoris
1529 972 1723 1023 camere
1771 975 1929 1034 Urbis,

147 1053 386 1109 secundus
406 1060 594 1108 medius
613 1060 739 1107 inter
756 1058 875 1106 alios
901 1058 1021 1106 duos
1043 1064 1436 1107 conservatores:
1458 1075 1519 1107 an
1537 1066 1699 1107 autem
1719 1058 1767 1105 id
1786 1058 1931 1106 hodie

146 1147 348 1202 tantum,
378 1143 452 1192 vel
485 1146 647 1191 autem
679 1140 908 1204 deinceps
934 1147 1168 1204 perpetuo
1197 1142 1259 1189 sit
1288 1141 1642 1190 observandum
1671 1141 1788 1189 mihi
1816 1141 1933 1189 dixit

146 1244 196 1277 se
218 1229 423 1277 nescire.

210 1313 435 1371 Sabbato,
472 1316 527 1360 21
563 1311 695 1370 maii,
724 1311 885 1374 vigilia
917 1314 1250 1369 Pentecostes,
1282 1310 1484 1358 mutatio
1514 1326 1795 1374 capparum,
1827 1325 1931 1359 ves-

142 1411 260 1459 pere
281 1396 481 1461 papales
503 1396 553 1443 in
578 1410 773 1444 camera
794 1396 979 1459 majore
1000 1394 1184 1458 palatii,
1208 1396 1339 1458 Papa
1357 1398 1600 1458 presente.

210 1481 262 1527 ln
294 1495 437 1528 mane
462 1479 706 1542 sequenti,
731 1478 908 1526 festum
937 1480 1250 1526 Pentecostes
1273 1478 1403 1526 venit
1424 1477 1511 1525 sub
1531 1482 1688 1542 mytra
1710 1477 1812 1526 sine
1833 1477 1935 1526 bal-

144 1563 354 1612 dachino
396 1564 456 1612 ad
492 1562 743 1611 basilicam
784 1579 823 1610 S.
862 1562 1007 1621 Petri,
1042 1562 1091 1609 in
1131 1577 1226 1625 qua
1265 1561 1520 1609 cardinalis
1563 1563 1932 1609 Beneventanus

143 1647 406 1696 celebravit
444 1648 647 1695 missam
693 1646 979 1705 solemnem,
1025 1649 1156 1710 Papa
1193 1650 1439 1710 presente.
1494 1647 1780 1694 Sermonem
1820 1646 1933 1694 fecit

141 1731 337 1793 quidam
386 1732 642 1795 Hispanus,
705 1731 986 1794 capellanus
1026 1730 1141 1778 dicti
1182 1732 1240 1777 D.
1289 1730 1503 1794 episcopi
1544 1730 1928 1793 Segobricensis,

145 1814 383 1878 prolixum
404 1815 549 1862 nimis
572 1819 618 1863 et
645 1814 908 1872 tediosum,
949 1809 1060 1861 cum
1095 1815 1222 1876 Pape
1257 1815 1306 1860 et
1335 1812 1551 1860 omnium
1574 1812 1927 1876 indignatione:

147 1903 195 1948 et
227 1898 561 1963 pronunciavit
607 1898 847 1962 plenarias
895 1897 1222 1961 indulgentias
1260 1912 1350 1960 per
1388 1899 1566 1960 Papam
1613 1911 1871 1945 concessas
1905 1912 1933 1944 a

145 1982 384 2046 principio
407 1982 554 2030 misse
582 1997 734 2045 usque
755 1997 850 2044 quo
874 1984 1003 2044 Papa
1024 1984 1132 2044 post
1152 1995 1263 2028 eum
1286 1985 1422 2028 extra
1442 1979 1698 2028 ecclesiam
1718 1984 1934 2044 portare—

145 2071 237 2114 tur.
264 2068 514 2114 Steterunt
536 2081 682 2129 super
701 2065 939 2129 pulpitum
960 2079 1290 2112 marmoreum
1307 2064 1354 2111 in
1374 2080 1468 2127 quo
1490 2064 1710 2112 canonici
1734 2063 1929 2112 basilice

142 2150 355 2214 predIcte
385 2166 423 2197 s.
457 2150 584 2198 Petri
612 2149 867 2213 epistolam
892 2152 938 2196 et
967 2148 1270 2212 evangelium
1295 2153 1650 2196 consueverunt
1670 2148 1929 2197 decantare

143 2233 314 2282 Sancia
334 2237 382 2281 et
411 2233 634 2281 Lucretia
660 2232 759 2280 filia
795 2235 924 2295 Pape
961 2248 1072 2280 cum
1109 2231 1271 2279 multis
1304 2231 1410 2278 aliis
1444 2231 1745 2289 mulieribus,
1777 2237 1930 2282 totum

141 2318 299 2381 ipsum
320 2316 558 2380 pulpitum
594 2321 642 2365 et
669 2321 848 2365 terram
883 2315 1199 2364 circumcirca
1229 2316 1578 2379 occupantibus
1612 2332 1723 2364 cum
1753 2333 1930 2381 magno

142 2399 401 2459 dedecore,
438 2398 706 2462 ignominia
734 2404 782 2448 et
813 2399 1039 2448 scandalo
1065 2398 1248 2463 populi.
1283 2401 1337 2446 Et
1364 2399 1413 2446 in
1433 2399 1598 2459 missa,
1630 2399 1745 2448 dum
1780 2401 1930 2449 Pater

142 2483 499 2541 decantaretur,
525 2483 584 2531 de
607 2483 806 2546 speciali
826 2484 1055 2531 mandato
1078 2487 1126 2531 et
1141 2482 1486 2531 commissione
1510 2485 1593 2532 SS.
1621 2487 1678 2532 D.
1704 2487 1758 2532 R.
1784 2501 1925 2548 pape,

139 2567 249 2615 dedi
279 2567 442 2615 locum
470 2568 598 2616 inter
628 2568 838 2630 prelatos
872 2568 1154 2615 assistentes
1184 2566 1447 2615 admodum
1477 2570 1532 2615 R.
1567 2567 1617 2614 in
1650 2567 1840 2616 Christo
1873 2571 1925 2616 P.

143 2653 200 2698 D.
226 2651 490 2714 Stephano,
512 2647 741 2714 episcopo
762 2650 1052 2698 Cattacensi.

207 2733 434 2792 Sabbato,
454 2737 514 2781 28
534 2734 663 2793 maii,
689 2734 738 2781 in
749 2734 908 2797 vigilia
920 2733 1222 2782 sanctissime
1235 2732 1496 2791 Trinitatis,
1518 2732 1710 2782 fuerunt
1733 2750 1928 2798 vespere

140 2817 333 2881 papales
354 2817 400 2864 in
425 2818 610 2881 capella
639 2818 826 2882 majori,
865 2818 1038 2881 quibus
1069 2816 1403 2864 sanctissimus
1425 2819 1483 2864 D.
1508 2817 1923 2868 nosterinterfuit.

206 2901 458 2950 Dominica
485 2901 724 2965 sequenti,
760 2901 936 2950 festum
970 2900 1268 2965 hujusmodi,
1309 2900 1399 2948 fuit
1428 2899 1578 2947 missa
1617 2900 1846 2949 solemnis
1879 2902 1924 2949 in

138 2987 309 3034 eadem
351 2985 552 3049 capella,
589 3001 734 3049 quam
766 2985 1025 3034 celebravit
1066 2988 1230 3032 Rmus.
1270 2986 1326 3031 D.
1369 2983 1626 3032 cardinalis
1663 3001 1704 3031 s.
1741 2986 1922 3044 Crucis,

142 3072 270 3132 Papa
296 3068 516 3117 similiter
535 3074 762 3132 presente
788 3085 797 3116 :
824 3085 921 3133 qua
947 3069 1097 3127 finita,
1125 3070 1210 3116 SS.
1240 3070 1298 3115 D.
1329 3071 1497 3117 noster
1522 3068 1699 3116 creavit
1723 3068 1925 3116 militem

140 3155 196 3199 D.
222 3151 474 3199 Camillum
496 3153 777 3212 Berardum,
801 3154 955 3202 civem
990 3154 1383 3210 Cesenatensem,
1407 3151 1675 3199 litterarum
1696 3152 1925 3215 apostoli-

139 3250 304 3283 carum
333 3234 719 3296 sollicitatorem3
757 3240 804 3285 et
842 3236 934 3285 alia
974 3251 1111 3285 more
1140 3236 1281 3284 solito
1314 3239 1425 3282 sunt
1453 3234 1720 3282 observata.
1754 3236 1924 3283 Sermo

140 3317 361 3375 nonfuit,
385 3317 497 3380 quia
516 3318 596 3381 qui
623 3319 842 3368 facturus
873 3321 1009 3368 illum
1044 3323 1145 3368 erat
1179 3318 1417 3366 infirmuS.
1460 3317 1575 3364 Heri
1599 3318 1802 3380 vesperi,
1827 3333 1923 3364 non

140 3400 227 3448 fuit
247 3400 371 3448 facta
402 3402 802 3450 commemoratio
825 3402 1086 3462 dominice,
1121 3402 1180 3450 de
1201 3400 1394 3465 speciali
1422 3400 1651 3457 mandato
1674 3402 1757 3448 SS.
1784 3402 1839 3447 D.
1864 3401 1919 3446 N.

141 3501 281 3549 pape,
308 3484 390 3548 qui
413 3483 558 3532 etiam
590 3485 832 3533 commisit
851 3485 969 3533 mihi
992 3485 1120 3548 quod
1139 3485 1376 3547 deinceps
1404 3498 1491 3531 suo
1516 3487 1732 3546 tempore
1754 3482 1922 3543 hujus-
