2202 3926
170 356 253 398 [Mai
275 357 370 398 1494]
616 355 784 394 RERUM
809 355 1120 403 *URBANARUM
1154 356 1502 394 COMMENTARH.
1886 364 1951 401 165

172 460 303 506 Novo
325 457 663 506 serenissimus
681 457 956 522 Alphonsus
985 458 1143 506 Sicilie
1166 475 1250 507 rex
1281 459 1414 508 dedit
1439 461 1647 525 insignia
1669 461 1949 525 principalia

173 547 228 592 D.
250 542 460 592 Joffredo
486 542 663 606 Borgia
690 541 747 590 de
776 541 1016 606 Aragonia
1045 541 1249 606 principi
1278 543 1521 606 Squillaci,
1544 543 1766 593 videlicet
1793 544 1948 592 circu-

168 628 267 677 lum
286 642 484 675 aureum
512 626 771 675 rotundum
793 625 1061 689 simplicem
1083 626 1131 673 in
1153 628 1351 675 modum
1379 627 1445 675 fili
1475 628 1570 677 sive
1598 629 1743 677 corde
1769 630 1948 692 grossi-

172 710 346 759 tudinis
383 709 581 774 maj0ris
612 709 746 773 digiti
777 725 964 768 manns,
998 726 1143 773 quem
1183 711 1326 775 capiti
1358 727 1444 759 suo
1481 712 1726 776 imposuit,
1765 718 1812 760 et
1852 712 1947 760 duo

171 794 336 841 vexilla
362 810 445 843 seu
469 793 741 853 stendarda,
767 809 916 841 unum
935 809 1042 841 cum
1068 794 1212 841 armis
1241 795 1357 854 suis,
1383 800 1429 843 et
1454 797 1732 859 Aragonum
1756 797 1947 859 inquar-

172 878 353 936 teratiS,
390 877 519 941 quod
558 876 852 939 assignatum
892 876 979 923 fuit
1014 877 1301 939 portandum
1342 881 1398 925 D.
1445 879 1730 927 Collerando
1775 879 1947 943 Borgia

170 960 308 1008 militi
330 960 512 1009 ordinis
535 959 686 1007 sancti
710 958 940 1006 Johannis
957 959 1386 1020 Hierosolimitani,
1406 961 1538 1008 fratri
1558 962 1681 1010 Rmi.
1707 965 1764 1010 D.
1790 963 1948 1010 cardi-

169 1045 290 1092 nalis
326 1043 503 1092 Montis
540 1041 730 1105 Regalis
762 1041 928 1105 legati,
964 1046 1011 1090 et
1056 1042 1202 1102 aliud,
1242 1059 1468 1108 campum
1498 1044 1684 1092 habens
1725 1045 1947 1108 glaucum

169 1129 264 1177 sive
284 1126 494 1190 gaudum
531 1130 579 1175 et
613 1125 732 1173 duos
760 1125 1050 1173 monticulos
1071 1142 1211 1189 pares
1245 1143 1355 1174 cum
1379 1128 1520 1176 tertio
1548 1128 1612 1175 illi
1643 1129 1946 1192 superposito

168 1216 216 1260 et
247 1210 424 1259 scalam
455 1224 652 1258 auream
689 1225 747 1257 ex
779 1209 1000 1273 passibus
1038 1226 1086 1256 XI
1117 1210 1467 1274 aliquantulum
1498 1228 1585 1275 per
1620 1218 1945 1261 transversum

167 1294 448 1343 tendentem
482 1293 531 1340 in
566 1292 733 1351 altum,
770 1292 898 1356 quod
937 1292 1027 1340 suit
1059 1293 1286 1342 traditum
1327 1297 1384 1342 D.
1423 1295 1763 1344 Bartholomeo
1805 1298 1944 1344 Serre

169 1378 307 1427 militi
330 1377 388 1425 de
407 1376 590 1425 familia
607 1378 708 1424 DD.
734 1375 930 1425 Joffredi
952 1376 1174 1426 existenti
1195 1378 1505 1441 portandum.

234 1462 414 1520 Quibus
442 1459 707 1524 insignibus
726 1459 952 1524 receptiS,
975 1460 1105 1508 idem
1124 1463 1179 1509 D.
1205 1457 1445 1510 joffredus
1468 1463 1696 1526 equitavit
1716 1479 1803 1527 per
1824 1467 1947 1513 Nea-

166 1547 315 1612 polim
356 1548 450 1595 hoc
489 1547 656 1595 ordine
695 1563 704 1595 :
740 1550 1082 1610 precesserunt
1119 1545 1357 1593 tubicines
1403 1551 1450 1593 et
1494 1545 1788 1595 fistulatores
1828 1563 1946 1610 quos

166 1630 493 1694 sequebantur
513 1630 699 1679 nobiles
721 1617 774 1678 et*
796 1631 1003 1678 barones
1032 1644 1119 1676 suo
1149 1629 1336 1689 ordine,
1366 1630 1560 1678 mazerii
1595 1631 1741 1694 regis,
1766 1631 1830 1678 illi
1852 1631 1945 1679 duo

167 1718 439 1778 portatores
478 1713 758 1763 vexillorum
789 1713 1135 1778 predictorum,
1170 1712 1399 1761 heraldus
1436 1712 1560 1776 regis
1603 1729 1712 1761 cum
1750 1714 1943 1762 buffone

168 1813 195 1845 a
224 1798 447 1857 sinistris,
478 1802 579 1845 tum
614 1801 671 1846 D.
705 1797 945 1846 Joffredus
978 1803 1025 1846 et
1062 1797 1122 1845 ad
1152 1797 1256 1861 ejus
1295 1796 1538 1845 sinistram
1575 1800 1632 1845 D.
1671 1798 1944 1846 Fridericus

165 1881 312 1929 frater
330 1881 477 1944 regis,
501 1895 622 1943 quos
645 1881 971 1943 sequebantur
991 1880 1070 1928 alii
1101 1880 1308 1928 barones
1339 1880 1475 1943 regni
1506 1884 1615 1943 post
1637 1881 1814 1944 reglos.
1840 1885 1942 1930 Non

166 1963 366 2029 perfecit
405 1963 639 2011 circulum
674 1963 886 2021 solitum,
918 1964 1030 2026 quia
1061 1964 1249 2026 insigne
1285 1979 1506 2021 aureum,
1543 1964 1674 2026 quod
1706 1964 1752 2011 in
1786 1966 1945 2029 capite

167 2049 358 2096 detecto
392 2047 608 2112 gerebat,
634 2047 776 2095 nimis
810 2063 922 2096 eum
954 2047 1204 2111 premebat
1235 2063 1244 2094 :
1277 2047 1416 2095 rediit
1447 2051 1708 2110 propterea
1737 2047 1798 2094 ad
1831 2050 1947 2096 Cas-

168 2135 293 2177 trum
331 2132 516 2178 Novum
559 2130 688 2194 quod
734 2135 949 2178 exuerat.
995 2133 1095 2179 Hec
1140 2146 1199 2178 ex
1241 2129 1592 2179 consuetudine
1634 2131 1950 2194 Neapolitana

165 2213 405 2262 debebant
426 2213 531 2261 heri
553 2214 679 2263 facta
696 2213 862 2272 fuisse,
887 2213 973 2262 sed
993 2218 1191 2277 propter
1222 2213 1590 2262 coronationem
1623 2213 1750 2276 regis
1773 2219 1820 2262 et
1845 2215 1948 2277 ejus

165 2297 532 2360 equitationem,
554 2297 748 2347 fuerunt
771 2297 820 2345 in
839 2297 984 2346 hodie
1005 2304 1278 2362 prorogata.

232 2381 482 2430 Dominica
504 2385 555 2429 11
584 2381 698 2430 dicti
717 2381 898 2429 mensis
911 2381 1041 2438 maii,
1066 2381 1196 2430 suita
1212 2398 1354 2431 mane
1370 2398 1458 2447 per
1479 2385 1636 2431 totum
1662 2382 1790 2430 diem
1812 2383 1945 2445 quasi

166 2463 465 2513 incessanter
506 2464 664 2528 pluvia
715 2464 1067 2529 copiosissima.
1107 2468 1160 2513 In
1202 2482 1344 2514 mane
1393 2465 1613 2530 ejusdem
1660 2465 1778 2524 diei,
1822 2465 1949 2514 circa

164 2547 335 2595 horam
367 2565 485 2607 xnn,
506 2548 636 2597 venit
665 2548 726 2596 ad
756 2548 990 2612 capellam
1018 2550 1169 2597 Castri
1191 2550 1308 2599 Novi
1340 2553 1506 2598 Rmus.
1533 2551 1591 2597 D.
1622 2549 1809 2611 legatus
1838 2564 1946 2596 cum

166 2647 279 2694 rege
318 2631 568 2695 Alphonso
609 2647 637 2679 a
676 2631 879 2680 sinistris
917 2632 1038 2692 suiS,
1075 2633 1287 2681 mediam
1327 2634 1453 2681 inter
1495 2648 1544 2680 se
1586 2632 1821 2680 ducentes
1861 2647 1945 2678 seu

164 2715 401 2763 habentes
440 2718 498 2763 D.
535 2715 758 2764 Sanciam
789 2715 848 2764 de
877 2716 1117 2779 Aragonia
1150 2717 1370 2781 ejusdem
1408 2717 1536 2780 regis
1572 2716 1721 2763 filiam
1754 2714 1947 2778 illegiti-

165 2814 314 2858 mam,
337 2814 563 2863 sponsam
593 2801 650 2846 D.
675 2798 890 2859 Joffredi,
919 2799 1290 2863 precedentibus
1321 2799 1588 2857 nobilibus,
1609 2798 1871 2865 baronibus
1902 2801 1949 2845 et

167 2881 407 2945 regalibus
427 2897 514 2930 suo
535 2881 720 2929 ordine.
742 2884 799 2930 D.
820 2881 1060 2930 Joffredus
1081 2883 1318 2946 processit
1339 2882 1586 2946 proximus
1608 2881 1710 2945 regi
1727 2886 1774 2929 et
1787 2880 1947 2943 legato

167 2980 195 3012 a
222 2964 401 3013 dextris
429 2967 533 3013 Don
567 2964 799 3014 Friderici
830 2965 988 3013 fratris
1021 2966 1167 3030 regiS.
1195 2966 1376 3023 Quibus
1406 2969 1517 3014 ante
1545 2970 1733 3028 portam
1764 2963 1947 3028 capelle

167 3047 380 3110 predicte
409 3049 699 3107 constitutiS,
725 3053 779 3098 R.
805 3049 854 3097 in
884 3049 1073 3098 Christo
1097 3053 1149 3099 Ρ.
1178 3053 1232 3099 D.
1258 3050 1517 3109 Mattheus,
1542 3049 1800 3113 episcopus
1827 3049 1947 3096 Gra-

168 3129 393 3200 viliensis,
416 3134 615 3183 missam
636 3134 684 3182 in
705 3133 834 3182 dicta
851 3133 1035 3197 capella
1052 3134 1396 3198 pontificaliter
1416 3134 1764 3191 celebraturuS,
1790 3131 1947 3180 omni—
2020 3155 2024 3159 ·

170 3213 260 3264 bus
281 3215 575 3282 paramentis
600 3216 958 3279 pontificalibus
989 3220 1182 3280 paratus
1210 3221 1258 3265 et
1286 3216 1445 3274 mitra,
1465 3217 1603 3279 juxta
1622 3216 1800 3265 ostium
1822 3214 1947 3262 dicte

171 3296 356 3360 capelle
394 3299 799 3361 cnmcapellanis
837 3299 934 3346 suis
968 3299 1319 3363 superpelliciis
1360 3298 1559 3357 indutis,
1590 3313 1795 3361 quorum
1828 3311 1948 3344 unus

172 3380 396 3429 baculum
418 3379 918 3445 deferenspastorale‚
936 3382 1126 3446 pluviali
1140 3387 1335 3446 paratus
1357 3385 1477 3440 erat,
1498 3379 1943 3430 benedixitanulum

171 3479 314 3527 quem
345 3480 469 3512 unus
499 3463 706 3512 militum
733 3465 897 3527 sponsi
926 3480 1089 3513 coram
1119 3465 1224 3527 ipso
1256 3464 1483 3528 episcopo
1510 3465 1724 3514 tenebat.
1747 3467 1791 3508 et
1823 3475 1941 3521 aqna
