2222 3926
131 318 285 359 [Janvier
306 319 397 359 1495]
565 317 734 355 RERUM
766 317 1068 354 URBANARUM
1101 317 1453 354 COMMENTARH.
1834 320 1899 355 221

131 420 387 469 Perusinus
406 421 679 484 episcopUS,
701 418 926 476 denarius,
949 419 1146 466 nomine
1170 422 1316 482 Pape,
1338 423 1382 466 et
1408 421 1506 466 DD.
1533 419 1592 465 de
1615 419 1827 466 Bresach
1856 425 1905 467 et

125 508 199 552 Jo.
219 504 278 553 de
293 503 625 567 Montpensier
642 508 689 552 et
707 505 764 551 D.
786 502 1033 572 Johannes
1059 502 1118 550 de
1140 505 1305 567 Ganay
1326 504 1411 567 (1),
1442 501 1628 565 primus
1652 501 1904 565 presidens

131 587 419 635 Parlamenti
442 586 735 650 parisiensis.
767 586 863 634 Sed
888 585 1143 634 cardinalis
1172 602 1211 634 s.
1248 585 1374 633 Petri
1396 584 1454 632 ad
1476 585 1682 633 Vincula
1712 588 1761 633 et
1782 587 1907 633 Gur-

129 670 305 728 censis,
329 670 575 718 intellecta
595 669 905 718 conclusione
928 669 1030 718 sine
1052 669 1122 717 eis
1143 670 1284 728 facta,
1310 667 1562 731 conquesti
1585 673 1694 716 sunt
1721 668 1819 731 regi
1844 667 1904 716 de

127 754 278 816 pactis
299 753 414 817 ipsis
434 769 521 817 per
540 769 653 801 eum
675 770 771 801 non
793 753 990 802 servatis
1019 769 1130 801 cum
1158 752 1273 816 ipsis
1303 751 1555 816 promissis
1577 755 1625 799 et
1647 767 1736 815 per
1762 767 1904 799 coro-

131 853 243 884 nam
262 837 443 900 regiam
466 837 568 884 sine
591 837 660 885 eis
681 841 728 884 et
750 852 918 884 eorum
940 837 1062 885 scitu
1081 840 1129 884 et
1152 836 1392 884 voluntate
1422 851 1532 884 cum
1557 835 1788 899 pontifice
1810 851 1906 883 non

129 921 248 969 velle
280 920 576 968 concordare
606 919 679 966 vel
709 919 890 982 aliquid
923 919 1213 967 concludere
1244 924 1292 967 et
1322 918 1417 967 hoc
1445 918 1607 966 medio
1636 918 1909 967 conclusio-

129 1019 241 1052 nem
262 1003 562 1067 hujusmodi,
587 1008 634 1050 et
655 1018 715 1050 ne
737 1002 803 1049 illi
826 1002 886 1049 ad
908 1005 1101 1050 Rmum.
1128 1005 1184 1049 D.
1211 1001 1510 1050 cardinalem
1531 1001 1909 1049 Alexandrinum

129 1086 375 1144 venirent‚'
388 1085 760 1149 impediverunt.

193 1169 334 1216 Feria
354 1168 598 1222 secunda,
640 1171 694 1215 12
723 1168 950 1231 januarii,
990 1184 1072 1216 rex
1109 1169 1310 1216 Francie
1345 1168 1571 1231 equitavit
1607 1183 1694 1232 per
1729 1167 1905 1216 Urbem

131 1253 285 1311 solus,
314 1253 463 1300 ‘illam
501 1251 693 1299 videndi
737 1267 905 1309 causa,
951 1266 1096 1314 quem
1142 1251 1396 1298 associavit
1436 1254 1602 1298 Rmus.
1650 1250 1906 1298 cardinalis

131 1354 170 1384 s.
197 1336 410 1400 Dionysii
439 1336 583 1399 longe
611 1339 719 1399 post
751 1350 916 1398 regem
946 1350 1059 1382 cum
1086 1334 1191 1382 aliis
1220 1333 1461 1381 nobilibus
1491 1334 1711 1396 equitans
1742 1350 1751 1380 :
1786 1334 1910 1382 inter

134 1422 289 1484 ipsum
320 1420 450 1467 enim
481 1425 529 1467 et
555 1434 721 1482 regem
748 1418 994 1482 equitabat
1019 1417 1214 1481 quidam
1242 1417 1522 1481 capitaneus
1553 1417 1770 1480 peditum
1801 1432 1909 1464 cus-

137 1503 264 1551 todie
293 1503 421 1566 regis
452 1502 580 1550 circa
605 1502 762 1566 ipsum
790 1502 1135 1560 incedentium,
1164 1516 1331 1549 curam
1354 1501 1539 1549 habens
1566 1499 1696 1563 quod
1725 1498 1911 1563 pedites

133 1591 453 1650 sequerentur
477 1603 487 1634 :
513 1586 808 1648 sequebatur
828 1585 1085 1634 cardinalis
1114 1601 1225 1633 cum
1248 1584 1491 1632 nobilibus
1512 1583 1634 1631 aliis.

200 1670 432 1733 Sequenti
454 1670 547 1728 die,
577 1673 633 1718 13
648 1669 876 1734 januarii,
903 1685 988 1718 rex
1008 1669 1237 1732 equitavit
1253 1668 1313 1716 ad
1335 1672 1555 1716 sanctum
1577 1666 1912 1715 Sebastianum

134 1753 194 1799 ab
220 1752 324 1800 istis
353 1753 500 1801 etiam
525 1753 815 1812 associatus3
848 1753 951 1802 aliis
975 1752 1288 1816 sequentibus
1311 1751 1480 1799 diebus
1507 1750 1639 1808 alibi,
1662 1765 1750 1814 pro
1772 1749 1911 1797 libito

135 1851 218 1883 sue
240 1836 494 1885 voluntatis
517 1836 604 1895 (2).

201 1919 338 1968 Feria
365 1925 517 1979 sexta,
557 1925 614 1969 16
645 1920 759 1969 dicti
785 1921 966 1969 mensis
989 1919 1217 1984 januarii,
1254 1919 1380 1967 bono
1409 1933 1570 1977 mane,
1606 1922 1912 1966 recesserunt

135 2021 194 2052 ex
214 2004 359 2063 Urbe,
386 2007 551 2053 Rmus.
582 2006 818 2054 Ascanius
845 2004 1266 2054 vicecancellarius
1289 2007 1337 2051 et
1360 2002 1420 2050 de
1443 2004 1623 2048 Lunate
1645 1999 1912 2048 cardinales

135 2086 460 2135 Mediolanum
481 2087 611 2146 ituri,
636 2092 686 2135 ut
706 2103 734 2135 a
754 2087 999 2136 nonnullis
1020 2086 1344 2135 asserebatur.

204 2169 385 2216 Eodem
407 2169 502 2228 die,
525 2170 574 2217 in
593 2186 754 2230 mane,
776 2187 862 2220 rex
880 2171 1079 2219 Francie
1100 2169 1326 2238 equitavit
1344 2169 1404 2217 ad
1430 2169 1678 2217 basilicam
1700 2184 1739 2215 s.
1763 2166 1908 2224 Petri,

135 2251 214 2299 ubi
241 2252 402 2300 audita
431 2253 579 2302 missa
606 2254 655 2301 in
686 2255 871 2319 capella
901 2272 939 2302 s.
975 2253 1235 2302 Petronille
1268 2269 1354 2317 per
1384 2269 1535 2300 unum
1566 2267 1623 2300 ex
1652 2249 1912 2314 capellanis

135 2334 258 2394 suis3
285 2334 341 2399 (si
365 2339 496 2383 recte
524 2336 742 2396 memini,
769 2337 873 2386 sine
894 2342 1036 2386 cantu
1063 2337 1307 2386 celebrata
1327 2336 1445 2401 est)‚'
1461 2335 1679 2384 ascendit
1699 2335 1760 2383 ad
1779 2333 1912 2398 pala-

134 2419 252 2466 tium
285 2421 414 2482 Pape
444 2419 506 2467 ad
530 2436 749 2469 cameras
779 2437 928 2470 novas
958 2437 1044 2486 pro
1079 2437 1138 2469 eo
1165 2424 1354 2484 paratas
1387 2419 1467 2468 ubi
1494 2419 1608 2466 fecit
1636 2417 1909 2482 prandium.

135 2502 338 2561 Deinde,
373 2503 503 2551 circa
530 2504 702 2553 horam
722 2521 800 2563 xx,
827 2508 957 2570 Papa
985 2508 1200 2569 portatus
1233 2503 1319 2551 fuit
1349 2519 1438 2567 per
1470 2499 1910 2550 deambulatorium

184 2664 218 2700 1.
246 2663 344 2700 Tous
365 2676 425 2701 ees
446 2676 536 2702 mss.
559 2665 722 2702 donnent
742 2678 782 2702 ce
802 2677 886 2703 nom
914 2670 987 2702 tres
1008 2666 1318 2703 incorrectement.
1344 2680 1362 2696 «
1383 2663 1563 2700 Johannes
1582 2663 1737 2706 Socrati,
1763 2662 1911 2703 55222,

137 2723 161 2758 s.
182 2724 218 2758 8.
240 2744 286 2749 -
307 2724 340 2760 J.
363 2724 520 2770 Soleam',
537 2725 666 2771 13735,
682 2724 706 2762 f.
722 2726 768 2762 85
781 2738 832 2763 vo.
850 2747 894 2752 —
908 2728 941 2763 J.
959 2726 1002 2761 de
1019 2726 1211 2766 Serv-anni,
1233 2725 1340 2760 5160.
1366 2723 1388 2759 f.
1405 2724 1475 2758 214
1496 2735 1548 2758 vo.
1565 2722 1710 2765 Serani,
1730 2719 1809 2765 149,
1825 2724 1911 2761 etc,

136 2785 171 2818 et
182 2781 443 2820 differemment
456 2783 548 2820 dans
563 2784 721 2821 d'autres
736 2797 918 2833 passages
932 2785 998 2821 des
1012 2789 1149 2821 memes
1163 2796 1254 2821 mss.
1270 2787 1337 2820 etc.
1354 2781 1442 2818 Voir
1452 2781 1613 2829 preced„
1623 2791 1660 2828 p.
1682 2780 1766 2824 215,
1779 2784 1864 2814 note
1874 2779 1912 2813 2.

181 2843 217 2878 2.
248 2857 266 2875 «
348 2844 395 2878 Le
416 2855 482 2892 roy
501 2848 560 2880 est
578 2844 645 2881 alle
665 2844 894 2892 aujourd'hui
914 2856 980 2893 par
993 2845 1026 2881 la
1044 2844 1126 2881 ville
1147 2847 1194 2881 ou
1214 2843 1239 2879 il
1250 2843 1398 2890 n’avoyt
1417 2841 1518 2889 point
1537 2851 1666 2877 encore
1680 2841 1758 2875 este
1779 2841 1826 2874 ou
1847 2837 1871 2873 il
1891 2848 1915 2884 y

136 2913 157 2937 a
177 2913 222 2938 eu
249 2913 319 2938 une
345 2902 594 2940 merveilleuse
619 2915 747 2952 presse
773 2904 818 2940 de
843 2904 1019 2941 Romains
1039 2904 1112 2941 a'le
1137 2915 1272 2952 veoyr3
1298 2902 1322 2937 il
1348 2906 1405 2937 est
1423 2902 1528 2949 ayme
1548 2904 1583 2936 et
1608 2897 1803 2935 volontiers
1829 2909 1912 2938 ven,

137 2961 218 3009 plus
238 2973 284 2998 en
303 2962 419 3009 partie
439 2975 510 3012 que
531 2963 649 3013 celluy
669 2963 731 3012 qui
751 2975 796 3000 en
822 2968 880 3001 est
900 2964 1085 3013 seigneur.
1108 2964 1148 3001 Si
1164 2964 1298 3013 justice
1318 2960 1462 3009 regnait
1489 2959 1611 2996 mieux
1637 2957 1766 3006 qu'elle
1786 2969 1831 2992 ne
1851 2956 1918 2993 fuit

137 3030 182 3055 on
205 3019 315 3057 serait
333 3021 416 3058 bien
443 3015 538 3059 venu
564 3027 721 3071 partout,
741 3027 777 3060 et
796 3024 923 3069 adore;
946 3023 1038 3060 mais
1059 3023 1112 3059 les
1133 3021 1291 3071 pilleries
1319 3026 1354 3058 et
1380 3029 1665 3066 ranconnemenz
1695 3017 1803 3065 qu'on
1830 3015 1916 3051 faict

136 3077 225 3114 dont
242 3080 441 3127 pugnicion
461 3094 508 3119 ou
528 3082 737 3130 reparacion
762 3082 858 3120 n'est
883 3082 987 3131 point
1010 3082 1128 3128 faicte,
1157 3083 1321 3119 donnent
1346 3093 1396 3116 un
1421 3078 1584 3116 mauvais
1604 3077 1726 3125 bruyt‚
1748 3080 1784 3112 et
1810 3074 1914 3110 ceulx

137 3136 198 3185 qui
226 3136 258 3173 le
284 3138 360 3175 sont
386 3145 470 3178 sont
495 3147 710 3188 soustenuz;
737 3154 835 3191 quoy
860 3154 931 3190 que
962 3155 1002 3179 ce
1035 3142 1118 3187 soit,
1139 3136 1300 3178 chascun
1326 3140 1388 3188 n'y
1407 3139 1471 3176 fait
1490 3150 1556 3186 pas
1583 3148 1623 3173 ce
1649 3135 1736 3183 qu‘il
1763 3135 1863 3182 doyt.
1896 3150 1912 3165 υ

142 3211 159 3229 ι
179 3196 325 3233 Lectres
347 3199 391 3234 de
414 3200 537 3237 Mons‘
556 3201 601 3238 de
622 3201 748 3238 Sainct
768 3202 863 3238 Malo
883 3202 1058 3251 escriptes
1079 3205 1101 3239 a
1121 3202 1154 3238 la
1180 3213 1294 3250 royne
1319 3202 1501 3248 envoyees
1528 3199 1573 3234 de
1599 3196 1633 3232 la
1653 3195 1747 3232 dicte
1773 3194 1913 3230 damme

138 3267 184 3292 au
209 3254 286 3292 vice
306 3256 508 3295 chaneelier
532 3261 577 3297 de
602 3261 799 3310 Bretaigne
836 3262 1054 3308 (Guillaume
1082 3262 1264 3310 Guegen)‚
1288 3275 1307 3294 n
1330 3257 1545 3306 Pilorgerie,
1578 3257 1704 3302 Gamp.
1742 3258 1775 3291 et
1800 3254 1910 3293 Ball-⁷-

138 3328 172 3362 1).
204 3314 394 3352 13lsVoir
418 3320 515 3354 toute
543 3323 635 3356 cette
655 3320 773 3367 lettre,
793 3321 881 3358 tiree
905 3322 970 3358 des
990 3321 1155 3358 archives
1176 3322 1220 3357 de
1246 3321 1280 3356 la
1299 3318 1438 3355 maison
1466 3317 1510 3352 de
1537 3316 1682 3359 Rohan,
1703 3318 1739 3350 et
1758 3313 1792 3349 la
1813 3312 1914 3348 lettre

139 3373 304 3410 suivante
330 3374 379 3410 (lu
404 3375 532 3413 batard
557 3378 719 3415 Mathieu
745 3381 789 3416 de
823 3380 1008 3425 Bourbon,
1031 3393 1075 3416 en
1102 3381 1185 3416 date
1212 3380 1256 3415 de
1284 3379 1412 3421 Rome,
1437 3377 1480 3412 13
1502 3374 1644 3423 janvier
1672 3375 1776 3418 1495,
1798 3374 1819 3408 a
1849 3383 1913 3407 son

139 3433 230 3470 frere
251 3434 399 3471 Charles
422 3437 471 3483 (p.
496 3436 591 3482 141).
1727 3434 1729 3436 .
