2202 3926
330 329 398 363 162
935 327 1165 363 JOHANNIS
1200 326 1494 371 BURCHARDI,
1908 331 1986 366 Alai
2010 332 2103 372 1494]

330 431 509 493 Stanga
549 434 712 478 orator
751 430 884 478 ducis
918 430 1194 489 Mediolani,
1235 434 1281 477 et
1314 432 1370 476 D.
1409 427 1665 490 Dionysius
1701 429 1905 476 Puccius
1939 437 2102 482 orator

329 511 733 572 Florentinorum,
768 513 941 575 quibus
978 530 1005 560 a
1038 512 1274 576 principio
1306 509 1451 556 officii
1484 509 1644 556 locum
1678 508 1784 557 dedi
1820 511 1868 558 in
1904 529 2100 563 scamno

329 611 414 659 pro
437 596 506 643 eis
527 601 713 659 parato,
739 597 818 644 ubi
840 596 1067 643 sederunt
1086 611 1095 653 ;
1119 594 1204 640 sed
1224 594 1417 654 incepto
1437 590 1597 638 officio
1621 606 1699 638 me
1722 599 1945 644 vocantes
1967 596 2101 646 dixe-

331 682 439 725 runt
460 679 622 726 locum
642 679 775 724 illum
795 678 910 740 ipsis
932 693 1029 723 non
1052 674 1307 723 convenire
1330 689 1440 721 cum
1463 673 1556 720 sint
1570 674 1764 737 majoris
1785 679 2034 742 temporis,
2054 684 2103 728 et

326 761 469 824 longe
511 761 749 823 episcopis
786 759 1056 823 postpositi.
1084 757 1326 821 Respondi
1359 757 1407 803 in
1436 757 1530 804 hoc
1563 761 1672 805 actu
1706 759 1959 824 episcopos
1983 762 2098 825 ipsis

327 844 470 906 longe
502 844 712 907 majores
751 858 856 891 esse
895 858 1006 889 cum
1039 841 1134 888 sint
1168 840 1309 888 simul
1345 855 1456 887 cum
1485 839 1645 903 legato
1680 851 2020 905 cooperatores
2053 851 2100 894 et

327 930 654 975 coronatores.
690 926 869 973 Ta'men
897 930 1005 988 post
1031 924 1181 972 multa
1210 924 1483 987 importuna
1508 938 1586 971 me
1615 923 1851 985 vicerunt,
1881 927 2009 989 quod
2030 928 2099 976 eis

326 1009 486 1056 locum
510 1009 618 1057 dedi
637 1008 685 1056 in
704 1009 871 1071 quinto
896 1024 1092 1056 scamno
1113 1006 1425 1070 prelatorum,
1448 1005 1508 1053 ad
1529 1005 1774 1054 dexteram
1793 1009 2098 1058 ascendentis

328 1093 586 1152 tribunam,
617 1092 838 1140 videlicet
867 1092 948 1140 illo
979 1108 1118 1139 muro
1150 1091 1336 1138 tribune
1365 1090 1614 1154 contiguo;
1647 1093 1694 1137 et
1722 1091 1932 1153 prelatos
1961 1092 2009 1139 ‘in
2041 1109 2099 1141 eo

329 1175 549 1224 sedentes
581 1176 639 1223 ad
674 1175 767 1223 alia
797 1191 994 1223 scamna
1023 1175 1201 1233 locavi3
1231 1174 1316 1223 sed
1346 1174 1502 1222 adhuc
1531 1189 1630 1221 non
1666 1175 1876 1222 contenti
1908 1175 1958 1222 111
1990 1180 2098 1224 actu

327 1259 653 1307 coronationis
674 1263 802 1308 retro
835 1274 999 1322 regem
1029 1258 1219 1307 iverunt
1245 1262 1296 1306 ut
1326 1257 1498 1306 melius
1528 1257 1822 1317 viderentur,
1845 1258 2018 1308 deinde
2040 1259 2100 1307 ad

326 1344 454 1392 idem
476 1360 725 1392 scamnum
758 1342 1005 1402 sederunt,
1033 1342 1250 1391 videlicet
1277 1343 1486 1406 quinque
1511 1342 1807 1405 prelatorum
1830 1343 2093 1404 redierunt,

325 1431 373 1474 et
392 1427 441 1474 in
464 1444 520 1474 eo
541 1430 912 1491 permanserunt
933 1442 1085 1488 usque
1112 1425 1172 1473 ad
1192 1426 1339 1474 finem
1358 1425 1521 1474 misse.
1547 1426 1654 1474 Fuit
1672 1427 1815 1475 etiam
1840 1426 1888 1473 in
1909 1426 2095 1475 civitate

324 1510 638 1573 Neapolitana
660 1513 716 1557 D.
743 1510 1038 1574 gubernator
1060 1507 1320 1566 Catalonie,
1347 1512 1508 1556 orator
1519 1509 1647 1572 regis
1668 1514 1716 1557 et
1737 1509 1902 1573 regine
1925 1509 2095 1574 Hispa—

323 1593 529 1652 niarum,
555 1594 635 1655 qui
668 1598 829 1641 tamen
859 1592 1012 1640 noluit
1042 1591 1341 1640 coronationi
1370 1591 1601 1640 interesse
1629 1596 1827 1655 propter
1855 1596 2095 1640 oratorem

324 1677 451 1740 regis
473 1680 817 1735 Romanorum,
843 1676 918 1724 cui
942 1676 1136 1724 uolebat
1166 1676 1357 1733 cedere,
1383 1676 1470 1723 sed
1498 1676 1657 1738 ipsum
1678 1675 1939 1738 precedere
1964 1675 2095 1724 vole-

323 1760 425 1817 bat;
444 1764 640 1824 propter
659 1759 785 1823 quod
807 1763 1001 1822 rogatus
1020 1759 1107 1806 fuit
1121 1774 1209 1822 per
1223 1761 1279 1806 D.
1301 1758 1612 1816 Fridericum,
1635 1757 1764 1820 quod
1778 1773 1874 1805 11011
1890 1758 2091 1818 veniret,

320 1847 463 1905 prout
482 1843 611 1891 fecit.

386 1927 710 1973 lnterfuerunt
737 1929 896 1973 orator
918 1924 1078 1988 magni
1106 1922 1246 1971 Turci
1275 1938 1384 1970 cum
1412 1922 1631 1987 personis
1652 1939 1720 1971 xn
1747 1923 1820 1972 vel
1841 1922 1988 1982 circa,
2014 1922 2094 1988 qui

316 2007 478 2055 locum
510 2008 785 2056 hahuerunt
819 2023 963 2072 supra
994 2023 1165 2055 navem
1199 2006 1523 2055 collateralem
1554 2007 1760 2055 ecclesie
1788 2007 1849 2055 ad
1875 2007 2093 2057 dextram

317 2090 615 2151 intrantium,
640 2096 788 2150 retro,
816 2095 862 2139 et
885 2107 1029 2154 supra
1051 2089 1253 2153 gradum
1275 2089 1323 2136 in
1344 2089 1493 2137 choro
1516 2090 1861 2139 canonicorum
1882 2091 1941 2138 ad
1963 2090 2092 2138 illam

285 2207 293 2213 ψ
315 2188 512 2220 manum
534 2179 773 2237 paratum,
799 2174 879 2236 qui
902 2176 1180 2221 manserunt
1202 2172 1249 2219 in
1270 2172 1494 2231 ecclesia,
1513 2189 1663 2235 usque
1685 2173 1745 2221 ad
1766 2174 2090 2237 prefationem

245 2293 247 2298 ,
314 2254 363 2301 111
396 2256 544 2302 missa
575 2255 721 2304 dicta.
760 2259 912 2312 Quam
936 2272 1046 2304 cum
1076 2256 1264 2318 legatus
1298 2255 1478 2304 diceret
1512 2256 1571 2303 ivi
1603 2256 1662 2304 ad
1696 2273 1880 2321 regem,
1909 2262 1957 2305 et
1989 2257 2086 2304 dixi

314 2337 550 2400 Majestati
577 2354 662 2386 sue
681 2338 811 2401 quod
837 2354 1142 2402 nequaquam
1171 2338 1447 2386 conveniret
1469 2339 1656 2387 Turcho
1682 2340 1742 2387 ad
1769 2340 2085 2388 elevationem

314 2419 598 2466 sacramenti
619 2419 667 2466 in
690 2419 897 2467 ecclesia
918 2436 1042 2480 esse,
1065 2421 1144 2484 qui
1159 2420 1299 2468 vvellet
1318 2425 1577 2484 propterea
1597 2423 1666 2470 eis
1688 2423 1905 2470 mandari
1921 2423 2082 2472 facere

312 2503 363 2546 ut
395 2499 608 2558 exirent;
636 2501 764 2564 quod
794 2502 953 2550 statim
984 2503 1112 2562 fecit,
1138 2508 1186 2551 et
1218 2510 1537 2553 recesserunt.
1576 2506 1899 2554 lnterfuerunt
1939 2507 2085 2556 etiam

312 2583 611 2631 coronationi
644 2584 920 2648 hujusmodi
961 2586 1031 2633 Ill.
1073 2587 1269 2634 domina
1302 2587 1480 2648 lnfanS,
1516 2604 1654 2638 soror
1688 2590 1816 2653 regis
1848 2580 2082 2654 Alphonsi

313 2665 546 2724 coronati,
572 2670 619 2713 et
643 2666 791 2730 ipsius
819 2667 948 2730 regis
978 2667 1092 2727 filia,
1118 2685 1211 2732 que
1245 2674 1480 2720 steterunt
1508 2673 1557 2720 in
1585 2673 1739 2737 capite
1766 2673 1898 2722 navis
1926 2674 2083 2723 medie

310 2747 370 2794 ad
398 2747 641 2795 sinistram
673 2749 878 2798 ecclesie
912 2750 1212 2813 intrantium,
1238 2754 1371 2816 quasi
1405 2771 1549 2819 supra
1575 2756 1840 2805 thalamum
1863 2757 2008 2821 regis,
2035 2761 2082 2806 et

308 2828 462 2875 videri
495 2845 592 2877 non
624 2836 880 2894 potuerunt
912 2834 1023 2896 quia
1054 2835 1298 2884 habebant
1330 2852 1493 2886 coram
1528 2856 1578 2887 se
1609 2839 1859 2903 gelosiam,
1883 2844 2083 2904 propter

308 2911 491 2959 obitum
518 2913 645 2976 regis
668 2915 980 2977 Ferdinandi;
1002 2923 1200 2982 propter
1219 2918 1346 2982 quod
1368 2919 1437 2969 eis
1465 2922 1514 2968 in
1533 2922 1778 2986 publicum
1795 2922 1959 2970 venire
1980 2937 2078 2970 non

304 2993 496 3043 licebat.

371 3079 692 3127 lnterfuerunt
710 3080 854 3128 etiam
877 3081 1036 3130 eidem
1055 3070 1353 3133 coronationi
1374 3086 1543 3149 prelati
1563 3085 1716 3150 parati
1741 3090 1788 3136 et
1806 3102 1903 3136 non
1924 3086 2076 3152 parati

304 3175 400 3219 L111,
418 3176 621 3223 quorum
642 3178 670 3210 L
689 3164 842 3226 parati
864 3171 998 3214 erant
1019 3166 1240 3216 videlicet
1265 3185 1275 3216 ε

367 3242 639 3292 Alexander
659 3246 1051 3312 archiepiscopus
1072 3251 1430 3314 Neapolitanus.
1457 3282 1519 3288 —
1535 3257 1559 3302 J
1565 3255 1774 3305 ordanus
1800 3254 2073 3321 patriarcha

299 3324 628 3374 Antiochenus
667 3329 1057 3396 archiepiscopus
1097 3335 1367 3397 CapuanuS.
1402 3365 1465 3371 —
1497 3338 1769 3402 Stephanus
1805 3339 2070 3404 archiepis-

299 3422 448 3471 copus
472 3411 791 3473 Patracensis,
817 3414 1069 3480 episcopus
1085 3417 1409 3468 TorcellanuS.
1430 3421 1785 3471 —Vincentius
1806 3421 2067 3487 archiepis-
