2216 3886
184 262 293 303 [Avi-it
319 262 412 301 1499]
632 257 799 294 RERUM
833 254 1135 293 URBANARL'M
1169 254 1517 292 COMMENTARH.
1894 257 1965 292 527

183 362 411 417 misisset,
442 361 501 409 ad
526 359 875 424 expectandam
907 358 1300 408 communionem
1328 356 1632 406 celebrantis.
1663 357 1758 406 Sed
1784 357 1958 406 horum

183 446 302 494 nihil
321 445 499 494 factum
518 449 592 493 est
613 460 700 493 suo
721 449 958 507 tempore.

250 529 476 588 Sabbato,
500 532 557 576 27
578 527 758 591 apriliS,
780 527 909 576 circa
925 527 1094 575 horam
1114 542 1228 585 xxn,
1248 525 1438 574 intravit
1461 526 1639 575 Urbem
1662 525 1962 574 Dominus...

184 613 265 677 qui
286 629 373 677 per
398 617 587 677 portam
618 612 758 660 beate
791 610 939 659 Marie
974 610 1033 659 de
1063 610 1263 674 Populo.
1285 612 1405 658 Cum
1431 610 1567 673 equis
1595 613 1798 674 septem,
1827 624 1964 657 asso-

186 697 336 745 ciatus
367 713 396 744 a
425 696 606 745 familia
626 699 680 743 R.
712 697 769 743 D.
795 694 1008 759 episcopi
1018 732 1113 742 .....
1140 693 1220 758 (1),
1246 709 1592 758 permansurus
1622 693 1669 742 in
1704 694 1848 754 Urbe,
1877 693 1964 742 sub

186 781 489 844 protectione
513 779 636 827 Rmi.
663 781 719 827 D.
747 777 1006 827 cardinalis
1031 795 1070 826 s.
1097 777 1330 826 Severini.

200 913 203 917 ,
254 863 523 922 Dominica,
549 866 608 910 28
636 861 815 926 aprilis,
840 862 1017 910 festum
1035 878 1073 909 s.
1098 861 1288 919 Vitalis,
1313 877 1404 925 ego
1427 877 1485 910 ex
1506 861 1850 911 commissione
1869 861 1963 910 sive

189 952 358 1011 rogatu
379 947 505 995 Rmi.
530 949 587 994 D.
613 962 652 994 s.
677 945 864 1004 Vitalis,
889 945 1149 993 Gurcensis
1170 948 1489 1008 nuncupatus,
1514 945 1749 993 celebravi
1768 945 1966 993 missam

187 1031 473 1092 solemnem,
498 1029 880 1077 ministrantibus
908 1027 1028 1076 mihi
1055 1028 1259 1076 diacono
1290 1032 1339 1076 et
1365 1033 1475 1076 octo
1504 1044 1563 1076 ex
1590 1028 1867 1076 cantoribus
1892 1045 1967 1075 ca-

183 1115 306 1179 pelle
341 1117 425 1164 SS.
463 1117 520 1162 D.
557 1116 613 1162 N.
652 1116 798 1177 Pape,
834 1116 1067 1161 consuete
1103 1111 1423 1171 cantantibus,
1459 1114 1636 1171 Rome,
1673 1111 1721 1159 in
1759 1111 1968 1161 ecclesia

184 1215 223 1246 s.
248 1198 414 1254 Vitalis
436 1197 550 1246 satis
579 1201 764 1255 ornata,
786 1196 834 1244 in
857 1196 980 1244 Rmi.
1007 1199 1064 1244 D.
1088 1196 1343 1244 cardinalis
1373 1213 1410 1244 s.
1441 1196 1656 1261 Dionysii
1677 1200 1724 1245 et
1750 1199 1966 1246 Gurcen-

185 1282 249 1330 sis
267 1281 536 1346 presentia;
556 1280 638 1344 qui
660 1279 889 1328 sederunt
910 1279 959 1326 in
981 1279 1166 1327 duabus
1190 1279 1384 1328 sedibus
1405 1280 1573 1344 positis
1595 1281 1644 1328 in
1662 1280 1966 1329 extremitate

184 1365 374 1414 tribune
396 1369 443 1414 et
470 1380 620 1412 cornu
649 1364 883 1429 evangelii
902 1379 912 1422 ;
934 1363 1191 1412 cardinalis
1218 1381 1256 1412 s.
1282 1364 1499 1428 Dionysii
1528 1363 1651 1412 sedit
1675 1379 1841 1412 versus
1869 1379 1968 1412 me-

186 1450 318 1498 dium
346 1448 554 1507 tribune,
589 1453 636 1496 et
665 1436 941 1507 Gurcensis,
980 1447 1030 1495 in.
1063 1448 1239 1512 angulo
1269 1447 1479 1507 tribune,
1513 1447 1611 1496 sive
1641 1447 1963 1496 extremitate.

187 1534 510 1583 interfuerunt
535 1531 680 1580 etiam
711 1534 768 1580 D.
790 1531 1078 1581 Philibertus
1113 1531 1362 1586 Naturelli,
1394 1536 1558 1580 orator
1586 1531 1716 1595 regis
1744 1532 1964 1590 Romani,

187 1618 442 1682 episcopus
459 1616 772 1665 Trecorensis
795 1621 839 1665 et
860 1615 1236 1681 protonotarius,
1261 1621 1478 1664 oratores
1501 1615 1628 1679 regis
1647 1615 1866 1674 Francie,
1887 1614 1967 1678 qni

187 1715 356 1749 omnes
398 1699 627 1748 sederunt
662 1700 710 1747 in
749 1716 946 1748 scamno
982 1700 1140 1764 posito
1180 1703 1315 1748 extra
1349 1699 1616 1758 tribunam,
1650 1715 1739 1763 per
1768 1699 1967 1763 longum

187 1783 410 1844 ecclesie,
432 1783 493 1831 ad
523 1783 740 1832 dextram
762 1784 1033 1843 cardinalis,
1056 1789 1218 1832 tamen
1240 1784 1395 1847 magis
1418 1787 1563 1832 retro.
1590 1783 1779 1831 Primus
1801 1799 1968 1832 eorum

187 1866 309 1915 sedit
338 1870 394 1916 D.
432 1866 739 1926 Philibertus,
775 1868 1015 1916 secundus
1048 1867 1436 1927 archidiaconus,
1465 1867 1640 1915 deinde
1670 1866 1749 1914 alii
1779 1866 1893 1926 duo,
1920 1866 1967 1913 in

187 1950 406 2014 opposito
437 1951 780 2009 cardinalium;
813 1952 901 1999 sub
934 1951 1127 1999 tribuna
1160 1956 1209 1999 et
1238 1966 1389 2014 usque
1420 1954 1555 1998 extra
1588 1950 1783 1999 fuerunt
1811 1949 1969 2014 posita

187 2034 276 2082 tria
298 2050 494 2083 scamna
517 2051 663 2099 super
683 2034 855 2098 quibus
877 2035 1108 2084 sederunt
1132 2034 1468 2099 protonotarii,
1493 2034 1768 2092 Dricherer,
1791 2033 1970 2081 Johan-

184 2133 271 2166 nes
293 2120 330 2165 N
338 2118 409 2165 ilis
437 2123 486 2165 et
514 2118 591 2166 alii
614 2119 922 2182 quamplures
953 2119 1175 2168 curiales,
1204 2122 1256 2166 In
1278 2134 1430 2166 cornu
1453 2117 1673 2181 epistole,
1698 2133 1797 2165 non
1822 2116 1966 2179 longe

185 2201 244 2248 ab
266 2200 420 2259 altari,
444 2201 656 2265 positum
677 2202 765 2251 fuit
782 2202 911 2250 alind
929 2205 1199 2261 scamnum,
1218 2202 1265 2249 in
1281 2218 1376 2266 quo
1394 2201 1626 2260 sedimus,
1645 2216 1735 2265 ego
1755 2215 1867 2248 cum
1881 2199 1968 2247 mi-

185 2284 345 2332 nistris
367 2285 508 2345 meis,
537 2291 753 2350 tempore
781 2303 996 2351 congruo
1025 2287 1175 2336 facies
1199 2290 1442 2335 vertentes
1463 2284 1802 2342 cardinalibus,
1826 2288 1968 2347 prout

185 2367 330 2416 etiam
357 2368 434 2417 alii
463 2369 511 2417 in
535 2370 708 2419 eodem
729 2371 880 2420 latere
904 2371 1129 2420 sedentes
1160 2371 1429 2420 vertebant.
1454 2372 1554 2434 Ego
1582 2369 1677 2418 dixi
1705 2366 1969 2416 confessio-

186 2467 297 2499 nem
319 2467 430 2500 cum
457 2453 688 2501 ministris
706 2454 847 2513 meis,
872 2454 1077 2519 imposui
1100 2455 1372 2514 incensum,
1396 2460 1494 2503 tam
1514 2469 1602 2518 pro
1623 2452 1781 2517 prima
1799 2451 1967 2499 incen-

185 2534 368 2584 satione
399 2536 562 2584 altaris
583 2553 727 2600 quam
757 2553 844 2601 pro
876 2538 1104 2598 sec-unda,
1131 2543 1177 2587 et
1205 2538 1265 2586 ad
1292 2537 1593 2602 evangelium
1620 2534 1843 2584 benedixi
1871 2533 1969 2582 dia-

185 2633 309 2666 cono
340 2624 388 2666 et
418 2635 594 2682 aquam
626 2636 713 2684 pro
748 2621 915 2670 calice.
953 2622 1001 2669 Si
1033 2627 1193 2670 autem
1227 2621 1481 2670 cardinalis
1509 2617 1770 2668 Gurce'nsis
1800 2617 1968 2665 fuisset

186 2701 334 2761 solus,
359 2702 552 2751 fecisset
580 2703 672 2752 hec
701 2704 882 2762 omnia,
904 2710 1048 2769 prout
1068 2705 1116 2752 in
1136 2704 1417 2769 pontificali.
1440 2707 1555 2752 Post
1576 2703 1782 2767 primam
1803 2702 1969 2750 incen-

186 2785 423 2834 sationem
450 2786 631 2847 altaris,
654 2787 720 2835 fui
743 2803 834 2852 ego
867 2788 996 2836 solus
1024 2789 1320 2849 incensatus,
1343 2788 1548 2837 diacono
1579 2786 1691 2848 bina
1716 2785 1819 2834 vice
1847 2780 1973 2832 mihi

187 2868 484 2918 thuribulum
503 2869 727 2919 ducente.
756 2874 868 2920 Post
889 2872 1192 2937 evangelium
1218 2873 1348 2922 nolui
1372 2869 1642 2921 deosculari
1665 2868 1967 2934 evangelium

186 2968 343 3016 neque
376 2953 639 3013 incensari,
677 2955 737 3003 ob
772 2956 1091 3005 reverentiam
1133 2954 1476 3014 cardinalium,
1514 2962 1561 3004 et
1599 2954 1649 3002 in
1686 2953 1781 3002 fine
1821 2952 1969 3000 misse

187 3034 407 3083 benedixi
427 3037 486 3085 de
505 3038 789 3087 eorumdem
812 3039 1128 3088 cardinalium
1147 3040 1343 3089 licentia
1364 3056 1373 3087 ε
1397 3037 1697 3104 pronuntiavi
1719 3035 1969 3098 indulgen*

186 3117 273 3165 tias
300 3133 355 3165 cc
384 3119 571 3168 dierum
598 3137 686 3185 per
712 3138 795 3171 eos
825 3123 1224 3173 interessentibus
1245 3136 1526 3181 concessas3
1553 3127 1616 3182 et,
1643 3120 1780 3168 finita
1801 3118 1965 3175 missa,

186 3199 413 3249 rediimus
433 3202 494 3250 ad
514 3203 729 3253 domum.

235 3386 264 3422 1.
297 3386 363 3422 Les
382 3398 470 3423 mss.
493 3385 658 3424 donnent
677 3383 892 3427 Flos-mense..-
911 3390 973 3441 qui
996 3389 1148 3428 n'existe
1169 3403 1250 3440 pas,
