2228 3938
174 329 499 372 [Decemhre1492]
627 326 797 363 RERUM
831 325 1135 362 URBANARUM
1167 325 1522 362 COMMENTARH.
1570 321 1573 323 ’
1926 332 1969 366 15

176 436 303 482 rent.
329 429 608 495 Expectavit
629 429 854 493 princeps
876 443 963 492 per
988 418 1160 475 horam
1180 426 1257 474 vel
1279 426 1409 474 circa
1431 426 1618 489 equites
1640 434 1750 475 ante
1779 436 1966 491 portam

174 516 371 564 basilice
395 514 613 579 predicte
635 512 955 561 cardinalium
984 511 1191 559 duorum
1213 510 1557 574 deputatorum
1588 510 1863 565 adventum,
1889 515 1966 576 qui

178 599 371 648 tandem
402 602 511 662 post
544 597 717 645 horam
749 613 828 644 xm
858 596 933 644 vel
963 595 1093 644 circa
1124 599 1378 654 venerunt,
1416 593 1635 642 videlicet
1675 595 1822 642 RRmi
1863 598 1962 645 DD.

178 683 355 732 Montis
378 681 571 746 Regalis
594 681 848 746 presbyter
869 685 917 728 et
936 680 1172 728 Ascanius
1198 679 1432 726 diaconus
1455 677 1745 737 cardinales,
1771 683 1817 727 et
1837 680 1968 743 prin-

179 768 337 831 cipem
380 781 518 814 more
559 765 698 814 solito
720 768 1031 828 receperunt,
1056 764 1215 827 ipsum
1234 763 1364 810 inter
1378 778 1429 811 se
1460 763 1677 812 medium
1712 763 1963 812 ducentes.

244 854 505 913 Postquam
539 853 826 912 perventum
857 852 930 896 est
967 845 1028 894 ad
1067 846 1275 910 plateam
1310 846 1463 894 sancti
1498 847 1732 895 Johannis
1770 851 1966 897 Latera-

177 933 360 991 nensis,
391 933 473 980 ubi
496 935 651 979 statua
672 930 783 993 equi
806 930 905 978 erei
927 946 1039 977 cum
1062 944 1252 977 sessore
1275 930 1507 990 cernitur,
1532 936 1769 980 venerunt
1794 932 1965 996 prelati

180 1017 344 1082 palatii
374 1031 485 1064 cum
512 1014 692 1062 familia
718 1016 866 1077 Pape,
893 1029 986 1076 que
1017 1017 1062 1062 et
1091 1013 1181 1077 ipsi
1208 1013 1476 1077 principem
1501 1030 1637 1062 more
1664 1015 1805 1064 solito
1827 1032 1965 1064 rece-

177 1103 368 1165 perunt,
399 1099 512 1147 licet
545 1101 602 1146 D.
641 1097 1012 1146 Bartholomeus
1041 1097 1300 1161 episcopus
1334 1098 1700 1162 Segobricensis
1735 1100 1966 1164 magister

177 1171 348 1232 domus
377 1181 540 1247 palatii
562 1181 833 1246 apostolici,
864 1186 1101 1245 quatenus
1129 1181 1363 1245 prelatUS‚
1388 1187 1518 1231 esset
1544 1183 1691 1231 verba
1721 1183 1960 1231 facturus.

175 1269 293 1316 Cum
321 1266 541 1332 principe
573 1270 709 1314 erant
739 1271 927 1330 septem
956 1265 1036 1313 alii
1073 1270 1290 1314 oratores
1323 1266 1385 1314 ad
1414 1267 1724 1330 prestandam
1756 1283 1868 1315 cum
1902 1283 1959 1316 eo

175 1350 392 1416 pontifici
414 1349 741 1399 obedientiam
762 1349 922 1409 missi;
947 1349 1168 1398 videlicet
1189 1353 1284 1397 RR.
1310 1350 1359 1397 in
1380 1350 1570 1398 Christo
1593 1353 1685 1398 ΡΡ.
1710 1354 1810 1398 DD.
1842 1351 1961 1401 Vin-

177 1435 365 1484 centius
386 1434 782 1498 archiepiscopus
803 1433 1162 1482 Acherontinus
1183 1438 1231 1482 et
1254 1436 1550 1492 Mataranus,
1574 1437 1706 1482 Zeno
1734 1435 1784 1482 S.
1813 1434 1963 1482 Marci

178 1522 228 1567 et
266 1519 591 1584 Hieronymus
631 1518 1000 1567 policastrensis
1040 1517 1273 1582 episcopi,
1320 1533 1375 1566 ac
1418 1517 1768 1565 illustrissimus
1813 1521 1964 1567 Fran-

177 1603 336 1651 ciscus
354 1603 449 1651 dux
463 1602 684 1662 Gravine,
706 1606 754 1650 et
772 1602 1018 1666 magnifici
1038 1605 1139 1650 DD.
1162 1602 1362 1650 Carolus
1379 1601 1722 1660 Venafrorum,
1738 1602 1963 1667 Aloysius

178 1687 354 1735 Concie
391 1692 439 1736 et
477 1686 848 1741 Bartholomeus
888 1686 1065 1735 Palene
1104 1685 1308 1734 comites
1349 1686 1593 1750 generosi,
1635 1702 1756 1750 quos
1795 1686 1962 1735 ordine

177 1770 340 1820 debito
385 1771 616 1820 collocavi
662 1771 710 1818 in
755 1770 912 1834 primo
957 1770 1065 1818 loco
1114 1774 1224 1834 post
1270 1769 1539 1834 principem
1582 1774 1639 1819 D.
1688 1771 1962 1821 Vicentium

179 1853 602 1918 archiepiscopum
650 1854 1051 1912 Acherontinum,
1100 1854 1315 1903 medium
1364 1855 1490 1903 inter
1535 1854 1960 1919 archiepiscopum

178 1939 596 1987 Tarraconensem
627 1938 1004 2001 gubernatorem
1032 1936 1172 1985 Urbis
1203 1953 1232 1984 a
1257 1937 1438 1985 dextris
1466 1941 1514 1986 et
1541 1938 1961 2002 archiepiscopum

181 2021 499 2085 Saguntinum
521 2037 550 2069 a
570 2021 792 2069 sinistris.
819 2024 872 2069 In
895 2020 1109 2069 secundo
1135 2023 1192 2068 D.
1224 2023 1471 2069 Zenonem
1499 2021 1780 2085 episcopum
1809 2022 1961 2070 sancti

178 2104 326 2152 Marci
355 2105 570 2153 medium
595 2105 722 2153 inter
742 2104 1162 2168 archiepiscopum
1190 2104 1504 2152 Cusentinum
1534 2105 1775 2168 prelatum
1797 2105 1959 2168 palatii

177 2203 205 2235 a
234 2187 412 2236 dextris
446 2193 492 2237 et
520 2188 801 2252 episcopum
839 2187 1236 2235 Lombariensem
1269 2191 1511 2236 oratorem
1538 2188 1668 2252 regis
1698 2188 1900 2236 Francie
1934 2204 1962 2236 a

179 2269 399 2319 sinistris.
441 2274 493 2318 In
533 2271 676 2320 tertio
718 2273 774 2318 D.
820 2271 1170 2336 Hieronymum
1209 2271 1493 2335 episcopum
1534 2271 1956 2333 policastrensem,

177 2354 391 2403 medium
420 2355 547 2403 inter
576 2355 859 2418 episcopum
890 2354 1299 2403 Concordiensem
1328 2354 1567 2418 prelatum
1599 2355 1762 2419 palatii
1793 2371 1822 2403 a
1848 2356 1961 2404 dex-

178 2438 261 2486 tris
283 2442 330 2487 et
350 2439 575 2487 abbatem
603 2438 754 2486 sancti
781 2438 974 2486 Antonii
1006 2438 1065 2487 de
1099 2438 1306 2498 Vienna,
1332 2444 1578 2487 oratorem
1609 2439 1737 2502 regis
1759 2439 1958 2488 Francie

178 2538 206 2569 a
227 2522 447 2571 sinistris.
481 2525 534 2570 In
555 2525 726 2585 quarto
758 2522 830 2570 Ill.
860 2525 917 2570 D.
948 2522 1260 2570 Franciscum
1283 2521 1456 2570 ducem
1485 2522 1705 2583 Gravine,
1740 2522 1957 2571 medium

178 2603 304 2652 inter
325 2604 607 2668 episcopum
630 2604 1032 2668 Segobricensem
1064 2605 1304 2669 prelatum
1324 2606 1488 2670 palatii
1509 2623 1537 2654 a
1558 2606 1738 2654 dextris
1761 2611 1809 2655 et
1831 2606 1958 2671 epis-

182 2702 358 2751 copum
381 2687 699 2736 Pacentinum
727 2692 970 2737 oratorem
1004 2689 1131 2752 regis
1153 2694 1200 2737 et
1220 2690 1387 2753 regine
1410 2689 1748 2754 Hispaniarum
1769 2706 1798 2738 a
1817 2689 1959 2737 sinis-

181 2771 284 2818 tris.
318 2775 371 2819 In
400 2772 565 2834 quinto
597 2774 652 2820 D.
690 2772 914 2821 Car-olum
943 2773 1171 2822 comitem
1201 2773 1544 2833 Venafrorum,
1582 2773 1796 2820 medium
1830 2772 1957 2820 inter

181 2855 461 2919 episcopum
503 2856 864 2905 Cothonensem
904 2857 1218 2906 secretarium
1264 2856 1580 2920 apostolicum
1619 2873 1647 2905 a
1689 2856 1869 2905 dextris
1910 2860 1957 2905 et

181 2936 463 3001 episcopum
483 2936 845 2986 Astoricensem
879 2943 1121 2987 oratorem
1149 2939 1275 3004 regis
1298 2943 1346 2988 et
1375 2939 1540 3003 regine
1571 2939 1908 3004 Hispaniarum
1929 2955 1957 2986 a

170 3020 405 3069 sinistris.
447 3024 499 3069 In
537 3026 671 3069 sexto
711 3023 768 3069 D.
807 3021 1056 3087 Aloysium
1097 3023 1328 3072 comitem
1367 3022 1544 3071 Concie
1584 3023 1797 3071 medium
1832 3022 1956 3070 inter

183 3104 462 3170 episcopum
487 3107 906 3169 Caputaquensem
927 3106 1166 3173 prtelaum
1186 3106 1348 3170 palatii
1370 3121 1398 3154 a
1418 3106 1596 3155 dextris
1624 3110 1671 3155 et
1692 3106 1955 3170 archiepis*

184 3201 358 3248 copum
385 3188 536 3236 sancti
565 3188 757 3237 Andree
779 3193 1021 3237 oratorem
1050 3189 1176 3253 regis
1199 3189 1358 3237 Scotie
1382 3205 1409 3236 a
1430 3189 1649 3237 sinistris.
1674 3192 1727 3236 In
1749 3189 1954 3253 septimo

184 3270 239 3315 D.
266 3270 657 3321 Bartholomeum
678 3272 908 3320 comitem
928 3273 1125 3332 Palene,
1151 3272 1366 3321 medium
1393 3273 1519 3321 inter
1534 3273 1815 3337 episcopum
1836 3273 1954 3323 Vul-

180 3358 486 3401 teranensem
514 3354 750 3417 prelatum
779 3355 946 3419 palatii
980 3373 1007 3405 a
1037 3356 1216 3406 dextris
1249 3360 1296 3405 et
1327 3360 1569 3404 oratorem
1602 3359 1900 3406 Venetorum
1928 3369 1956 3400 a

184 3435 403 3484 sinistris.
441 3424 623 3483 Deinde
651 3453 800 3486 unum
826 3440 1064 3503 prelatum
1091 3440 1253 3504 palatii
1284 3456 1311 3487 a
1336 3440 1516 3487 dextris
1551 3444 1599 3488 et
1625 3455 1774 3486 unum
1794 3441 1954 3486 orato-
