2222 3926
276 347 346 383 200
887 345 906 383 J
910 344 1070 382 OHANN
1074 344 1116 384 IS
1153 344 1445 390 BURCHARDI,
1596 352 1600 354 ’
1726 344 1932 386 [Decembre
1953 347 2047 388 1494]

277 449 560 511 procurator
590 445 771 495 ordinis
800 446 1040 495 Minorum
1066 465 1075 494 :
1102 447 1263 496 omnia
1290 447 1383 495 alia
1412 460 1546 494 more
1575 444 1715 493 solito
1746 450 1857 494 sunt
1885 447 2048 496 ohser-

274 534 394 579 vata.

340 614 477 663 Feria
514 614 668 670 tertia,
705 617 731 660 9
766 612 877 660 dicti
911 613 1089 661 mensis
1125 611 1413 671 decembriS,
1449 613 1775 662 veneruntad
1810 612 2043 677 palatium

273 697 590 761 apostolicum
627 695 878 753 AscaniUS‚
919 712 957 743 s.
999 695 1226 755 Severini,
1260 695 1320 743 de
1365 697 1566 754 Lunate,
1604 695 1870 745 cardinales
1903 712 2042 761 pres-

273 780 443 844 byteri,
471 779 724 842 episcopus
746 778 1098 837 Cesenatensis,
1126 778 1316 827 auditor
1335 792 1544 838 camere,
1576 781 1782 843 Prosper
1809 779 2042 827 Columna

275 867 321 911 et
348 862 665 927 Hieronymus
702 861 975 919 Tuttavilla;
1009 865 1055 910 et
1092 862 1263 911 eodem
1295 878 1422 922 sere,
1454 879 1623 915 omnes
1654 864 1833 913 detenti
1867 863 2046 915 ibidem

277 950 559 995 manserunt
578 944 660 1005 (1).

339 1032 388 1078 In
410 1044 550 1078 mane
570 1029 806 1092 sequenti,
833 1028 1072 1078 relaxatus
1095 1028 1182 1077 fuit
1215 1029 1470 1094 episcopus
1489 1030 1825 1079 Cesenatensis
1859 1030 2048 1081 auditor

276 1129 491 1172 camere3
526 1112 699 1161 deinde
735 1111 824 1161 fuit
858 1112 1197 1161 consistorium
1228 1117 1469 1164 secretum
1503 1113 1578 1163 cui
1619 1113 1764 1164 etiam
1799 1113 1913 1163 dicti
1949 1118 2048 1164 tres

277 1196 542 1245 cardinales
560 1196 898 1255 interfuerunt,
924 1201 988 1255 et,
1014 1211 1071 1245 eo
1102 1195 1255 1256 finito,
1280 1196 1536 1246 cardinalis
1562 1197 1798 1246 Ascanius
1829 1202 1939 1247 ets.
1965 1198 2051 1247 Se-

276 1281 424 1330 verini
453 1280 587 1329 missi
615 1280 808 1330 fuerunt
836 1281 896 1329 ad
923 1296 1141 1329 cameras
1168 1281 1443 1345 superiores
1465 1280 1578 1330 dicti
1599 1281 1761 1346 palatii
1792 1297 1936 1346 supra
1956 1284 2047 1330 Pa-

274 1381 404 1429 pam,
431 1364 610 1413 ibidem
630 1364 807 1413 reclusi
824 1368 870 1413 et
887 1364 1111 1413 custoditi
1129 1363 1207 1429 (2).
1228 1367 1435 1429 Prosper
1450 1370 1495 1414 et
1514 1365 1835 1431 Hieronymus
1857 1365 2049 1415 fuerunt

276 1448 409 1496 missi
440 1463 525 1511 per
554 1463 744 1496 murum
773 1448 868 1496 sive
897 1447 1334 1497 deambulatorium
1362 1448 1422 1497 ad
1458 1452 1668 1497 castrum
1700 1447 1851 1498 sancti
1878 1448 2047 1512 Angeli

276 1537 323 1580 et
353 1531 531 1580 ibidem
553 1532 754 1592 detenti,
781 1531 1038 1580 cardinalis
1060 1547 1173 1581 vero
1201 1532 1259 1581 de
1286 1535 1467 1581 Lunate
1495 1531 1670 1580 missus
1697 1532 1757 1580 ad
1784 1531 1964 1581 Ostiam
1989 1531 2049 1581 ad

279 1616 582 1665 tractandum
605 1615 782 1664 ibidem
805 1615 1012 1678 quedam
1035 1616 1353 1664 occurrentia.

344 1699 526 1747 Eodem
554 1698 631 1746 die
654 1697 778 1746 venit
806 1697 866 1745 ad
894 1698 1071 1747 Urbem
1099 1698 1451 1748 illustrissimus
1478 1699 1809 1748 Ferdinandus
1841 1700 1899 1748 de
1931 1701 2050 1748 Ara-

281 1782 441 1845 genia,
476 1781 568 1828 dux
597 1780 832 1840 Calabrie,
866 1781 965 1844 qui,
998 1781 1124 1829 facto
1155 1782 1356 1852 prandio
1389 1782 1437 1830 in
1467 1783 1606 1831 vinea
1634 1782 1773 1831 lllmi.
1805 1785 1862 1831 D.
1895 1782 2051 1831 cardi-

279 1865 399 1913 nalis
422 1865 480 1913 de
504 1864 686 1913 Ursinis
707 1880 858 1928 prope
881 1864 1136 1912 ecclesiam
1168 1868 1330 1913 sancte
1353 1865 1597 1925 Severine,
1624 1864 1751 1913 circa
1769 1865 2051 1930 vigesimam

279 1948 486 2012 primam
506 1948 678 1997 horam
699 1947 1024 1996 mediusinter
1038 1950 1242 1996 RRmos,
1269 1950 1367 1997 DD.
1391 1965 1429 1997 S.
1450 1949 1701 1998 Anastasie
1724 1952 1772 1998 et
1792 1948 1850 1998 de
1871 1948 2051 1998 Ursinis

280 2031 546 2098 cardinales
563 2032 783 2095 equitans
793 2031 1060 2080 associatus
1075 2047 1102 2080 a
1117 2032 1291 2081 comite
1306 2032 1532 2094 Pitiliani,
1547 2033 1800 2097 capitaneo
1813 2033 2045 2092 Ecclesie,

279 2119 336 2165 D.
361 2119 383 2163 J
392 2115 485 2164 ulio
508 2115 565 2164 de
590 2115 776 2166 Ursinis
798 2119 845 2164 et
866 2130 1041 2179 magna.
1061 2115 1152 2164 alia
1172 2116 1376 2164 honesta
1397 2116 1636 2177 comitiva,
1656 2116 1785 2166 venit
1805 2116 1864 2165 ad
1886 2117 1969 2165 SS.
1990 2118 2046 2164 D.

278 2203 495 2247 nostrum
522 2215 530 2246 :
556 2214 652 2247 non
686 2199 775 2248 fuit
805 2214 832 2246 a
855 2198 1045 2247 familiis
1075 2199 1389 2248 cardinalium
1414 2200 1489 2248 vel
1510 2199 1631 2258 aliis,
1657 2204 1708 2249 ut
1737 2199 2048 2264 permittitur,

279 2282 561 2332 associatus.
595 2282 775 2331 Eodem
806 2282 901 2342 die,
933 2297 1042 2330 cum
1072 2286 1286 2331 oratores
1317 2283 1445 2347 regis
1475 2283 1676 2332 Francie
1710 2283 1775 2344 (3)
1802 2282 1880 2347 qui
1908 2298 1937 2330 a
1963 2284 2046 2331 SS.

278 2369 333 2416 D.
356 2371 520 2415 nostro
542 2366 618 2414 his
646 2366 813 2414 diebus
830 2365 1008 2429 pluries
1027 2365 1271 2429 petierunt
1291 2370 1511 2430 patentes
1536 2367 1699 2416 literas
1724 2382 1811 2431 pro
1840 2382 1984 2430 passu
2003 2370 2051 2415 et

278 2450 561 2499 victualibus
589 2466 757 2499 eorum
792 2449 918 2514 regis
952 2449 1000 2497 in
1028 2449 1168 2499 terris
1196 2466 1234 2497 s.
1270 2466 1309 2499 r.
1343 2452 1395 2499 E.
1435 2450 1843 2509 administrandiS,
1875 2450 2049 2508 iterum

281 2534 530 2584 sanctitati
551 2549 635 2582 sue
656 2549 743 2597 pro
764 2532 1042 2597 hujusmodi
1066 2533 1441 2598 supplicassent3
1466 2534 1711 2599 respondit
1727 2534 1796 2583 eis
1815 2533 2050 2583 Sanctitas

280 2633 381 2678 sua,
401 2617 526 2666 dicto
543 2617 829 2666 consistorio
848 2616 1001 2677 finito,
1023 2617 1152 2680 quod
1166 2618 1297 2666 nullo
1316 2618 1459 2666 modo
1475 2618 1616 2667 vellet
1631 2618 1721 2683 ipsi
1737 2618 1838 2682 regi
1854 2632 2049 2682 passum

278 2706 325 2750 et
345 2701 567 2750 victualia
583 2701 863 2766 hujusmodi
885 2700 1017 2760 dare,
1043 2702 1171 2765 quod
1193 2706 1389 2766 possent
1415 2702 1572 2751 eidem
1593 2702 1695 2767 regi
1717 2702 1778 2751 ad
1802 2716 1971 2751 eorum
1990 2700 2049 2749 li·-

279 2785 430 2834 bitum
453 2784 724 2848 significare
747 2783 827 2850 (4).

327 2935 360 2972 1.
390 2950 408 2970 «
429 2934 576 2971 Aucuns
597 2933 715 2970 dirent
734 2945 804 2981 que
824 2934 936 2981 ce'ufut
955 2935 999 2971 de
1020 2934 1098 2971 leur
1117 2933 1303 2971 volonte.»
1326 2931 1545 2978 Commines,
1562 2932 1621 2970 liv.
1631 2932 1710 2978 VII,
1734 2932 1792 2970 eh.
1815 2943 1878 2978 xn,
1900 2943 1937 2980 p.
1963 2933 2045 2970 461.

325 2996 359 3031 2.
389 2994 544 3030 Informe'
559 2993 602 3029 de
621 2992 859 3030 l'arrestation
876 2994 919 3029 de
935 3005 1001 3030 son
1015 2994 1118 3040 frere,
1130 2992 1411 3038 Ludovicfentra
1425 3003 1468 3028 en
1484 2992 1607 3028 fureur
1622 2996 1744 3029 contre
1760 2990 1792 3028 le
1806 2991 1906 3039 Pape
1923 2994 1959 3028 et
1973 3002 2052 3040 par-

278 3053 341 3090 lait
361 3054 405 3089 de
420 3053 595 3089 seconder
611 3051 643 3088 16
663 3052 716 3089 roi
737 3052 781 3090 de
798 3054 824 3089 F
827 3064 933 3091 rance
948 3058 983 3091 et
996 3055 1040 3090 de
1056 3057 1202 3091 tourner
1215 3052 1428 3101 l’empereur
1442 3050 1690 3099 d'Allemagne
1709 3055 1832 3089 contre
1846 3049 2049 3087 Alexandro

279 3116 374 3160 (voy.
393 3113 427 3148 la
447 3112 550 3150 lettre
570 3113 614 3149 de
636 3112 920 3150 l'ambassadeur
940 3114 1098 3152 venitien
1119 3117 1140 3151 a
1154 3113 1277 3158 Milan,
1291 3112 1384 3159 Reg.
1403 3115 1520 3148 secret
1536 3108 1585 3147 du
1600 3113 1732 3158 senat),
1748 3113 1937 3159 rapportee
1957 3110 2049 3147 dans

278 3171 472 3217 Romanin,
497 3172 618 3224 §toria
647 3173 901 3209 documentata
926 3174 966 3209 di
989 3174 1151 3214 Venetia,
1175 3176 1201 3209 t.
1224 3172 1267 3217 V,
1282 3183 1317 3220 p.
1339 3172 1398 3208 56.
1422 3169 1604 3218 Quelques
1628 3171 1731 3219 jours
1751 3173 1872 3218 apres,
1895 3170 2050 3208 Ascanio

278 3231 332 3267 fut
350 3230 417 3267 mis
438 3242 482 3267 en
502 3230 641 3268 liberte.
652 3231 743 3279 Voy.
762 3231 794 3268 16
814 3231 953 3268 brefdu
969 3232 1066 3281 Pape
1082 3243 1125 3268 en
1147 3231 1228 3268 date
1247 3231 1296 3268 du
1311 3231 1355 3268 10
1369 3230 1559 3267 decembre
1573 3230 1721 3267 adresse
1736 3241 1781 3266 au
1796 3230 1866 3266 duc
1879 3229 1924 3266 de
1938 3229 2048 3267 Milan

280 3290 459 3338 (Sanudo‚
482 3302 516 3337 p.
541 3291 636 3337 150),
654 3295 689 3327 et
704 3290 738 3327 la
758 3292 963 3339 reponsede
978 3291 1138 3328 Ludovic
1149 3303 1195 3328 au
1209 3289 1400 3328 souverain
1420 3289 1561 3326 Pontife
1583 3291 1639 3337 (21
1662 3289 1881 3336 decembre),
1903 3300 1938 3337 p.
1964 3289 2045 3326 151.

323 3350 358 3385 3.
388 3348 563 3385 C'etaient
583 3349 613 3385 le
634 3349 805 3397 seigneur
825 3350 868 3386 de
889 3350 923 3386 la
943 3349 1170 3396 Tremouille‚
1186 3349 1337 3387 messire
1355 3350 1445 3387 Jean
1457 3349 1501 3385 de
1514 3349 1678 3398 Gannay,
1695 3348 1848 3398 premier
1862 3347 2047 3398 president

278 3421 322 3445 au
344 3408 548 3445 Parlement
567 3409 611 3444 de
630 3408 746 3453 Paris,
769 3413 804 3445 et
823 3409 855 3445 le
877 3408 1024 3457 general
1045 3410 1108 3446 des
1129 3409 1290 3446 finances
1311 3409 1457 3447 Bidaut.

327 3468 359 3503 4.
391 3482 409 3499 «
437 3466 486 3502 Ce
513 3466 573 3513 qui
601 3470 687 3515 peut
712 3468 899 3515 expliquer
925 3481 972 3504 un
1000 3469 1047 3505 tel
1075 3469 1316 3516 changement
1340 3474 1375 3506 et
1401 3469 1453 3505 les
1479 3480 1643 3506 mesures
1669 3467 1844 3505 violentes
1870 3478 1940 3514 que
1971 3466 2050 3502 rien
