2216 3886
301 299 371 336 454
912 289 1147 327 JOHANNIS
1180 289 1477 336 BURCHARm,
1852 294 1961 335 [Avrss
1984 297 2079 338 1498]

304 400 504 459 mensiS,
529 397 752 462 expedita
772 399 818 444 et
839 394 1018 443 oratori
1040 393 1256 457 predicto
1279 393 1406 440 circa
1425 392 1596 440 horam
1615 407 1927 457 vesperarum
1948 399 2072 447 illius

306 485 399 533 diei
422 483 609 540 tradita,
643 480 723 543 qui
750 478 882 527 misit
908 493 1016 526 eam
1043 476 1363 535 Florentiam3
1393 490 1486 540 que
1509 476 1639 526 venit
1665 478 1741 527 die
1771 482 1991 545 sequenti
2016 487 2071 533 13

305 568 469 632 hujuS,
495 564 621 612 circa
647 563 820 610 horam
842 564 1059 609 octavam
1080 558 1337 607 decimam.

369 648 509 698 Feria
538 651 708 710 quarta
731 643 928 708 majoris
957 642 1283 702 hebdomade,
1322 645 1370 689 11
1409 642 1523 691 dicti
1554 645 1733 694 mensis
1765 647 1945 710 apriliS,
1978 648 2083 698 fue-

305 735 415 780 runt
447 730 572 778 dicte
606 727 841 776 matutine
877 726 1185 775 tenebrarum
1218 725 1267 773 in
1300 725 1484 790 capella
1514 729 1697 793 majore
1729 731 1909 795 palatii,
1945 748 2080 782 more

305 815 462 873 solito,
486 811 658 876 quibus
680 813 810 875 Papa
832 809 1050 858 interfuit
1069 809 1119 856 in
1141 823 1294 873 cappa
1316 814 1549 860 consueta
1572 828 1583 860 ε
1608 812 1734 862 venit
1762 814 2004 878 pedester,
2035 820 2082 865 et

305 897 520 946 fimbrias
558 894 764 960 portavit
796 892 1187 957 archiepiscopus
1224 892 1497 956 Ragusinus
1531 895 1780 957 assistenS‚
1821 901 1887 957 et,
1926 902 2082 947 matu-

307 980 417 1028 tinis
438 978 604 1038 finitis,
635 981 765 1042 Papa
790 977 932 1027 rediit
951 977 1001 1025 in
1028 991 1272 1026 cameram
1301 979 1349 1025 et
1374 977 1422 1025 in
1446 993 1554 1026 eam
1576 979 1690 1028 sede
1716 984 1952 1043 portatuS.
1977 981 2085 1030 Alia

306 1064 559 1112 observata
586 1066 696 1110 sunt
715 1076 851 1110 more
879 1060 1039 1109 solito.
1065 1062 1193 1124 Papa
1214 1060 1331 1109 dixit
1361 1061 1681 1111 cardinalibus
1702 1064 1832 1126 quod
1852 1069 2015 1115 essent
2034 1065 2083 1114 in

303 1146 480 1212 palatio
501 1145 577 1195 die
599 1145 822 1205 crastina,
846 1144 970 1193 hora
989 1143 1272 1204 tredecima,
1295 1159 1383 1208 pro
1409 1144 1569 1194 officio
1590 1146 1882 1196 inchoando.

369 1230 508 1280 Feria
534 1230 703 1294 quinta
728 1228 927 1293 majoris
958 1227 1285 1288 hebdomade,
1315 1230 1480 1277 Rmus.
1514 1231 1571 1278 D.
1603 1230 1858 1279 cardinalis
1887 1231 2084 1281 Ulixbo-

302 1315 467 1364 nensis
500 1313 759 1362 celebravit
791 1312 991 1360 missam
1025 1312 1294 1361 solemnem
1322 1312 1372 1360 in
1403 1312 1587 1376 capella
1617 1314 1821 1377 majore,
1852 1319 2080 1378 presente

306 1403 452 1464 Papa,
484 1397 772 1448 ceremoniis
799 1396 1044 1445 consuetis
1072 1412 1082 1444 :
1113 1412 1207 1459 qua
1236 1396 1389 1456 finita,
1422 1399 1551 1460 Papa
1575 1397 1779 1461 portavit
1806 1414 2081 1448 sacramen-

306 1487 409 1531 tum
436 1482 494 1531 de
523 1481 707 1546 capella
733 1480 916 1544 majore
937 1479 997 1526 ad
1023 1478 1262 1527 minorem
1283 1479 1721 1542 processionaliter,
1751 1497 1887 1531 more
1916 1482 2076 1532 solit0.

305 1566 450 1616 Venit
481 1565 542 1614 ad
566 1565 729 1613 locum
761 1562 955 1628 publice
987 1561 1339 1611 benedictionis
1369 1562 1469 1622 ubi,
1504 1563 1700 1612 dimisso
1730 1563 1922 1628 pluviali
1950 1565 2078 1623 alb0,

306 1649 492 1714 accepit
513 1649 718 1697 rubeum
747 1645 1041 1711 preciosum,
1072 1649 1121 1694 et
1146 1645 1414 1694 cardinales
1441 1646 1663 1695 fecerunt·
1689 1647 1731 1695 ei
1763 1648 2082 1696 reverentiam

304 1735 613 1791 consuetam3
645 1746 904 1779 conversus
930 1729 1104 1778 deinde
1131 1729 1192 1777 ad
1220 1729 1469 1793 populum,
1497 1732 1554 1778 D.
1586 1716 1860 1780 Bonisacius
1881 1731 1940 1779 de
1967 1733 2082 1779 Cas-

301 1820 374 1862 tro
394 1815 605 1872 Lotario,
632 1813 956 1862 subdiaconus
978 1812 1270 1877 apostolicus
1298 1812 1416 1877 legit
1435 1812 1590 1861 bullas
1619 1814 1949 1878 suspensionis
1976 1829 2082 1863 om—

299 1899 434 1946 nium
456 1898 865 1962 indulgentiarum
882 1896 1152 1962 plenarium
1172 1912 1323 1960 usque
1341 1900 1452 1961 post
1468 1897 1679 1946 futurum
1698 1913 1878 1947 annum
1889 1899 2079 1964 jubilei,

298 1983 388 2030 sub
417 1982 580 2046 pausis
610 1985 658 2030 et
678 1980 1029 2046 acceptatione,
1065 1984 1271 2044 sequuta
1298 1980 1426 2029 bulla
1455 1981 1977 2041 anathematizationis;
2001 1997 2083 2032 ce-

301 2069 406 2114 tera
433 2065 551 2130 legit
573 2068 821 2125 consueta,
847 2064 933 2113 sed
964 2079 1062 2113 non
1093 2063 1182 2112 fuit
1213 2064 1507 2128 vulgarizata
1538 2065 1624 2114 sed
1656 2080 1743 2130 per
1775 2081 1887 2114 eum
1921 2069 2083 2115 tamen

295 2150 443 2198 latine
463 2149 613 2208 lecta3
638 2149 893 2213 registrata
919 2152 992 2197 est
1018 2148 1124 2212 ipsa
1151 2147 1234 2196 fol.
1264 2148 1469 2196 infra...
1503 2151 1607 2205 Qua
1633 2149 1785 2206 finita,
1811 2148 1940 2198 idem
1967 2149 2084 2213 legit

296 2233 475 2282 bullam
504 2231 1020 2281 excommunicationis
1053 2235 1334 2280 consuetam
1364 2247 1510 2295 quam
1538 2234 1705 2280 Rmus.
1739 2234 1794 2280 D.
1827 2232 2082 2281 cardinalis

270 2338 273 2341 *
299 2316 553 2366 Cesarinus
574 2316 899 2381 vulgarizavit3
930 2319 1038 2379 post
1059 2316 1198 2380 cujus
1221 2315 1369 2364 finem
1390 2317 1519 2379 Papa
1540 2315 1671 2364 dedit
1692 2316 2083 2365 benedictionem

297 2401 566 2449 solemnem
600 2404 647 2449 et
683 2400 924 2464 plenarias
956 2399 1278 2462 indulgentias
1312 2415 1430 2462 quas
1467 2399 1633 2447 RRmi.
1671 2402 1770 2448 DD.
1813 2399 2083 2449 cardinales

300 2499 339 2531 s.
381 2482 572 2546 Georgii
606 2482 754 2531 latine
792 2486 840 2531 et
874 2482 978 2546 ipse
1012 2482 1269 2531 Cesarinus
1304 2481 1354 2529 in
1386 2482 1568 2546 vulgari
1601 2483 1963 2547 proclamarunt
1997 2499 2081 2533 seu

300 2566 678 2630 publicaverunt.
711 2569 831 2615 Tum
864 2569 993 2630 Papa
1023 2566 1240 2615 ascendit
1272 2566 1332 2614 ad
1364 2580 1581 2614 cameras
1613 2580 1760 2614 novas
1788 2566 2080 2635 superiores,

301 2650 621 2699 cardinalibus
649 2651 699 2698 in
729 2650 861 2698 curia
886 2649 1081 2698 inferius
1107 2649 1384 2710 licentiatis,
1419 2653 1467 2696 et
1496 2649 1546 2696 in
1571 2648 1788 2712 predicta
1814 2665 1873 2696 ex
1899 2649 2084 2698 eisdem

301 2735 506 2782 cameris
546 2736 676 2798 Papa
712 2734 823 2781 lavit
857 2733 1006 2797 pedes
1045 2733 1337 2797 pauperibus
1376 2747 1512 2781 more
1553 2731 1712 2780 solito.
1757 2732 2083 2781 Interfuerunt

303 2816 570 2864 cardinales
590 2817 785 2879 palatini
809 2820 995 2864 tantum
1021 2816 1071 2863 in
1100 2831 1268 2864 eorum
1300 2815 1481 2879 cappis,
1513 2815 1725 2878 exceptis
1748 2831 1787 2861 S.
1819 2814 2011 2878 Georgii
2035 2819 2083 2863 et

301 2899 360 2947 de
386 2898 587 2947 Sabellis
609 2899 943 2947 assistentibus
966 2902 1013 2946 et
1034 2899 1274 2947 cardinale
1305 2915 1344 2947 s.
1379 2897 1594 2947 Severini
1622 2897 1702 2960 qui
1725 2896 1841 2945 dixit
1868 2912 2079 2962 evange-

297 2982 416 3030 lium
442 2999 451 3030 :
477 2982 546 3030 sic
566 2986 847 3030 manserunt
871 2981 919 3028 in
941 2981 1038 3029 suis
1062 2982 1374 3045 paramentis,
1406 2984 1519 3030 Post
1544 2982 1824 3041 lectionem,
1859 2984 1918 3030 D.
1953 2984 2081 3030 Mar-

300 3065 526 3113 chesinus
562 3065 793 3129 Stangha,
832 3067 995 3113 orator
1026 3065 1164 3113 ducis
1193 3065 1450 3114 Mediolani
1484 3065 1615 3114 dedit
1648 3080 1822 3129 aquam
1859 3065 2080 3114 manibus

301 3151 457 3212 Pape;
494 3148 587 3196 alia
619 3149 870 3197 observata
902 3152 1014 3196 sunt
1049 3164 1183 3197 more
1220 3148 1378 3197 solito.
1419 3149 1650 3198 Omnibus
1682 3149 1908 3213 peractis,
1947 3151 2077 3213 Papa

297 3232 489 3280 intravit
515 3247 731 3281 cameras
759 3232 864 3281 illas
893 3247 1038 3280 novas
1069 3233 1149 3280 ubi
1181 3232 1257 3280 his
1286 3231 1453 3280 diebus
1482 3233 1659 3282 sanctis
1686 3237 1968 3296 paramenta
1993 3247 2075 3280 ac-

299 3315 426 3378 cepit
447 3319 495 3362 et
521 3315 760 3379 deposuit.
798 3318 851 3364 In
881 3332 1008 3378 ser0,
1038 3317 1166 3364 circa
1190 3317 1362 3365 horam
1385 3316 1664 3380 vigesimam
1693 3316 1974 3375 secundam,
1998 3315 2073 3364 in-

300 3402 491 3464 ceptum
525 3397 612 3446 fuit
645 3398 857 3448 officium
890 3399 1176 3449 matutinum
1210 3399 1270 3448 ad
1299 3399 1427 3464 quod
1458 3401 1586 3464 Papa
1613 3399 1739 3449 venit
1772 3399 1831 3448 de
1861 3398 2065 3448 cameris

332 3616 352 3635 d
