2216 3886
153 276 261 318 [Avril
282 277 372 316 1593]
589 274 757 311 RERUM
792 273 1092 310 URBANARUM
1124 273 1473 311 COMMENTARH.
1859 281 1928 315 445

154 377 412 442 predicavit
440 376 649 440 publice,
674 391 730 424 ac
758 379 942 440 partem
971 378 1114 423 unam
1143 375 1192 422 in
1219 375 1345 423 dicta
1371 376 1559 425 civitate
1591 377 1785 425 tenebat
1815 380 1926 426 etei

154 461 357 519 favebat,
378 476 576 524 sperans
599 475 650 508 se
673 459 844 508 exinde
862 474 1088 522 magnum
1112 458 1243 518 fieri;
1266 464 1314 507 et
1330 459 1378 506 in
1401 459 1498 507 suis
1516 460 1926 523 predicationi-bus

152 544 341 608 publice
370 543 558 591 dicebat
588 543 847 602 Christum,
874 542 1157 590 salvatorem
1188 546 1422 600 nostrum,
1455 558 1568 607 sepe
1597 543 1686 591 sibi
1715 544 1848 607 loqui
1882 548 1930 592 et

154 627 304 675 multa
330 627 557 675 revelare.
584 625 800 673 Habebat
827 624 1084 688 quemdam
1112 625 1516 674 modumsciendi
1544 630 1743 689 peccata
1768 626 1928 689 homi-

154 726 266 757 num
291 726 379 774 per
397 711 569 758 fratres
592 725 703 757 suos
733 696 854 772 quos
880 707 1090 756 habebat
1111 708 1183 755 sui
1213 707 1393 756 ordinis
1416 709 1584 757 doctos
1606 715 1652 756 et
1683 709 1730 756 iu
1753 709 1927 773 populo

152 796 399 855 reputatos
431 793 556 841 viros
590 806 792 840 numero
824 808 923 851 sex,
958 791 1037 854 qui
1074 791 1123 838 in
1153 791 1350 840 diversis
1384 791 1572 855 oppidis
1612 796 1660 840 et
1689 792 1929 842 Florentie

153 875 454 934 residebant;
474 880 520 924 et
540 875 767 939 quicquid
787 890 928 938 grave
947 875 1019 922 vel
1038 874 1278 937 singulare
1295 875 1361 940 (1)
1378 875 1446 923 eis
1465 875 1787 924 confitebatur
1801 877 1928 925 dicto

153 958 284 1005 fratri
313 958 606 1023 Hieronymo
634 958 907 1007 revelabant
933 972 1043 1004 cum
1068 957 1426 1021 specificatione
1448 957 1658 1005 nominis
1686 964 1733 1007 et
1761 960 1930 1007 condi-

154 1039 295 1087 tionis
317 1040 619 1099 confitentis;
644 1045 692 1089 et
721 1055 780 1088 ex
805 1038 1082 1102 hujusmodi
1111 1038 1484 1086 revelationibus
1513 1039 1793 1103 predicabat
1812 1056 1930 1104 pec-

153 1128 260 1170 cata
278 1123 443 1187 populi
470 1128 517 1172 et
539 1126 693 1171 Deum
715 1122 804 1170 sibi
825 1122 1060 1170 revelasse
1082 1122 1343 1170 asserebat.
1369 1124 1436 1169 Ex
1457 1137 1553 1186 quo
1575 1128 1624 1171 et
1647 1120 1751 1170 aliis
1772 1123 1929 1173 modis

150 1205 215 1254 ita
242 1207 472 1270 populum
501 1205 690 1254 attraxit
724 1210 776 1253 ut
806 1205 968 1269 plures
1002 1221 1114 1253 eum
1149 1205 1437 1269 prophetam
1466 1209 1514 1253 et
1546 1205 1741 1254 beatum
1773 1207 1927 1255 virum

153 1305 261 1337 esse
282 1290 553 1338 crederent.
570 1289 644 1337 Ad
662 1304 805 1337 omne
827 1289 1083 1336 consilium
1103 1289 1152 1336 in
1174 1304 1268 1351 quo
1297 1304 1372 1336 res
1403 1305 1571 1352 graves
1599 1290 1930 1339 tractabantur

151 1373 427 1431 vocabatur,
447 1378 493 1421 et
516 1373 620 1437 ejus
653 1378 771 1420 nutu
799 1372 964 1429 civitas
995 1373 1252 1436 regebatur
1273 1377 1320 1419 et
1341 1377 1515 1420 cuncta
1538 1373 1735 1421 fiebant.
1761 1376 1844 1423 SS.
1868 1377 1925 1422 D.

152 1461 317 1504 noster
348 1461 530 1504 tantam
563 1456 774 1504 hominis
807 1456 1073 1520 potentiam
1107 1461 1155 1504 et
1194 1456 1297 1519 ejus
1333 1455 1566 1503 malitiam
1603 1472 1925 1521 cognoscens,

153 1539 268 1587 fecit
293 1555 380 1603 per
409 1539 686 1603 generalem
718 1540 789 1587 sui
820 1539 999 1588 ordinis
1028 1539 1118 1587 sibi
1148 1539 1356 1587 inhiberi
1387 1544 1438 1586 ut
1469 1555 1497 1586 a
1522 1539 1929 1603 predicationibus

152 1622 430 1686 hujusmodi
457 1627 692 1682 cessaret3
722 1624 876 1672 noluit
907 1629 1069 1672 tamen
1099 1622 1378 1686 hujusmodi
1411 1622 1686 1671 inhibitioni
1714 1624 1925 1673 obedire.

155 1706 223 1751 Ex
242 1720 336 1767 quo
359 1706 442 1753 SS.
468 1708 525 1752 D.
551 1710 717 1754 noster
737 1706 823 1754 sub
843 1721 971 1770 pena
991 1705 1506 1754 excommunicationis
1527 1706 1657 1755 idem
1686 1707 1773 1755 sibi
1793 1723 1931 1755 man-

155 1786 279 1835 davit
299 1788 375 1835 cui
395 1804 486 1836 nec
507 1789 652 1837 etiam
674 1789 897 1848 obedivit,
923 1804 1144 1837 asserens
1175 1791 1277 1836 Deo
1308 1789 1505 1837 obedire
1531 1794 1754 1854 oportere
1777 1791 1930 1855 magis

88 1873 91 1876 ’
154 1887 296 1933 quam
318 1871 612 1931 hominibus,
637 1876 685 1921 et
710 1872 803 1920 alia
829 1871 1098 1921 deducebat
1115 1872 1163 1919 in
1186 1872 1422 1920 rationem
1445 1888 1599 1931 suam,
1625 1889 1736 1921 cum
1759 1874 1930 1922 doctus

155 1958 301 2013 esset,
325 1971 417 2018 que
435 1957 667 2020 populum
687 1957 775 2005 sibi
796 1957 949 2021 magis
972 1956 1171 2005 credere
1193 1956 1433 2004 faciebant
1452 1973 1462 2016 ;
1489 1962 1534 2005 et
1557 1957 1752 2006 tandem
1774 1962 1930 2006 certas

154 2038 491 2088 conclusiones
512 2040 752 2088 hereticas
772 2041 949 2103 posuit,
975 2056 1068 2104 que
1089 2040 1365 2104 publicavit,
1390 2056 1508 2102 quas
1539 2041 1656 2088 dixit
1683 2041 1802 2090 velle
1825 2058 1931 2089 sus—

152 2120 322 2169 tinere.
347 2123 580 2185 Opposuit
601 2139 653 2172 se
674 2124 1065 2172 conclusionibus
1087 2123 1363 2187 hujusmodi
1388 2123 1583 2186 quidam
1602 2124 1751 2172 frater
1771 2125 1931 2173 mino-

152 2219 257 2250 rum
285 2203 344 2251 de
375 2206 607 2266 Zoccolis,
633 2207 713 2270 qui
742 2207 983 2255 Florentie
1007 2207 1057 2254 in
1087 2211 1327 2255 conventu
1358 2223 1396 2253 s.
1422 2208 1586 2255 Crucis
1610 2208 1725 2255 dicti
1748 2208 1931 2255 ordinis

153 2286 394 2335 minorum
426 2289 617 2352 publice
648 2291 950 2354 predicabat,
976 2307 1198 2340 asserens
1233 2306 1283 2338 se
1311 2291 1628 2352 probaturum
1655 2292 1931 2355 hujusmodi

154 2371 489 2443 conclusiones
519 2372 762 2422 hereticas
791 2390 915 2423 esse.
942 2377 1110 2424 Frater
1136 2374 1457 2441 Hieronymus
1488 2381 1648 2424 autem
1677 2382 1724 2425 et
1753 2377 1833 2425 alii
1862 2361 1938 2424 sui

155 2453 334 2501 ordinis
356 2454 524 2503 fratres
551 2457 887 2506 conclusiones
913 2457 1041 2520 ipsas
1063 2472 1196 2505 veras
1231 2473 1337 2506 esse
1363 2463 1410 2507 et
1441 2459 1678 2507 sustinere
1704 2459 1824 2507 velle
1849 2459 1933 2506 fir-

154 2536 297 2585 miter
313 2539 622 2597 asserebant;
648 2555 706 2588 ex
733 2556 827 2602 quo
852 2540 978 2588 inter
1002 2540 1133 2603 ipsos
1159 2540 1332 2589 fratres
1354 2542 1681 2605 predicatores
1703 2546 1751 2590 et
1771 2542 1931 2590 mino·

155 2635 230 2666 res
259 2619 319 2667 ad
339 2619 432 2669 hoc
459 2626 740 2685 perventum
766 2628 817 2670 ut
836 2623 951 2671 hinc
973 2623 1082 2670 inde
1105 2623 1369 2672 scriberent
1389 2625 1717 2688 predicatores
1740 2625 1857 2673 velle
1880 2642 1931 2673 se

154 2703 491 2752 conclusiones
520 2706 755 2754 sustinere
777 2723 786 2765 ;
812 2706 889 2754 alii
913 2721 1024 2754 vero
1053 2706 1266 2753 minores
1299 2705 1418 2753 velle
1445 2720 1526 2752 eas
1554 2705 1812 2768 reprobare
1842 2706 1931 2753 sub

154 2800 279 2848 pena
292 2786 386 2836 vite
402 2803 565 2836 coram
575 2789 738 2853 judice
754 2805 850 2836 non
869 2795 1112 2853 suspecto,
1125 2805 1268 2853 quem
1284 2788 1496 2837 minores
1512 2793 1824 2852 acceptarunt
1842 2793 1927 2855 (2).

203 2968 236 3004 1.
266 2969 362 3007 Telle
383 2977 440 3009 est
459 2972 494 3009 la
512 2973 613 3020 lecon
635 2976 684 3011 du
705 2988 795 3013 mss.
811 2978 917 3023 5160,
934 2977 959 3013 f.
975 2976 1058 3022 313,
1073 2989 1107 3013 v.
1125 2977 1174 3013 Le
1187 2975 1308 3024 Chigi,
1324 2975 1357 3011 le
1369 2975 1504 3012 55223
1518 2978 1554 3011 et
1572 2973 1750 3019 le13736,
1767 2975 1936 3011 donuent

155 3027 335 3070 seculare,·
355 3029 387 3066 le
408 3035 505 3069 texte
527 3035 571 3070 de
592 3035 754 3073 Leibnitz
774 3037 894 3073 donne.
910 3038 1099 3083 peculiare
1121 3038 1220 3085 (pag.
1243 3037 1318 3081 46).

207 3086 242 3121 2.
271 3086 457 3126 Sismondi
476 3104 664 3141 remarque
685 3095 887 3143 justement
913 3108 983 3143 que
1071 3111 1088 3129 «
1110 3095 1162 3132 les
1191 3094 1330 3131 moines
1357 3093 1402 3129 de
1434 3092 1759 3139 saint-Augustim
1788 3090 1927 3128 animes

155 3160 219 3196 par
238 3159 309 3183 une
331 3148 486 3195 jalousie
507 3153 551 3195 de
579 3164 684 3201 corps
705 3159 827 3191 contre
855 3155 982 3191 l'orslre
1009 3155 1053 3191 de
1079 3153 1435 3200 Saintbominique,
1458 3150 1641 3187 Sffl'VOiesst
1660 3150 1693 3186 Ῑθ
1718 3162 1810 3199 pape
1835 3151 1928 3187 dans

156 3218 221 3242 son
244 3207 388 3244 dessein
407 3209 452 3244 dc
472 3222 694 3258 vengeance‚
717 3217 752 3249 et
778 3214 1020 3259 denoncoient
1038 3215 1131 3250 dans
1153 3214 1248 3250 leurs
1275 3211 1518 3260 predications
1540 3210 1571 3246 le
1598 3211 1835 3248 resormateur
1860 3211 1927 3247 do-

152 3266 323 3302 minicain
344 3279 479 3304 comme
502 3269 685 3318 heretique
706 3275 741 3308 et
766 3273 972 3309 anatheme.
998 3273 1028 3308 A
1049 3273 1154 3321 peine
1173 3272 1277 3320 vingt
1302 3283 1368 3307 ans
1398 3268 1637 3306 s'ecoulerent
1662 3269 1726 3306 des
1754 3269 1825 3306 lors
1848 3270 1928 3318 jus-

155 3324 262 3372 qu'au
284 3330 442 3362 moment
461 3330 507 3363 ou
534 3327 586 3364 les
613 3329 859 3368 Dominicains
889 3331 1101 3368 s'armerent
1129 3335 1150 3368 a
1177 3332 1252 3367 leur
1276 3335 1356 3366 tour
1381 3333 1504 3365 contre
1528 3328 1676 3373 Luther‚
1700 3329 1933 3366 reformateur

154 3384 341 3431 augustin,
365 3400 383 3418 »
407 3387 501 3422 Hisc.
524 3388 586 3424 des
605 3389 741 3435 Repub.
763 3392 844 3428 Ital.
865 3392 915 3426 (ιιι
934 3391 1128 3437 Mum-Am?
1150 3391 1287 3437 (1826),
1310 3393 1335 3425 t.
1361 3388 1440 3432 xll,
1464 3387 1521 3423 ch.
1545 3399 1665 3432 xcvm,
1690 3401 1724 3436 p.
1746 3389 1828 3426 457.
