2216 3886
265 323 334 357 502
467 316 470 318 ’
542 354 551 362 ,
873 315 1106 353 JOttANNIS
1140 314 1432 351 Bt'RCHARm.
1716 314 1922 353 {Decembre
1945 318 2038 357 1499]

263 421 522 469 celebravit
549 433 771 480 vesperas
801 416 1060 471 solemnes,
1086 429 1140 460 ac
1170 413 1485 475 antiphonam
1514 411 1575 458 ad
1602 411 1892 475 Mafflzifi'cat
1917 415 2044 463 into-

265 505 421 561 navit,
448 502 708 550 secundam
738 498 983 555 Senensis,
1011 496 1201 544 tertiam
1240 493 1593 551 Ulixbonensis,
1627 497 1846 556 quartam
1873 511 1910 542 s,
1938 497 2045 544 Cle-

267 588 470 644 mentis,
506 585 720 647 quintam
754 600 792 627 s.
818 579 1010 640 Georgii
1047 574 1345 634 cardinales,
1378 579 1434 623 D.
1462 576 1756 623 Bernardino
1787 576 2043 635 Gambara,

269 670 561 716 subdiacono
593 664 857 728 apostolico
887 661 1175 723 antiphonas
1199 666 1244 707 et
1268 662 1323 707 D.
1349 659 1583 706 Michaele
1605 659 1664 706 sle
1686 660 1892 718 Grassis,
1914 659 2049 707 audi-

271 759 391 809 tore,
430 752 661 814 hymnum
696 744 1142 809 preintonantibus:
1178 743 1271 790 alia
1304 742 1466 789 omnia
1499 742 1749 791 observata
1777 747 1885 790 sunt
1914 759 2048 790 more

271 834 428 881 solito.

341 920 390 964 lu
416 920 551 963 nocte
576 911 812 975 sequenti,
839 911 1027 973 incepto
1054 914 1165 956 sunt
1187 909 1418 957 matutine
1444 909 1493 956 in
1517 910 1700 973 capella
1727 911 1910 974 majore
1933 926 2051 959 con-

275 1008 428 1058 sueta,
463 1002 598 1045 Rmo.
630 999 684 1042 D.
716 993 957 1041 cardinale
988 995 1212 1056 Capuano
1240 992 1453 1040 officium
1481 998 1762 1056 peragente,
1793 993 1875 1056 qui
1906 994 2056 1041 dictas

274 1083 507 1132 lectiones
537 1081 658 1126 bene
689 1077 804 1125 dixit
833 1082 879 1124 et
906 1072 1082 1123 nonam
1110 1076 1370 1124 lectionem
1395 1076 1600 1123 cantavit
1624 1092 1633 1124 :
1660 1076 1776 1124 alias
1806 1093 1920 1125 vero
1943 1093 2056 1125 can-

276 1170 434 1214 tarunt
457 1168 696 1211 cantores.
725 1161 853 1208 Idem
886 1159 1147 1207 celebravit
1174 1160 1371 1207 missam
1393 1177 1402 1217 3
1428 1175 1523 1221 qua
1549 1159 1693 1218 dicta,
1719 1163 1942 1208 cantores
1961 1175 2056 1206 non

275 1251 495 1297 dixerunt
523 1245 707 1293 laudes.
726 1243 927 1314 ‚Deinde
958 1243 1219 1291 secundam
1248 1243 1444 1290 missam
1472 1242 1730 1291 celebravit
1760 1245 1815 1290 D.
1848 1242 2059 1306 Raphael

283 1334 340 1380 de
363 1335 521 1387 Mena,
545 1330 775 1376 diaconus
798 1327 980 1390 capelle
1004 1343 1013 1373 :
1040 1326 1287 1374 matutinis
1313 1331 1360 1374 et
1384 1326 1538 1389 prime
1564 1326 1712 1375 misse
1740 1326 2061 1374 interfuerunt

283 1415 447 1463 RRmi.
482 1415 580 1460 DD.
611 1429 648 1459 s.
680 1410 923 1468 PraxediS,
954 1409 1322 1468 Alexandrinus,
1355 1426 1394 1456 s.
1427 1409 1606 1468 Crucis,
1641 1409 1939 1474 presbyteri3
1973 1411 2061 1457 Se-

281 1497 462 1555 nensis,
488 1494 740 1551 Ascauius,
773 1509 811 1540 s.
845 1492 1077 1550 Severini,
1109 1492 1383 1550 FarnesiuS,
1413 1492 1602 1540 diaconi
1636 1493 1922 1551 cardinales,
1955 1492 2056 1556 qui,

283 1580 437 1644 prima
457 1578 603 1625 missa
627 1577 775 1634 linita,
804 1579 1108 1623 recesserunt
1130 1590 1298 1622 omnes
1317 1591 1426 1622 cum
1450 1575 1744 1625 celebrante.

351 1662 461 1710 Heri
492 1677 650 1717 mane,
677 1675 763 1722 per
784 1659 976 1705 cedulas
999 1658 1043 1704 in
1066 1658 1169 1705 acie
1196 1659 1350 1721 campi
1376 1658 1513 1706 Flore
1537 1662 1581 1707 et
1611 1659 1751 1706 valvis
1776 1658 2061 1707 cancellarie

284 1744 546 1810 apostolice
570 1759 625 1790 ac
647 1742 758 1789 alibi
782 1747 828 1788 et
849 1741 998 1804 portis
1018 1741 1214 1788 basilice
1234 1741 1462 1804 principis
1482 1741 1808 1804 apostolorum
1830 1743 1888 1789 de
1911 1741 2056 1799 Urbe,

284 1830 342 1877 de
374 1829 599 1876 mandato
623 1828 706 1874 SS.
737 1828 791 1872 D.
820 1827 873 1872 N.
904 1839 1025 1887 pape
1050 1824 1234 1882 affixas,
1261 1825 1531 1873 intimatum
1556 1826 1641 1874 fuit
1673 1825 1904 1873 universis
1933 1823 2063 1887 quod

284 1912 358 1959 die
382 1911 592 1958 crastina
612 1909 1041 1956 MCCCCLXXXtX
1064 1906 1140 1954 die
1164 1907 1329 1955 martis
1350 1908 1528 1956 mensis
1551 1908 1840 1966 decembris,
1868 1910 1926 1954 25
1950 1906 2062 1954 dicti

285 1995 480 2053 mensis,
507 1995 590 2041 SS.
614 1996 667 2040 D.
689 1995 869 2050 noster,
889 1990 1017 2038 dicta
1035 1991 1181 2038 missa
1200 2006 1286 2053 per
1307 1991 1621 2039 Sanctitatem
1641 2006 1775 2038 suam
1799 1990 1846 2037 in
1864 1989 2064 2038 basilica

290 2079 521 2143 predicta,
544 2077 741 2124 daturus
761 2080 834 2122 est
855 2074 1093 2137 plenarias
1117 2070 1850 2138 indulgentias'interessentibus
1873 2080 1919 2122 et
1938 2073 2068 2137 quod

295 2169 405 2210 tunc
434 2159 771 2208 ostenderetur
802 2158 952 2204 vultus
982 2162 1174 2205 sanctus
1202 2158 1420 2221 ejusdem
1443 2158 1700 2206 Salvatoris
1728 2157 1878 2206 nostri
1904 2173 1912 2204 :
1939 2154 2067 2219 quod

288 2246 654 2307 interpretatum
678 2246 747 2287 est
772 2241 948 2287 factum
973 2239 1118 2287 fuisse
1140 2243 1230 2286 uta
1250 2240 1420 2302 majori
1444 2239 1749 2287 multitudine
1772 2239 1876 2302 ejus
1892 2251 2070 2302 pompa

289 2327 549 2374 videretur.

932 2493 1428 2538 MCCCCLXXXXIX.

361 2663 499 2707 Anno
523 2676 549 2705 a
572 2659 814 2706 nativitate
845 2661 900 2705 l).
934 2661 987 2705 N.
1022 2661 1061 2705 J.
1096 2661 1145 2705 C.
1180 2659 1668 2716 MCCCCLXXXXIX,
1703 2657 1778 2704 die
1810 2660 1868 2704 25
1899 2656 2078 2703 mensis

301 2742 588 2797 decembris,
627 2743 710 2788 SS.
753 2744 806 2787 D.
846 2743 901 2788 N.
939 2741 1066 2787 circa
1105 2741 1273 2787 horam
1309 2756 1408 2795 xvi,
1440 2739 1508 2786 vel
1544 2740 1922 2802 quamprimum,
1954 2739 2079 2785 venit

301 2825 359 2871 ad
396 2840 635 2870 cameram
672 2824 925 2885 papagalli,
964 2823 1059 2879 ubi,
1098 2823 1302 2885 rcccptis
1336 2822 1646 2884 paramentis,
1680 2822 1874 2884 dempta
1919 2821 2074 2877 mitra,

302 2906 542 2954 benedixit
584 2921 749 2953 ensem
789 2917 832 2952 et
878 2906 1156 2962 incensavit,
1192 2920 1327 2951 more
1368 2903 1528 2961 solito,
1560 2896 1720 2966 ipsam⁴
1747 2919 1824 2950 me
1863 2907 2074 2957 tenente,

298 3004 547 3052 quousque
568 2989 893 3039 D.Adria11us,
920 2989 1122 3035 clericus
1145 3003 1357 3044 camere,
1381 2986 1717 3049 superpellicio
1741 2985 1978 3043 indueret,
1999 2986 2076 3049 qui

301 3074 455 3136 ipsum
483 3072 656 3119 deiude
679 3077 790 3119 ante
819 3087 1013 3118 crucam
1044 3072 1099 3118 ad
1129 3070 1377 3117 basilicam
1407 3069 1671 3132 pred-ictam
1701 3069 1906 3132 portavit
1931 3074 1977 3116 et
2003 3085 2079 3116 re-

298 3156 518 3219 portavit.
554 3156 701 3203 Finita
735 3156 899 3212 missa,
932 3169 1064 3201 moro
1095 3154 1252 3212 solito,
1289 3156 1414 3216 Papa
1443 3157 1702 3215 antequam
1733 3152 1884 3200 exiret
1913 3167 2078 3200 came-

300 3255 401 3285 ram
424 3245 679 3295 secretam,
711 3238 983 3287 convocatis
1006 3239 1063 3285 ad
1086 3252 1135 3284 se
1159 3236 1500 3290 cardinalibus,
1533 3235 1743 3284 decrevit
1771 3250 1937 3283 ensem
1966 3250 2076 3283 cum

301 3322 425 3385 pileo
463 3323 648 3370 mittere
688 3323 839 3369 lllmo.
881 3325 933 3369 D.
977 3320 1210 3368 Ltrlovico
1248 3321 1347 3378 ΧΗ,
1386 3321 1680 3366 Francorum
1716 3318 1817 3381 regi
1855 3318 2077 3366 christia—

302 3405 519 3453 nissimo.
565 3406 705 3457 Venit
746 3405 917 3455 ‹leiule
959 3404 1018 3455 ad
1059 3403 1302 3453 basilicam
1340 3400 1761 3465 processionaliter
1799 3404 1846 3448 et
1888 3399 2072 3448 ratione
