2216 3886
177 329 378 370 [Mni1498]
623 326 791 364 RERUM
826 325 1127 363 URBANARUM
1161 327 1512 365 COMMENTARH.
1895 333 1966 369 469

181 432 330 480 homo
360 430 527 478 mundi
561 444 757 494 prorsus
778 428 928 494 possit
961 429 1160 477 inveniri
1190 429 1270 493 qui
1298 430 1528 479 audiverit
1557 448 1769 495 unquam
1798 433 1857 480 ab
1879 450 1962 483 ore

179 532 289 565 meo
318 521 417 564 tam
444 529 675 578 arrogans
698 513 914 572 verbum,
940 518 990 562 ut
1012 513 1212 562 dixerim
1242 530 1315 561 me
1347 531 1443 563 esse
1466 516 1774 580 p7·0plzetam‚·
1795 533 1961 566 verum

180 615 204 646 e
228 597 470 647 contrario
492 596 642 644 multa
662 595 807 645 etiam
825 596 974 644 millia
994 602 1218 660 poterunt
1242 599 1405 646 testari
1427 615 1506 648 me
1529 615 1643 663 sepe
1666 589 1842 649 dixisse
1863 617 1957 648 non

179 699 274 729 esse
294 699 366 729 me
380 682 661 745 prophetam
680 695 855 744 meque
878 680 1029 728 filium
1047 681 1301 744 prophete.
1324 683 1460 739 Quod
1481 684 1625 732 etiam
1649 685 1687 731 si
1709 684 1954 744 dixissem,

182 782 273 813 non
302 765 442 813 video
473 753 621 828 quare
652 779 810 812 essem
841 764 1132 828 puniendus,
1163 765 1293 814 nulla
1325 766 1453 814 enim
1484 767 1611 816 facta
1637 774 1710 816 est
1742 773 1823 817 aut
1852 769 1956 817 fieri

178 854 336 913 potest
357 850 433 897 lex
453 864 548 912 que
563 848 760 896 damnet
778 849 1027 896 hominem
1050 864 1362 913 quemquam,
1382 851 1480 913 qui,
1501 852 1537 898 si
1562 851 1688 900 dicat
1711 869 1768 900 ex
1788 853 1956 916 spiritu

180 932 336 980 divino
365 933 524 979 futura
556 931 825 995 predicare,
850 930 940 977 nisi
972 931 1061 978 sub
1091 931 1184 978 hoc
1208 932 1443 981 velamine
1474 934 1705 997 populum
1732 935 1958 984 sollicitet

178 1016 238 1063 ad
270 1016 451 1063 malum
482 1014 556 1062 vel
589 1014 813 1072 hereseS‚
839 1018 918 1061 aut
953 1013 1083 1061 aliud
1116 1015 1361 1078 quidpiam
1394 1020 1560 1080 preter
1589 1017 1682 1066 hec
1714 1018 1877 1076 faciat,
1905 1023 1957 1067 ut

176 1100 400 1148 scribitur
420 1102 683 1147 Deuteron.
711 1098 793 1146 ult.
815 1114 825 1156 3
849 1097 980 1161 quod
1000 1097 1058 1146 de
1080 1114 1158 1146 me
1177 1099 1334 1147 nullus
1352 1105 1511 1163 potest
1532 1101 1712 1160 dicere,
1736 1106 1787 1150 ut
1807 1102 1957 1150 notis-

96 1182 99 1185 ’
178 1184 354 1232 simum
377 1187 468 1242 est,
492 1183 608 1231 alias
631 1182 790 1231 nullus
810 1198 1007 1246 surgere
1030 1187 1193 1246 posset
1212 1184 1450 1246 propheta
1473 1185 1522 1232 in
1538 1185 1751 1234 Ecclesia
1773 1186 1859 1235 Dei
1879 1204 1889 1246 ;
1909 1192 1958 1234 et

178 1268 214 1315 si
236 1267 329 1316 hoc
351 1268 530 1315 donum
551 1265 806 1330 prophetie
828 1265 888 1312 de
909 1264 1126 1313 Ecclesia
1147 1265 1234 1312 Dei
1252 1265 1529 1329 pelleretur,
1549 1268 1680 1331 quod
1702 1273 1774 1317 est
1789 1275 1958 1318 contra

179 1351 296 1399 illud
327 1353 475 1399 Amos
511 1350 652 1399 tertio
686 1349 904 1413 superius
938 1348 1198 1411 allegatum
1231 1367 1239 1396 :
1273 1365 1368 1396 non
1398 1351 1546 1415 saciet
1577 1351 1794 1399 dominus
1822 1353 1958 1400 Deus

177 1434 384 1492 verbum,
406 1441 512 1491 ete„
541 1437 588 1481 et
608 1431 836 1480 Proverb.
866 1447 966 1490 xix,
996 1446 1101 1478 cum
1126 1431 1357 1494 propheta
1385 1431 1624 1497 defecerit,
1657 1434 1958 1498 dissipabit-ur

169 1518 389 1581 populus.
418 1517 557 1574 Quod
583 1516 622 1564 si
653 1516 842 1564 dicatur
868 1515 1069 1562 Denter.
1094 1531 1191 1562 xlv.
1221 1515 1450 1579 scriptum
1480 1520 1553 1564 est
1580 1517 1711 1579 quod
1730 1517 1957 1581 propheta

175 1601 258 1663 qui
273 1601 547 1664 arroqantia
574 1600 859 1663 depracatus
881 1599 1079 1646 voluerit
1096 1599 1224 1662 loqui
1245 1599 1294 1646 in
1317 1600 1507 1647 nomine
1529 1617 1630 1648 meo
1648 1618 1739 1665 que
1755 1617 1841 1665 eye
1862 1617 1956 1649 non

171 1684 360 1746 precepi
376 1684 445 1730 illa·
466 1692 518 1731 ut
536 1684 723 1743 diceret,
749 1691 836 1731 aut
855 1700 914 1731 ex
936 1684 1125 1731 nomine
1151 1684 1353 1731 aliorum
1378 1683 1588 1742 deorum,
1614 1683 1922 1748 interficietur
1939 1702 1956 1731 .·

177 1767 306 1830 quod
329 1768 369 1814 si
397 1768 603 1815 evenerit
626 1768 754 1831 quod
780 1768 959 1815 loeutus
984 1776 1068 1826 est,
1098 1768 1246 1814 bonus
1263 1768 1494 1830 propheta
1519 1768 1648 1832 fuit,·
1677 1768 1750 1814 sin
1778 1776 1952 1827 autem,

176 1850 351 1915 falsus.
379 1850 517 1907 Quod
544 1866 642 1899 non
669 1855 742 1899 est
769 1850 1137 1914 intelligendum
1164 1851 1249 1909 sic,
1274 1850 1494 1899 videlicet
1519 1850 1612 1898 nisi
1637 1851 1798 1900 statim
1829 1852 1958 1914 quod

175 1933 379 1997 predixit
401 1934 606 1992 eveniat,
631 1934 970 1993 interficiatur3
997 1934 1207 1998 alioquin
1230 1935 1385 1983 fuerat
1406 1935 1769 1984 interficiendus
1791 1936 1956 1984 Esaias

178 2021 226 2065 et
244 2016 479 2065 Jeremias
509 2021 556 2066 et
585 2017 665 2065 alii
695 2017 831 2065 multi
857 2018 1111 2081 prophete,
1137 2017 1248 2081 quia
1268 2017 1445 2065 multos
1467 2034 1620 2065 annos
1636 2019 1885 2078 vixerunt3
1910 2023 1956 2066 et

180 2099 329 2147 multa
349 2100 410 2147 ab
437 2100 508 2147 eis
535 2099 728 2148 fuerunt
749 2100 967 2164 predicta
997 2115 1088 2164 que
1111 2115 1199 2148 nec
1220 2100 1270 2147 in
1291 2116 1461 2148 eorum
1481 2101 1577 2150 vita
1597 2106 1887 2160 evenerunt;
1911 2107 1957 2151 et

178 2182 286 2230 ideo
308 2183 574 2247 intelligere
597 2187 786 2247 oportet
807 2184 937 2247 quod
959 2184 998 2231 si
1020 2184 1190 2247 aliquis
1209 2183 1325 2233 dixit
1347 2200 1399 2232 se
1421 2201 1480 2232 ex
1502 2185 1669 2249 spiritu
1692 2186 1776 2234 Dei
1799 2187 1957 2234 sutura

176 2267 445 2330 predicare,
471 2272 518 2316 et
551 2283 608 2317 ea
642 2283 734 2331 que
766 2267 969 2332 predicit
1005 2283 1102 2316 non
1140 2273 1250 2315 sunt
1283 2272 1452 2317 contra
1486 2268 1634 2317 fidem
1668 2286 1759 2318 nec
1789 2274 1958 2318 contra

177 2351 435 2399 canonicas
478 2352 737 2415 scripturas
780 2367 870 2400 nec
917 2355 1085 2399 contra
1126 2351 1364 2400 catholice
1411 2352 1624 2401 Ecclesie
1665 2353 1954 2412 doctrinam,

177 2436 505 2499 expectandus
528 2441 601 2484 est
621 2436 831 2483 maxime
851 2436 932 2483 ubi
953 2436 1047 2484 vita
1075 2436 1202 2484 hona
1223 2451 1388 2484 comes
1410 2436 1497 2484 fuit
1517 2455 1526 2494 ;
1551 2437 1663 2500 quia
1684 2440 1811 2486 Deus
1832 2438 1957 2486 mul-

178 2524 252 2566 tos
286 2534 448 2567 servos
478 2520 625 2568 habet
660 2519 894 2579 occultos,
926 2519 1033 2567 ideo
1067 2520 1132 2567 ait
1165 2520 1476 2582 apostolicus,
1507 2521 1789 2584 Propleetias
1815 2523 1958 2570 nolite

175 2618 407 2665 spernere.
431 2604 514 2651 Sin
535 2607 698 2652 autem
720 2607 937 2666 tempore
966 2618 992 2649 a
1013 2602 1251 2665 propheta
1268 2603 1454 2666 prefixo
1475 2620 1573 2651 non
1595 2605 1843 2653 evenerint
1862 2621 1955 2669 que

177 2686 400 2749 predixit,
422 2691 536 2735 tunc
567 2687 711 2736 debet
737 2687 912 2735 acriter
932 2687 1084 2750 argui,
1110 2691 1157 2735 et
1186 2686 1254 2734 sic
1275 2686 1351 2734 lex
1374 2687 1480 2749 ipsa
1499 2687 1811 2751 intelligatur.
1835 2691 1955 2738 Cum

179 2784 295 2832 ergo
311 2771 413 2833 jam
433 2771 585 2819 multa
609 2787 700 2834 que
722 2770 1017 2835 prediximus
1039 2770 1301 2829 evenerint,
1327 2770 1484 2818 adhuc
1506 2786 1732 2819 nonsum
1754 2788 1957 2836 arguen-

178 2853 266 2901 dus
288 2870 378 2902 nec
398 2855 688 2918 puniendus,
708 2855 822 2918 quia
838 2855 919 2902 illa
940 2853 1099 2902 futura
1115 2869 1214 2902 non
1234 2853 1678 2918 pronunciaverim3
1702 2855 1774 2903 sin
1792 2860 1955 2905 autem

179 2942 339 2986 cetera
368 2954 455 2987 suo
483 2944 702 3004 tempore
735 2955 831 2988 non
860 2937 1126 2996 evenerint,
1150 2937 1324 2986 merito
1352 2937 1626 3002 arguendus
1654 2954 1754 2987 ero.
1787 2941 1955 2988 Certus

182 3035 288 3067 sum
310 3027 471 3071 autem
493 3023 620 3086 quod
641 3023 880 3081 evenient,
904 3037 996 3069 nec
1026 3037 1086 3069 ex
1112 3021 1182 3069 eis
1212 3038 1335 3069 unus
1357 3038 1480 3085 apex
1503 3022 1768 3086 preteribit.
1794 3024 1952 3079 Certe,

179 3101 457 3152 beatissime
479 3110 634 3168 pater,
658 3105 965 3154 notissimum
988 3109 1179 3153 estnon
1202 3105 1356 3153 solum
1375 3106 1616 3154 Florentie
1639 3105 1725 3153 sed
1742 3104 1888 3152 etiam
1909 3105 1958 3151 in

182 3186 381 3234 diversis
412 3186 545 3235 Italie
573 3188 806 3251 partibus,
831 3189 961 3252 quod
981 3188 1102 3236 meis
1129 3188 1283 3236 verbis
1309 3194 1475 3236 secuta
1501 3193 1574 3237 est
1593 3205 1683 3251 pax
1704 3189 1750 3235 in
1769 3189 1957 3237 civitate

182 3269 443 3327 Florentie‚
471 3285 565 3332 que
587 3270 625 3317 si
646 3286 745 3318 non
765 3271 933 3318 fuisset
957 3274 1139 3329 secuta,
1164 3271 1298 3318 ltalia
1330 3271 1501 3318 suisset
1528 3269 1797 3333 pertubata.
1824 3272 1961 3328 Quod

186 3353 223 3399 si
255 3351 408 3399 verbis
439 3351 654 3401 adhibita
678 3354 846 3402 fuisset
873 3353 1013 3411 fides,
1036 3354 1171 3401 ltalia
1199 3353 1344 3401 hodie
1371 3368 1468 3400 non
1498 3353 1592 3401 hoc
1622 3353 1766 3402 modo
1792 3359 1959 3417 quate-

184 3441 346 3494 retur3
372 3450 484 3482 nam
513 3435 638 3482 illius
658 3436 918 3499 previdens
940 3435 1242 3495 afflictiones,
1268 3436 1379 3483 licet
1404 3450 1432 3482 a
1458 3435 1619 3483 multis
1640 3452 1833 3500 semper
1854 3438 1959 3484 fue-
