2216 3886
167 282 385 322 [Aos111499j
604 279 772 316 RERUM
807 279 1106 316 URBANAREM
1144 278 1491 315 COMMENTARM.
1872 283 1943 317 559

167 383 313 441 ostio3
339 388 385 431 et
407 383 587 432 ibidem
608 385 822 449 reposita
841 389 951 432 sunt
966 399 1076 432 cere
1095 399 1122 432 a
1143 381 1485 441 cardinalibus,
1505 365 1719 445 prelatis,
1739 383 1941 431 funestis

165 471 211 515 et
244 466 348 514 aliis
388 467 435 514 in
478 467 604 517 dicta
642 468 826 532 capella
865 484 903 516 s.
938 466 1198 517 Petronille
1236 464 1550 514 existentibus
1593 464 1939 514 distribuenda.

166 552 427 600 Residuum
466 568 575 601 cere
609 552 847 601 redditum
878 551 966 599 suit
998 550 1059 598 ad
1088 549 1322 613 capellam
1356 547 1613 596 cardinalis
1647 564 1686 596 s.
1717 547 1865 596 Marie
1896 548 1944 595 in

164 636 367 698 porticu,
399 641 609 685 castrum
645 636 824 684 doloris
858 635 1068 700 positum
1097 634 1250 698 juxta,
1273 638 1319 681 et
1351 632 1475 700 intra
1503 646 1704 694 magnas
1731 630 1834 678 illas
1862 645 1944 678 co-

163 718 354 768 lumnas
382 720 509 769 dicte
543 720 737 768 basilice
771 719 986 784 predicte
1021 718 1204 782 capelle
1237 734 1275 764 s.
1307 714 1566 764 Petronille
1599 713 1866 773 viciniores,
1897 712 1944 760 in

166 803 327 852 medio
356 804 482 852 inter
514 819 705 851 murum
742 803 947 852 ecclesie
973 803 1112 866 juxta
1141 817 1284 864 quem
1316 804 1389 847 est
1423 798 1571 847 altare
1601 797 1648 845 b.
1670 796 1818 845 Marie
1852 796 1945 843 vir-

166 886 290 950 ginis
330 901 415 934 seu
456 904 495 933 s.
539 886 739 944 Leonis,
785 890 832 934 et
875 885 992 933 alias
1041 885 1291 933 columnas
1332 897 1556 945 magnas,
1599 880 1886 929 Vaticanum
1919 896 1947 927 a

165 969 270 1018 navi
296 969 604 1017 transversali
635 968 927 1028 dividentes3
959 974 1006 1016 et
1037 972 1134 1016 tota
1168 967 1249 1015 illa
1280 982 1390 1030 pars
1420 964 1769 1022 transversaliS,
1793 980 1944 1026 usque

163 1053 224 1100 ad
266 1052 371 1101 illas
414 1053 664 1101 columnas
707 1070 876 1118 parvas
919 1067 1217 1100 marmoreas
1260 1049 1551 1114 perpulehre
1601 1047 1840 1095 laboratas
1886 1046 1946 1094 ad

166 1137 343 1200 angulo
393 1137 593 1185 cancelli
640 1137 801 1185 altaris
843 1136 1066 1201 majoris,
1111 1151 1263 1199 usque
1310 1133 1371 1181 ad
1414 1133 1563 1181 alium
1608 1130 1837 1195 angulum
1880 1129 1944 1178 illi

164 1220 439 1283 oppositum
480 1221 684 1284 positas,
720 1225 877 1269 castro
912 1224 958 1269 et
998 1237 1026 1267 a
1061 1219 1264 1268 funestis
1301 1216 1643 1281 occupabatur.
1681 1214 1846 1278 Capita
1872 1214 1944 1261 fu-

162 1308 410 1353 nestorum
441 1309 577 1352 erant
607 1305 655 1352 in
687 1304 910 1368 opposito
938 1303 1213 1352 medietatis
1243 1301 1387 1350 castri
1417 1304 1465 1348 et
1495 1298 1842 1348 continuabant
1866 1313 1945 1345 us-

163 1403 253 1450 que
293 1387 354 1435 ad
390 1387 544 1435 dictas
583 1404 753 1452 parvas
787 1389 1063 1449 columnas,
1103 1393 1150 1437 et
1185 1387 1365 1436 ibidem
1407 1382 1762 1434 transversabat
1800 1397 1943 1429 unam

163 1468 223 1516 ad
243 1469 402 1529 aliam,
429 1474 477 1517 et
502 1470 656 1519 banco
686 1472 990 1521 transversali
1022 1472 1112 1520 suit
1144 1471 1393 1535 triplicata.
1422 1467 1643 1517 Cavalleti
1674 1466 1817 1530 positi
1840 1467 1944 1514 fue-

163 1557 271 1600 runt
289 1553 425 1616 juxta
458 1558 670 1603 castrum
691 1556 962 1620 predictum
993 1572 1079 1620 pro
1107 1572 1188 1604 xvi
1222 1553 1468 1604 intortitiis
1502 1553 1561 1602 ab
1594 1565 1689 1598 uno
1716 1550 1867 1598 latere
1898 1554 1943 1598 et

163 1633 335 1682 eodem
362 1651 565 1685 numero
598 1637 658 1685 ab
686 1638 808 1696 alio;
834 1643 1046 1687 castrum
1077 1638 1234 1702 ipsum
1266 1637 1355 1685 fuit
1383 1636 1602 1699 longum,
1625 1633 1943 1683 exterioribus

163 1717 258 1767 sive
285 1720 472 1783 angulis
501 1721 599 1769 suis
627 1738 724 1770 non
754 1722 1060 1787 computatis,
1085 1722 1357 1786 palmorum
1380 1736 1505 1768 xxxv
1532 1723 1579 1767 et
1605 1718 1758 1766 latum
1780 1733 1906 1765 xxvii
1929 1733 1938 1775 ;

161 1801 384 1849 columne
416 1802 678 1852 altitudinis
708 1806 982 1869 palmorum
1016 1822 1119 1864 xV13
1158 1808 1339 1853 tectum
1371 1819 1517 1866 supra
1547 1802 1747 1866 planum
1781 1817 1936 1860 suum,

164 1884 242 1932 ubi
262 1891 507 1949 ponuntur
524 1888 743 1948 candele,
769 1889 856 1938 suit
879 1888 1146 1938 altitudinis
1167 1888 1438 1952 palmorum
1457 1903 1507 1946 v,
1529 1889 1577 1934 et
1598 1901 1744 1949 supra
1765 1890 1941 1932 terram

159 1964 472 2033 longitudinis
503 1971 776 2035 palmorum
803 1990 903 2032 xni,
930 1977 976 2021 et
1002 1972 1267 2022 latitudinis
1287 1971 1559 2036 palmorum
1580 1984 1653 2026 ης
1679 1971 1726 2016 et
1747 1968 1941 2016 suerunt

161 2052 220 2099 ab
239 2053 462 2101 omnibus
482 2054 693 2104 laudata.
720 2059 894 2105 Totum
916 2057 1151 2120 quadrum
1174 2056 1220 2104 in
1241 2071 1336 2120 qno
1358 2059 1568 2102 castrum
1590 2051 1767 2099 doloris
1785 2051 1941 2100 stabat

162 2135 251 2184 fuit
285 2136 391 2184 telis
428 2153 539 2185 cnm
577 2140 722 2187 armis
762 2141 1019 2189 cardinalis
1058 2139 1272 2189 defuncti
1306 2136 1674 2188 circumdatum.
1710 2137 1762 2183 ln
1797 2135 1940 2199 plano

161 2220 446 2270 summitatis
493 2223 824 2287 capitellorum
871 2225 1209 2273 columnarum
1258 2236 1543 2287 magnarum
1588 2219 1746 2284 posita
1796 2218 1938 2283 [sunt]

160 2303 342 2353 circum
372 2305 501 2354 circa
530 2306 762 2356 intortitia
787 2325 950 2368 xnvm,
977 2308 1201 2357 videlicet
1232 2308 1281 2372 in
1318 2306 1474 2370 capite
1507 2319 1674 2353 versus
1704 2301 1940 2365 capellam

160 2403 198 2434 s.
224 2388 481 2437 Petronille
512 2407 599 2454 per
625 2393 882 2442 ecclesiam
909 2393 1105 2441 intortia
1131 2409 1195 2451 ix,
1220 2392 1268 2439 in
1300 2391 1521 2455 opposito
1547 2405 1578 2437 x
1599 2390 1647 2435 et
1674 2402 1703 2434 a
1726 2385 1941 2449 quolibet

159 2469 309 2518 latere
330 2487 377 2518 x.
403 2474 554 2535 Caput
576 2476 718 2524 castri
740 2476 920 2525 doloris
944 2480 992 2525 et
1010 2476 1201 2536 lectice,
1227 2475 1315 2523 fuit
1336 2491 1500 2523 versus
1523 2474 1760 2538 capellam
1782 2490 1820 2521 s.
1851 2475 1941 2521 Pe-

161 2553 350 2602 tronille
376 2570 463 2617 per
487 2555 772 2616 ecclesiam3
797 2562 844 2605 et
866 2574 924 2605 ex
947 2558 1015 2605 eis
1040 2557 1101 2605 ad
1127 2557 1375 2605 columnas
1399 2561 1447 2604 et
1464 2571 1629 2603 muros
1652 2554 1810 2619 posita
1834 2554 1938 2602 fue-

159 2641 270 2685 runt
303 2653 438 2685 arma
470 2638 727 2688 cardinalis
761 2640 992 2700 defuncti,
1026 2641 1075 2688 in
1114 2640 1258 2689 cartis
1291 2639 1499 2704 depicta,
1536 2653 1741 2687 numero
1778 2654 1833 2686 cc
1867 2639 1941 2687 vel

159 2719 299 2779 ultra,
331 2721 462 2784 quod
494 2721 580 2770 fuit
612 2723 748 2772 valde
782 2724 1097 2787 superfluum.
1130 2723 1409 2772 Orationem
1443 2726 1553 2786 post
1590 2720 1789 2768 missam
1825 2719 1940 2768 fecit

158 2803 214 2848 D.
241 2802 454 2866 Baptista
483 2804 662 2853 Casalis
694 2809 957 2855 Romanus.
992 2809 1044 2854 ln
1076 2807 1224 2854 missa
1255 2810 1418 2855 autem
1450 2810 1498 2854 et
1527 2809 1635 2868 post
1668 2804 1716 2852 in
1744 2803 1939 2852 absolu-

157 2883 311 2946 tione,
345 2886 509 2935 omnia
544 2892 652 2936 acta
685 2893 795 2938 sunt
830 2905 964 2938 more
1007 2890 1165 2938 solito.
1204 2889 1360 2937 Finito
1395 2888 1575 2948 officio,
1612 2891 1939 2936 convenerunt

159 2973 440 3019 executores
467 2971 669 3036 predicti
698 2973 745 3020 in
778 2974 965 3038 capella
999 2973 1331 3037 exequiarium
1363 2978 1412 3022 et
1441 2972 1782 3022 ordinaverunt
1808 2969 1939 3034 quod

158 3050 358 3115 singulis
385 3053 572 3115 diebus,
604 3056 748 3104 etiam
775 3056 1047 3117 dominicis,
1073 3057 1413 3107 decantaretur
1443 3057 1573 3106 bono
1606 3070 1749 3103 mane
1779 3054 1828 3101 in
1856 3070 1937 3101 ca-

155 3133 283 3198 pella
296 3135 513 3198 predicta
529 3154 569 3185 S·
589 3141 846 3189 Petronille
869 3157 966 3189 una
983 3141 1132 3190 missa
1151 3158 1238 3205 pro
1260 3140 1499 3190 defunctis
1515 3155 1603 3204 per
1622 3136 1937 3186 beneficiatos

156 3221 203 3265 et
225 3216 425 3266 clericos
454 3218 646 3277 basilice
677 3224 892 3286 predicte
922 3228 968 3273 et
989 3224 1134 3272 etiam
1164 3224 1411 3273 canonicis
1439 3222 1676 3287 ejusdem,
1702 3220 1740 3267 si
1763 3219 1937 3267 vellent

154 3299 416 3360 interesse,
450 3303 578 3365 quod
611 3320 709 3352 non
748 3311 1040 3369 ponerentur
1073 3308 1234 3372 aliqua
1271 3306 1504 3356 intortitia
1545 3319 1691 3370 super
1727 3307 1937 3351 castrum

153 3382 359 3442 doloriS‚
394 3385 467 3434 vel
507 3387 634 3436 circa
665 3395 744 3437 ant
777 3389 919 3448 alibi;
958 3405 1049 3439 nec
1083 3391 1314 3440 darentur
1347 3390 1508 3453 aliqua
1546 3404 1633 3452 pro
1675 3385 1939 3436 elevatione
