2216 3886
223 339 331 380 [Anat
352 340 446 379 1499]
528 370 531 371 γ
666 339 835 376 RERUM
869 339 1170 377 URBANARUM
1204 341 1555 381 COMMENTARH.
1935 349 2004 384 549

285 442 511 500 sabbato,
539 445 564 490 3
588 443 796 506 augusti,
821 446 930 490 ante
954 443 1101 502 diem,
1129 445 1327 493 recessit
1349 461 1407 493 ex
1431 446 1557 495 Urbe
1583 450 1745 496 RmuS.
1775 451 1829 496 D.
1853 451 2006 498 cardi-

220 526 340 573 nalis
375 543 412 574 s.
445 526 675 582 Severini,
705 526 856 575 iturus
889 527 1214 576 Mediolanum
1245 545 1356 577 cum
1392 530 1518 578 bona
1547 531 1702 591 gratia
1731 536 1779 580 et
1810 533 2005 583 licentia

222 611 347 672 Pape
371 608 450 673 (1).

282 692 550 751 Dominica,
577 697 604 740 4
638 693 818 741 mensis
849 695 1056 757 augusti,
1083 698 1130 742 S.
1158 698 1211 743 D.
1238 699 1294 744 N.
1321 697 1433 745 fecit
1463 697 1805 746 consistorium
1837 715 2001 748 secre-

218 781 318 822 tum
350 776 410 823 ad
443 775 840 839 supplicationem
874 778 997 824 Rmi.
1034 780 1089 824 D.
1121 779 1376 827 cardinalis
1411 796 1449 828 s,
1486 781 1699 845 Dionysii
1727 781 1924 841 infirmi,
1950 783 1998 830 in

215 874 309 921 quo
339 859 469 907 idem
499 860 755 908 cardinalis
786 877 871 924 per
901 863 1087 908 certum
1123 867 1488 925 procuratorem
1526 879 1667 910 suum
1700 865 1845 912 cessit
1873 865 2000 928 regi—

215 943 333 991 mini
363 948 410 992 et
438 944 837 993 administrationi
873 961 958 992 seu
990 944 1276 994 commende
1306 945 1511 993 ecclesie
1545 947 1895 1007 Lombariensi,
1921 950 1997 996 cui

215 1028 416 1091 prefecit
444 1028 493 1075 in
526 1028 965 1076 administratorem
1001 1030 1083 1077 SS.
1123 1032 1179 1076 D.
1219 1033 1382 1077 noster
1417 1032 1471 1077 R.
1510 1032 1561 1077 P.
1598 1033 1654 1077 D.
1694 1031 1996 1095 Dionysium,

216 1111 416 1174 predicti
439 1111 695 1159 cardinalis
716 1117 962 1175 nepotem,
990 1126 1092 1170 seu,
1120 1117 1169 1159 ut
1190 1111 1269 1158 alii
1288 1111 1469 1172 dicunt,
1495 1112 1667 1161 filium.

280 1195 418 1242 Feria
462 1195 623 1255 tertia,
664 1199 690 1242 6
730 1195 909 1242 mensis
951 1195 1157 1258 augusti,
1195 1195 1322 1243 circa
1358 1195 1480 1243 hora
1519 1197 1690 1244 horam
1729 1214 1843 1258 xvn,
1881 1201 1998 1249 obiit

213 1283 379 1326 Rmus.
406 1280 453 1326 in
483 1279 670 1327 Christo
699 1282 750 1326 P.
776 1280 829 1325 D.
855 1278 1118 1337 Johannes,
1144 1278 1267 1325 tituli
1299 1295 1337 1326 s,
1365 1279 1542 1328 Sabine
1569 1281 1822 1346 presbyter
1841 1283 1999 1331 cardi-

212 1363 351 1421 nalis,
387 1380 426 1410 s.
462 1363 677 1426 Dionysii
712 1362 969 1424 vulgariter
1001 1366 1325 1425 nuncupatus,
1361 1363 1498 1427 cujus
1530 1364 1692 1411 anima
1725 1365 1996 1427 requiescat

210 1446 267 1505 in,
290 1462 411 1509 pace
445 1463 454 1494 :
491 1462 651 1494 amen.
687 1446 794 1493 Fuit
828 1445 918 1492 iste
950 1443 1206 1491 cardinalis
1246 1444 1294 1491 in
1328 1445 1642 1506 consistorio,
1677 1446 1753 1494 die
1786 1450 1991 1509 veneris,

214 1532 273 1577 26
296 1530 477 1578 mensis
503 1530 609 1594 julii
633 1530 850 1594 proxime
883 1527 1118 1591 preteriti,
1145 1528 1193 1575 in
1221 1544 1314 1591 quo
1344 1531 1397 1575 R.
1431 1531 1483 1576 P.
1518 1532 1574 1576 D.
1601 1529 1847 1578 Johannes
1880 1534 1995 1591 Fer-

213 1629 320 1662 rara
360 1614 541 1662 electus
579 1612 911 1678 Melphitensis
947 1612 1196 1660 absolutus
1236 1612 1323 1660 fuit
1362 1628 1390 1659 a
1421 1612 1611 1660 vinculo
1652 1629 1746 1676 quo
1787 1615 1991 1663 ecclesie

198 1694 516 1758 Melphitensi
542 1694 716 1758 ligatus
750 1701 869 1757 erat,
902 1702 949 1745 et
982 1697 1226 1760 prefectus
1255 1696 1460 1744 ecclesie
1490 1697 1776 1756 Arelatensi,
1807 1699 1865 1746 de
1897 1715 1991 1762 quo

213 1778 366 1826 dictus
395 1778 651 1826 cardinalis
673 1779 747 1826 cui
773 1796 859 1843 per
880 1782 963 1829 SS.
989 1783 1047 1827 D.
1074 1783 1130 1828 N.
1155 1781 1394 1844 promissa
1417 1781 1505 1828 fuit
1534 1781 1690 1844 prima
1716 1782 1923 1830 ecclesia
1944 1783 1991 1830 in

215 1877 364 1925 regno
403 1861 601 1910 Francie
636 1866 883 1923 vacatura,
916 1879 1003 1927 pro
1038 1879 1096 1912 eo
1130 1864 1259 1927 quod
1289 1865 1576 1912 commende
1612 1865 1817 1913 ecclesie
1850 1866 1992 1916 Viva-

213 1946 359 1994 riensi
389 1951 620 2005 cessaret,
645 1946 767 1994 adeo
798 1947 1016 1996 turbatus
1050 1952 1097 1995 et
1127 1953 1399 1997 commotus
1430 1950 1534 2009 fuit,
1564 1950 1708 2012 quod,
1735 1956 1992 2014 postquam

210 2046 236 2078 e
268 2030 555 2078 consistorio
595 2031 792 2078 domum
830 2030 987 2090 rediit,
1020 2031 1189 2079 invasit.
1233 2048 1345 2080 eum
1388 2033 1626 2093 alteratio,
1661 2039 1708 2081 et
1750 2050 1836 2098 pro
1868 2034 1993 2083 dicta

207 2115 492 2163 alteratione
531 2114 711 2162 vocavit
738 2114 1019 2177 magistrum
1051 2115 1294 2164 Andream
1335 2117 1477 2166 Vives
1516 2122 1563 2165 et
1595 2117 1903 2165 Theodorum
1932 2118 1990 2166 de

205 2198 515 2262 Cocleghein,
552 2197 766 2246 medices
801 2213 932 2257 suos,
967 2199 1048 2262 qui
1083 2199 1144 2256 ei,
1168 2200 1414 2248 dominica
1448 2205 1508 2249 28
1539 2201 1665 2265 julii,
1699 2201 1991 2250 medicinam

206 2283 326 2330 adeo
347 2282 603 2330 violentam
629 2281 1037 2341 ministraverunt,
1060 2283 1190 2346 quod
1218 2299 1329 2332 eum
1358 2301 1442 2332 xiv
1471 2285 1654 2333 vicibus
1684 2285 1744 2333 ad
1771 2290 1991 2349 egestum

206 2366 501 2428 provocavit,
539 2381 595 2412 ac
635 2364 776 2411 nimis
817 2364 1096 2424 debilitavit,
1138 2371 1184 2414 et
1226 2366 1413 2415 febrem
1458 2367 1660 2415 validam
1698 2369 1986 2431 provocavit.

206 2449 426 2507 Veneris,
457 2452 483 2495 2
517 2448 724 2512 augusti,
754 2448 987 2496 ordinavit
1021 2453 1365 2498 testamentum
1400 2467 1556 2499 suum.
1593 2451 1819 2511 Sabbato,
1846 2454 1872 2499 3
1903 2468 1989 2499 au—

208 2531 352 2591 gusti,
378 2531 426 2577 in
451 2547 626 2594 magno
654 2532 949 2594 paroxismo,
974 2532 1232 2580 celebravit
1260 2533 1308 2580 in
1339 2535 1524 2597 capella
1554 2535 1651 2582 sive
1682 2550 1877 2582 camera
1904 2551 1991 2584 sua

208 2614 402 2661 missam
424 2630 532 2662 cum
566 2630 743 2678 magna
769 2615 1039 2662 devotione.
1068 2616 1321 2664 Dominica
1344 2621 1390 2674 4,
1417 2616 1987 2665 cessit'administrationi

206 2712 308 2755 sue,
338 2702 386 2745 ut
417 2714 561 2761 supra
593 2698 706 2758 dixi,
738 2702 786 2746 et
816 2697 1003 2756 martis,
1036 2701 1063 2744 6
1092 2700 1299 2762 augusti,
1335 2705 1528 2764 recepto
1561 2705 1867 2749 sacramento
1904 2717 1987 2750 ex-

207 2784 356 2829 treme
394 2782 630 2830 unctionis
669 2782 976 2830 devotissime
1015 2787 1061 2829 et
1092 2781 1253 2830 anima
1292 2799 1378 2830 sua
1415 2800 1502 2846 per
1535 2784 1813 2832 sacerdotes
1853 2800 1989 2833 com-

206 2864 447 2924 mendata,
471 2882 595 2913 unus
619 2867 924 2915 sacerdotum
947 2882 1108 2914 coram
1132 2883 1189 2915 eo
1215 2867 1352 2930 juxta
1374 2869 1480 2932 ejus
1500 2868 1679 2918 lectum
1702 2869 1987 2934 genuflexus

205 2949 479 3012 passionem
515 2950 687 3015 [legit];
728 2951 808 3013 qui
842 2966 952 2998 cum
989 2951 1037 2998 iu
1074 2951 1284 3014 quodam
1321 2953 1465 3000 verbo
1501 2961 1727 3014 errasset,
1767 2955 1986 3003 cardina-

203 3031 283 3090 lis,
318 3033 397 3094 qui
437 3033 682 3096 loquelam
715 3034 965 3092 amiserat,
999 3050 1143 3082 manu
1183 3034 1383 3083 dextera
1418 3036 1607 3084 strinxit
1642 3038 1848 3101 legentis
1882 3054 1985 3086 ma-

206 3130 337 3174 num,
370 3120 420 3163 ut
459 3117 748 3181 intelligeret
788 3134 839 3166 se
876 3135 1092 3174 errassc;
1132 3124 1179 3166 et
1220 3120 1363 3182 paulo
1397 3124 1505 3181 post
1539 3120 1699 3167 emisit
1744 3121 1980 3183 spiritum.

209 3199 311 3253 Quo
343 3199 537 3257 emisso,
572 3216 662 3263 ego
692 3208 902 3254 vocatus,
930 3201 1017 3248 feci
1049 3217 1160 3250 eum
1195 3202 1358 3260 lavari,
1401 3203 1499 3249 radi
1543 3209 1591 3249 et
1624 3203 1782 3250 vestiri
1816 3208 1862 3251 et
1894 3205 1985 3252 alia

208 3281 265 3328 ad
296 3282 574 3343 huiusmodi
614 3290 900 3347 opportuna,
936 3289 983 3331 et
1015 3285 1074 3332 de
1103 3285 1445 3332 commissione
1484 3289 1796 3333 executorum
1836 3287 1984 3335 cedu—

254 3408 284 3442 1.
316 3422 331 3435 «ι
422 3417 485 3453 per
505 3418 633 3442 conzar
654 3406 685 3443 le
709 3419 812 3443 cosso
833 3407 867 3442 di
898 3407 951 3442 sui
974 3407 1099 3444 fratelli
1122 3420 1188 3443 con
1212 3408 1232 3442 il
1258 3419 1292 3442 re
1317 3407 1350 3442 ‹li
1374 3407 1508 3443 Franza
1529 3413 1564 3444 et
1587 3408 1617 3443 la
1638 3408 1850 3452 Signoria...
1879 3425 1893 3440 »
1917 3409 1981 3444 Sa-

208 3470 309 3505 nuto,
331 3470 356 3502 t.
381 3466 427 3511 ll,
446 3465 512 3502 col.
539 3465 642 3502 1049.
