2222 3926
299 350 369 395 2262
870 351 884 354 “’
907 351 1142 398 JO'H'A'NNIS'
1171 353 1484 407 BURCHARDL'-
1583 352 1590 386 ἱ
1616 353 1639 385 ’ἱ
1767 355 1770 357 ’
1813 355 2077 402 [sanvieriwfl]

939 729 1431 778 MCCCCLXXXXVI.

361 986 499 1037 Anno
519 982 711 1031 Domini
732 983 1226 1042 MCCCCLXXXXVI,
1250 982 1297 1030 in
1320 982 1443 1031 festo
1467 981 1855 1044 Circumcisionis
1878 979 2072 1046 Domini

294 1067 443 1114 nostri
465 1069 505 1114 J.
530 1066 722 1124 Christi,
746 1069 911 1113 RmuS.
940 1069 997 1114 D.
1023 1066 1278 1114 cardinalis
1300 1067 1358 1115 de
1384 1066 1568 1115 Ursinis
1590 1066 1848 1114 celebravit
1876 1064 2074 1113 missam

294 1151 563 1198 solemnem
586 1150 632 1196 in
655 1149 782 1198 dicta
800 1149 1000 1213 capella,
1028 1152 1156 1213 Papa
1183 1150 1409 1208 absente3
1441 1165 1719 1210 sermonem
1745 1149 1858 1197 fecit
1881 1148 2074 1212 quidam

293 1235 439 1282 frater
460 1233 640 1281 ordinis
663 1233 1040 1296 predicatorum,
1064 1237 1233 1283 Cetera
1258 1238 1369 1282 sunt
1390 1235 1642 1282 observata
1666 1249 1802 1281 more
1826 1233 1985 1282 solito.

358 1317 496 1366 Feria
514 1317 668 1375 tertia,
688 1322 713 1365 5
732 1317 955 1380 januarii,
972 1318 1131 1380 vigilia
1151 1318 1417 1382 Epiphanie
1436 1317 1646 1377 Domini,
1660 1318 1855 1366 fuerunt
1874 1332 2073 1381 vespere

294 1403 537 1451 solemnes
560 1402 608 1449 in
640 1401 823 1464 capella
843 1401 1076 1464 predicta.
1099 1405 1265 1450 Rmus.
1294 1404 1351 1449 D.
1377 1401 1632 1450 cardinalis
1655 1418 1693 1448 s.
1720 1401 1936 1466 Dionysii
1959 1401 2074 1449 fecit

295 1486 525 1543 officium,
551 1500 686 1533 more
710 1485 870 1533 solito.

359 1570 446 1617 DIe
479 1568 716 1632 sequenti,
742 1568 863 1615 festo
887 1567 1122 1630 ejusdem,
1148 1568 1277 1615 idem
1300 1572 1464 1616 Rmus.
1492 1571 1547 1616 D.
1574 1569 1828 1632 cardinalis
1856 1567 2072 1617 celebra-

288 1653 360 1715 ›vit
396 1653 594 1700 missam
635 1651 902 1709 solemnem
948 1650 996 1697 in
1039 1651 1237 1699 basilica
1279 1667 1317 1698 5.
1356 1652 1500 1711 Petri,
1537 1654 1665 1715 Papa
1699 1652 1806 1714 heri
1841 1656 1888 1700 et
1925 1651 2071 1699 hodie

294 1735 510 1783 absente.
538 1737 823 1782 Sermonem
849 1734 964 1781 'fecit
993 1735 1187 1797 quidam
1220 1730 1365 1783 frater
1391 1741 1675 1798 procurator
1702 1735 1881 1783 ordinis
1913 1750 2073 1782 servo-

294 1835 401 1867 rum
424 1820 564 1866 beate
587 1818 754 1865 MarIe.
779 1817 885 1865 Alia
906 1817 1157 1867 observata
1180 1823 1290 1866 sunt.
1311 1834 1446 1866 more
1469 1819 1628 1867 solito,

357 1902 497 1949 Feria
534 1904 718 1964 quarta,
743 1904 802 1948 20
833 1901 1060 1965 januarii,
1085 1901 1278 1964 quidam
1312 1902 1650 1951 malefactores
1685 1903 1967 1966 magistrum
1993 1905 2075 1952 Ja-

292 1987 509 2034 chettum
546 1984 729 2032 Ballum
753 1984 820 2050 (1)
846 1984 1126 2044 fornarium,
1161 1985 1415 2034 alliciendo
1443 1986 1584 2034 bonis
1611 1986 1784 2046 verbis,
1810 1987 2072 2035 asserendo

293 2071 380 2118 sibi
397 2075 584 2119 certum
605 2070 787 2117 honum
805 2084 1009 2132 granum
1032 2070 1326 2132 competenti
1347 2070 1502 2133 pretio
1523 2070 1819 2128 venditurOS,
1836 2070 1996 2133 ipsum
2014 2071 2075 2119 ad

291 2155 549 2218 quamdam
572 2155 770 2202 domum
792 2152 1033 2200 desertam
1054 2153 1103 2200 in
1125 2157 1288 2201 monte
1312 2153 1498 2201 Cavallo
1521 2154 1661 2201 sitam
1683 2154 2002 2217 adduxerunt,
2023 2155 2072 2202 in

290 2253 384 2299 qua
406 2236 521 2284 certi
554 2235 631 2282 alii
654 2251 820 2283 eorum
852 2237 1063 2284 consocii
1087 2240 1134 2284 et
1158 2240 1407 2285 consortes
1430 2237 1677 2285 constituti
1700 2237 1880 2301 dictum
1899 2238 2073 2301 magis-

291 2325 416 2367 trum
436 2319 710 2367 Jachettum
730 2325 839 2383 post
860 2319 1018 2367 aulam
1044 2320 1092 2366 in
1115 2336 1260 2368 unam
1285 2336 1527 2369 cameram
1549 2321 1809 2369 intrantem
1831 2320 2073 2369 hostiliter

294 2392 584 2462 invaserunt,
606 2403 835 2466 ligarunt,
862 2407 909 2451 et
935 2404 1165 2466 pecunias
1194 2420 1310 2467 quas
1338 2419 1502 2452 secum
1531 2403 1741 2452 habebat
1775 2405 2068 2464 auferentes,

293 2488 386 2535 duo
426 2487 574 2534 millia
614 2486 901 2534 ducatorum
940 2487 999 2535 ab
1040 2503 1096 2534 eo
1137 2487 1317 2536 habere
1355 2487 1622 2546 voluerunt,
1653 2503 1772 2552 quos
1812 2504 1920 2536 cum
1957 2488 2071 2555 dare

290 2575 490 2634 negaret
531 2570 739 2633 quinquo
782 2570 950 2618 dentes
992 2571 1261 2634 successive
1295 2571 1478 2619 malleo>
1516 2571 1726 2635 quodam
1762 2587 1820 2620 ex
1865 2587 1948 2620 ore
1988 2587 2072 2620 ex-

294 2658 565 2712 traxerunt,
618 2657 839 2701 tenentes
893 2670 1002 2702 eum
1052 2655 1101 2701 in
1143 2655 1425 2718 hujusmodi*
1469 2658 1654 2703 tortura
1702 2655 1893 2703 circiter
1938 2655 2071 2703 horis

293 2742 427 2795 octo;
461 2743 506 2784 et
536 2741 677 2785 nocte
708 2737 790 2784 illa
816 2737 973 2801 ipsum
1000 2738 1200 2801 ligatum
1235 2754 1380 2802 super
1407 2742 1534 2787 terra
1553 2738 1682 2786 nuda
1715 2744 1993 2788 tenuerunt.
2017 2741 2071 2787 In

292 2833 433 2865 mane
482 2820 717 2881 sequenti,
768 2821 927 2883 ip‘sum
978 2837 1130 2885 cappa
1171 2822 1377 2884 quadam
1422 2822 1633 2870 totaliter
1672 2822 1937 2870 involutum
1984 2823 2069 2887 de·-

295 2903 530 2949 duxerunt
565 2918 652 2965 per
685 2919 833 2950 unum
872 2909 1071 2967 pontem
1102 2905 1284 2953 Tiberis
1319 2905 1367 2952 in
1403 2905 1779 2970 Transtyberim.
1812 2907 1917 2968 lpse
1955 2921 2068 2953 vero

294 2985 493 3032 audiens
516 2985 749 3048 quosdam
771 2988 1085 3049 pertransire,
1109 2988 1222 3036 licet
1249 3005 1301 3036 os
1322 2988 1524 3036 haberet
1543 2987 1761 3051 ligatum,
1788 2988 2069 3037 exclamavit

293 3074 522 3132 quantum
552 3068 729 3132 pot-uit;
756 3084 814 3117 ex
835 3086 930 3133 quo
966 3072 1116 3118 territi
1142 3072 1477 3121 malefactores
1506 3087 1617 3119 eum
1651 3071 1715 3138 ibi
1735 3071 1890 3119 solum
1914 3071 2071 3119 dimit-

291 3157 447 3201 tentes
483 3152 775 3215 aufugerunt
805 3154 950 3201 celeri
972 3170 1133 3202 cursu.
1164 3156 1367 3204 Auditus
1395 3156 1541 3219 igitur
1561 3155 1793 3218 magister
1819 3155 2068 3203 Jachettus

292 3238 341 3284 in
363 3236 558 3283 domum
588 3252 723 3283 suam
756 3253 975 3286 reversus
998 3242 1086 3297 est,
1114 3239 1294 3287 relictis
1317 3244 1427 3303 post
1455 3255 1506 3287 se
1535 3239 1744 3302 quinque
1767 3239 1989 3287 dentibus
2020 3243 2069 3287 et

292 3319 482 3368 circiter
509 3320 678 3367 decem
711 3320 897 3367 ducatis
925 3320 1037 3366 suis.
1460 3331 1461 3334 ’
1843 3335 1845 3337 ·
1891 3335 1894 3337 ·

337 3491 370 3532 1.
396 3504 413 3522 ‹<
435 3488 574 3525 Gallum
598 3503 631 3529 >›,
652 3489 759 3533 5160,
782 3489 806 3528 s.
826 3490 908 3527 231.
932 3490 1079 3535 Eccard,
1102 3489 1169 3531 col,
1191 3491 1296 3528 2067.
