2216 3886
158 336 357 376 [Mai1498]
602 334 770 372 RERUM
805 333 1105 370 URBANARUM
1138 331 1487 369 COMMENTARH.
1873 332 1936 368 '165

162 437 547 486 Florentinorum
579 435 863 486 collocandi.
890 438 942 483 ln
966 434 1259 484 contrarium
1282 433 1589 492 facientibus,
1613 450 1708 481 non
1738 434 1933 481 obstan-

162 520 288 569 tibus
309 522 708 585 quibuscumque,
734 524 826 570 etc.
852 523 1025 568 Datum
1047 522 1216 578 Rome,
1243 522 1335 566 etc.
1361 517 1439 582 (1).

224 605 498 654 Alexander
520 622 644 670 papa
667 609 830 654 sextus
850 604 1028 652 dilecto
1051 604 1148 651 tilio
1171 603 1302 651 fratri
1329 602 1621 667 Hieronymo
1645 601 1934 651 Savonarole

159 690 218 739 de
240 691 474 749 Ferraria,
500 689 680 737 ordinis
700 688 1076 753 predicatorum.

225 772 412 821 Dilecte
442 772 528 832 fili,
562 773 765 822 salutem
793 777 840 822 et
866 771 1179 836 apostolicam
1207 770 1616 820 benedictionem.
1654 770 1786 818 Licet
1819 769 1936 817 ube-

162 857 257 904 rius
287 873 373 920 per
393 856 509 905 alias
529 856 694 905 literas
715 861 902 905 nostras
924 856 974 903 in
994 856 1148 904 forma
1177 855 1332 902 brevis
1360 855 1757 918 explicaverimus
1783 869 1936 917 quan-

164 943 263 986 tum
300 939 439 987 nobis
477 939 810 1003 displicuerint
847 938 1146 986 turbationes
1179 939 1437 999 presertim
1470 939 1604 986 istius
1635 937 1796 1001 populi
1830 936 1937 984 Flo-

162 1021 354 1080 rentini,
380 1026 428 1070 et
449 1036 508 1070 eo
529 1020 682 1085 magis
706 1020 836 1084 quod
865 1019 1122 1068 habuerint
1142 1024 1302 1068 ortum
1332 1037 1359 1068 a
1385 1020 1796 1084 predicationibus
1824 1018 1935 1076 tuis,

161 1105 274 1168 quia
305 1105 577 1164 conabaris,
613 1104 805 1152 omissis
834 1103 1057 1151 vitiorum
1086 1103 1483 1167 extirpationibus
1515 1109 1562 1152 et
1594 1102 1816 1151 laudibus
1851 1102 1940 1148 vir-

162 1193 336 1248 tutum,
361 1187 564 1252 publicis
584 1187 634 1235 in
662 1186 966 1236 sermonibus
992 1187 1150 1235 futura
1170 1187 1418 1250 predicere
1444 1187 1785 1250 affirmareque
1811 1190 1856 1234 te
1885 1202 1940 1233 ea

160 1274 387 1323 habuisse
408 1290 437 1322 a
455 1273 635 1322 lumine
660 1272 926 1321 eternitatis
946 1288 1002 1320 ac
1023 1271 1286 1335 inspirante
1316 1271 1491 1335 Spiritu
1517 1274 1682 1319 sancto
1708 1286 1718 1317 :
1743 1273 1942 1334 propter

159 1374 252 1421 que
286 1362 335 1406 et
362 1357 536 1405 similia
566 1356 809 1420 simplices
838 1356 1064 1404 homines
1094 1355 1285 1403 deviare
1317 1360 1516 1419 possent
1546 1371 1574 1402 a
1599 1354 1674 1402 via
1701 1353 1867 1402 salutis
1895 1356 1944 1400 et

160 1440 433 1489 obedientie
461 1445 628 1488 sancte
656 1455 855 1488 romane
883 1439 1115 1488 Ecclesie'.
1153 1439 1414 1488 Debuisses
1443 1438 1570 1487 enim
1592 1438 1753 1501 potius
1780 1435 1942 1500 predi-

156 1539 267 1573 care
294 1523 343 1571 in
363 1522 456 1570 tuis
474 1522 887 1587 predicationibus
915 1523 1147 1571 unionem
1169 1539 1225 1571 ac
1254 1539 1425 1588 pacem
1447 1539 1591 1586 quam
1620 1521 1802 1575 similes
1823 1536 1942 1584 quas

160 1607 328 1671 vulgus
349 1609 489 1654 vocat
513 1605 796 1670 prophetias
818 1610 921 1654 tuas
951 1606 1363 1671 divinationesque
1390 1607 1665 1671 predicare;
1692 1604 1942 1654 debuisses

160 1689 305 1738 etiam
331 1687 641 1738 considerare
670 1688 800 1752 quod
829 1689 1131 1738 conditiones
1160 1694 1436 1755 temporum
1457 1690 1773 1738 vehementer
1802 1704 1943 1752 repu-

159 1777 307 1837 gnant
335 1773 416 1822 tali
445 1773 663 1822 doctrine
695 1790 840 1837 quam
872 1773 921 1822 in
950 1774 1165 1823 medium
1195 1775 1356 1832 affers,
1390 1790 1484 1838 que
1518 1773 1767 1822 sufficeret
1797 1771 1942 1821 etiam

109 1884 114 1887 ·
158 1873 339 1922 ponere
357 1857 664 1916 discordiam,
690 1858 837 1905 etiam
869 1858 948 1905 ubi
971 1865 1100 1907 esset
1127 1874 1315 1907 summa
1341 1874 1452 1923 pax,
1475 1862 1654 1922 quanto
1683 1856 1839 1920 magis
1863 1856 1941 1903 ubi

159 1941 321 2005 vigent
362 1940 481 1990 tales
514 1940 779 1990 simultates
812 1946 859 1990 et
890 1942 1143 1991 factiones.
1184 1941 1456 1990 Periculum
1490 1942 1650 2004 itaque
1684 1939 1943 1988 multarum

159 2024 426 2072 animarum
449 2028 496 2073 et
516 2023 809 2073 desiderium
839 2029 1056 2074 nostrum
1078 2025 1252 2088 quietis
1280 2025 1430 2089 ipsius
1451 2024 1634 2088 populi,
1660 2027 1708 2072 et
1731 2027 1780 2071 ut
1806 2022 1944 2071 satis—

159 2108 435 2156 faceremus
457 2106 621 2155 officio
644 2111 809 2156 nostro
827 2108 1074 2171 pastorali,
1099 2108 1343 2157 adduxere
1370 2124 1459 2157 nos
1481 2113 1533 2156 ut
1554 2108 1615 2156 ad
1636 2112 1682 2155 te
1704 2107 1944 2156 scribere-

158 2206 284 2249 mus,
311 2206 402 2239 nec
424 2190 527 2238 sine
556 2194 747 2239 maturo
773 2191 975 2240 consilio
996 2192 1373 2241 decerneremus
1397 2192 1596 2240 omnino
1618 2196 1665 2240 te
1692 2206 1862 2239 vocare
1884 2189 1944 2238 ad

159 2289 264 2332 nos,
289 2278 341 2323 ut
371 2278 418 2323 te
444 2289 677 2339 purgares
698 2290 727 2323 a
746 2274 831 2322 tibi
860 2274 1125 2340 impositis3
1160 2292 1253 2340 que
1283 2276 1521 2340 profecto,
1555 2275 1593 2322 si
1620 2290 1734 2323 vera
1760 2278 1940 2332 essent,

159 2373 252 2406 non
284 2357 518 2406 deberent
546 2356 744 2422 impune
775 2360 999 2408 transire.
1037 2362 1158 2408 Cum
1188 2364 1351 2409 autem
1382 2360 1536 2423 nuper
1567 2357 1945 2407 intellexerimus

158 2441 220 2489 ab
247 2440 486 2504 aliquibus
510 2440 739 2490 fratribus
760 2443 936 2490 nostris
963 2448 1128 2492 sancte
1157 2435 1357 2492 romane
1380 2442 1596 2490 Ecclesie
1620 2441 1945 2490 cardinalibus

160 2528 208 2573 et
236 2539 323 2587 per
351 2523 516 2572 literas
550 2529 651 2572 tuas
684 2529 731 2573 et
759 2526 954 2574 nuntios
986 2526 1116 2590 quod
1143 2531 1335 2591 paratus
1371 2543 1422 2574 es
1451 2526 1498 2573 in
1530 2525 1754 2574 omnibus
1784 2541 1871 2588 per
1900 2528 1944 2572 tc

161 2607 300 2656 dictis
330 2607 404 2656 vel
433 2607 573 2656 factis
604 2607 846 2672 subjicere
876 2613 923 2657 te
954 2611 1246 2658 correctioni
1279 2615 1442 2658 sancte
1479 2624 1676 2657 romane
1708 2608 1941 2662 Ecclesie,

161 2690 289 2753 quod
323 2694 395 2739 est
425 2691 640 2739 officium
672 2689 784 2741 boni
819 2691 1067 2742 christiani
1102 2698 1148 2742 et
1180 2693 1390 2757 religiosi
1422 2692 1651 2752 hominis,
1685 2692 1944 2755 plurimum

159 2773 292 2823 letati
316 2790 502 2832 sumus,
534 2774 889 2839 incipimusque
910 2776 1205 2840 persuadere
1227 2777 1367 2824 nobis
1396 2793 1452 2824 ea
1475 2782 1520 2824 te
1550 2775 1827 2840 predicasse
1848 2791 1946 2823 non

162 2857 288 2906 malo
318 2858 499 2917 animo,
523 2858 608 2906 sed
624 2859 786 2923 potius
818 2859 1123 2924 simplicitate
1151 2860 1361 2924 quadam
1386 2865 1433 2909 et
1460 2860 1563 2908 zelo
1590 2859 1875 2924 proficiendi
1898 2859 1946 2906 in

163 2941 299 2991 vinea
331 2941 540 3002 Domini,
576 2942 688 2991 licet
717 2947 847 2992 certe
880 2944 1175 2992 contrarium
1211 2944 1509 3009 experientia
1544 2944 1731 2992 doceat.
1766 2946 1947 2992 Verum

163 3039 225 3073 ne
251 3024 503 3074 *videamur
535 3025 647 3074 talia
674 3027 867 3091 penitus
898 3027 1147 3092 negligere
1180 3044 1275 3092 que
1308 3028 1439 3076 nullo
1470 3032 1612 3092 pacto
1646 3032 1760 3075 suut
1794 3026 1947 3089 negli-

167 3107 341 3171 genda,
375 3107 673 3158 decrevimus
700 3110 876 3160 iterum
903 3110 965 3159 ad
990 3116 1037 3159 te
1069 3111 1301 3172 scribere,
1335 3116 1383 3160 et
1410 3111 1764 3176 respondentes
1796 3109 1947 3157 literis

167 3190 258 3238 tuis
299 3189 383 3239 tibi
419 3191 706 3241 mandamus
743 3194 792 3241 in
833 3194 1010 3243 virtute
1047 3199 1211 3244 sancte
1252 3195 1527 3244 obedientie
1571 3195 1700 3257 quod
1741 3193 1946 3256 amplius

167 3272 412 3322 abstineas
437 3274 634 3323 omnino
655 3275 714 3323 ab
735 3278 865 3325 omni
888 3276 1216 3342 predicatione
1238 3283 1336 3327 tam
1356 3278 1546 3342 publice
1571 3292 1717 3340 quam
1739 3280 1942 3330 secrete,

213 3396 250 3432 1.
279 3395 328 3432 Ce
355 3395 446 3442 bref,
473 3395 536 3445 qui
562 3396 657 3435 n‘est
682 3399 765 3436 date
786 3399 821 3436 ni
842 3400 933 3438 dans
962 3399 1014 3436 les
1043 3412 1134 3438 mss.
1163 3401 1200 3437 ni
1226 3401 1318 3437 dans
1350 3399 1402 3436 les
1432 3398 1616 3447 imprimes
1646 3398 1819 3435 d'Eccard
1844 3403 1880 3434 et
1905 3398 1948 3434 de

172 3453 348 3500 Leibnitz,
368 3470 386 3488 «
401 3454 513 3503 partit
532 3455 576 3493 de
594 3455 710 3494 Rome
730 3456 762 3494 le
775 3460 797 3495 8
817 3459 1022 3507 septembre
1038 3460 1128 3497 1496
1145 3457 1437 3508 ».V0y.vi11ari,
1455 3462 1479 3494 t.
1494 3458 1522 3503 Ι,
1544 3457 1567 3495 l.
1587 3458 1648 3503 ΙΙΙ,
1671 3460 1728 3494 ch.
1747 3470 1780 3502 v,
1797 3469 1832 3505 p.
1856 3457 1940 3493 432.

354 3551 386 3577 ¹r.
416 3551 454 3576 11.
1704 3543 1750 3576 30
