2202 3900
262 342 331 377 364
597 371 608 389 (
743 347 751 351 ”
784 349 787 351 ’
846 348 848 350 “
867 338 1100 376 JOHANNIS
1115 348 1118 349 ’
1133 338 1450 383 BURCHARDI,·
1814 338 1922 381 [Avril
1944 341 2037 379 1497]

264 445 466 504 cialiter,
501 444 694 507 dempto
725 445 863 490 Rmo.
897 445 952 489 D.
991 442 1231 490 cardinale
1260 439 1584 488 Alexandrino
1615 439 1694 501 qui
1720 440 1876 489 noluit
1904 443 2039 492 aliter

262 527 575 592 respondere,
599 525 850 574 remittens
879 523 1190 572 sevoluntati
1211 525 1339 585 Pape
1369 523 1445 570 cui
1467 523 1607 571 retuli
1628 523 1678 570 in
1697 524 1908 573 Minerva
1929 542 2039 575 sen-

264 612 464 661 tentiam
502 608 835 667 cardinalium,
876 607 950 654 cui
988 605 1222 668 acquievit
1258 608 1306 654 et
1339 606 1494 654 voluit
1523 609 2039 658 commemorationem

267 694 454 742 obmitti
476 698 524 741 et
543 693 740 740 missam
774 689 1073 753 simpliciter,
1105 689 1198 736 hoc
1226 692 1299 736 est
1329 688 1558 748 totaliter,
1584 689 1643 737 de
1666 691 2040 739 annunciatione

265 775 515 834 celebrari,
551 778 694 838 prout
726 773 908 820 factum
945 775 1033 820 est.
1071 771 1266 818 Missam
1293 771 1447 834 ipsam
1481 772 1741 821 celebravit
1774 775 1938 822 Rmus.
1981 777 2037 822 D.

266 858 521 908 cardinalis
557 856 816 905 Perusinus
848 871 857 902 :
886 857 1032 918 Papa,
1075 854 1198 903 facta
1222 854 1440 902 oratione
1474 861 1584 904 ante
1621 855 1787 916 altare,
1824 856 2042 920 deposito

266 940 500 1004 capucino
546 944 592 986 et
630 938 767 999 stola,
809 939 919 1002 quia
958 938 1046 986 fuit
1084 938 1205 986 forte
1238 943 1289 986 ut
1326 938 1491 986 debuit
1527 955 1634 988 esse
1671 940 1796 999 alba,
1836 946 2038 1001 retenta,

265 1024 452 1087 accepit
484 1022 705 1086 pluviale,
743 1022 860 1070 dixit
893 1021 1249 1069 confessionem
1283 1037 1394 1069 cum
1433 1022 1709 1071 celebrante
1748 1027 1796 1071 et
1828 1026 2044 1074 ascendit

265 1107 437 1154 solium
464 1124 473 1154 ι
495 1106 621 1153 facta
641 1110 714 1154 est
732 1106 821 1154 sibi
839 1121 926 1169 per
943 1104 1210 1153 cardinales
1234 1105 1525 1163 reverentia3
1553 1110 1599 1154 et
1619 1106 1711 1154 alia
1728 1122 1864 1156 more
1884 1108 2039 1157 solito.

266 1190 523 1254 Presbyter
545 1188 774 1237 assistens
806 1188 930 1236 sedit
957 1188 1006 1234 in
1026 1188 1133 1236 loco
1165 1203 1311 1251 super
1338 1188 1567 1248 scabello,
1599 1189 1648 1237 in
1680 1190 1799 1238 solio
1828 1193 1973 1254 Pape,
1999 1194 2047 1239 et

266 1278 392 1321 retro
424 1289 533 1321 eum
563 1272 735 1336 prelati
764 1271 1042 1320 assistentes
1070 1271 1130 1319 ad
1158 1271 1401 1319 sinistram
1433 1275 1578 1336 Pape.
1613 1273 1799 1321 Chorus
1819 1274 1866 1321 in
1891 1277 2045 1323 tOtum

266 1357 352 1404 fuit
372 1361 567 1420 paratus
590 1360 636 1404 et
658 1355 922 1415 ordinatus,
949 1359 1089 1418 prout
1110 1355 1159 1402 in
1181 1339 1508 1418 superioribus
1532 1356 1671 1403 annis
1696 1355 1869 1405 fuerat.
1895 1357 2048 1406 Finita

270 1440 434 1499 missa,
462 1443 508 1487 et
528 1439 642 1487 licet
665 1454 751 1502 per
780 1441 955 1502 Papam
984 1439 1094 1486 data
1120 1438 1476 1497 benedictione,
1507 1439 1762 1488 celebrans
1793 1440 2047 1503 publicavit

268 1523 533 1589 plenariam
573 1522 921 1586 indulgentiam
962 1538 1051 1585 per
1088 1524 1266 1584 Papam
1306 1521 1705 1570 interessentibus
1743 1538 2043 1581 concessam,

270 1624 357 1672 pro
391 1623 449 1656 eo
475 1607 603 1669 quod
635 1605 949 1669 indulgentie,
985 1621 1072 1668 per
1105 1605 1287 1652 Sixtum
1319 1607 1401 1652 IIII
1430 1621 1516 1668 pro
1549 1605 1626 1653 die
1660 1606 2047 1654 annunciationis

270 1695 503 1755 perpetuo
535 1705 784 1749 concesse,
815 1704 913 1736 non
946 1689 1211 1736 extendunt
1238 1704 1289 1736 se
1322 1688 1382 1735 ad
1414 1688 1542 1735 diem
1576 1687 1899 1736 translationis
1934 1688 2046 1735 dicti

273 1773 399 1822 festi.
426 1774 610 1821 Deinde
638 1775 785 1836 Papa
795 1776 842 1821 et
863 1771 1130 1820 cardinales
1159 1771 1434 1820 obtulerunt
1460 1770 1745 1819 fraternitati
1767 1786 1853 1834 pro
1874 1770 2046 1865 puellis

274 1857 573 1916 maritandis,
599 1872 732 1904 more
756 1855 913 1904 solito.

341 1940 494 1989 Credo
520 1942 697 2003 Papam
720 1939 951 1987 obtulisse
979 1938 1256 2002 quindecim
1285 1938 1484 1999 ducatos
1515 1939 1563 1986 in
1587 1953 1721 1998 auro,
1753 1942 1800 1987 et
1828 1939 1887 1986 ad
1915 1938 2049 1988 obla-

277 2026 457 2073 tionem
479 2023 795 2072 cardinalium
817 2039 914 2070 non
933 2023 1130 2070 adverti.

343 2108 555 2155 Adducte
592 2106 765 2155 deinde
796 2105 988 2153 fuerunt
1020 2122 1141 2154 xvni
1178 2106 1335 2170 puelle
1365 2105 1632 2154 maritande
1666 2120 1754 2168 per
1784 2108 2047 2163 matronas,

276 2207 410 2240 more
433 2191 590 2248 solito,
616 2205 726 2253 que,
751 2189 957 2252 receptis
980 2205 1008 2237 a
1027 2205 1172 2237 manu
1194 2189 1444 2237 camerarii
1466 2189 1574 2237 loco
1597 2191 1724 2251 Pape
1748 2187 2050 2251 porrigendis

277 2275 450 2334 bursis,
473 2274 648 2338 pedem
670 2276 797 2337 Pape
820 2277 930 2321 sunt
952 2273 1184 2321 osculate.
1208 2275 1329 2319 Tum
1353 2275 1500 2335 Papa,
1524 2271 1725 2320 ascenso
1748 2286 1890 2334 equo,
1916 2270 2051 2333 equi-

278 2357 503 2423 tavitrper
529 2357 651 2404 viam
685 2357 743 2405 de
770 2356 988 2404 Maximis
1020 2372 1107 2419 per
1135 2357 1366 2418 Campum
1397 2355 1554 2412 Flore,
1586 2359 1716 2403 recta
1740 2346 1818 2402 via
1834 2354 1894 2401 ad
1919 2353 2052 2417 pala-

283 2442 415 2489 tium.
442 2443 546 2488 Dux
568 2445 615 2488 et
641 2439 953 2488 Gundisalvus
970 2439 1262 2510 equitarunt,
1279 2442 1328 2486 ut
1344 2437 1495 2501 priuS‚
1520 2441 1629 2485 ante
1651 2439 1849 2500 Papam.
1875 2438 2053 2483 Omnes

280 2524 563 2583 cardinales,
588 2523 875 2587 pertransito
899 2527 1044 2586 ponte
1067 2538 1107 2569 s.
1130 2521 1321 2584 Angeli,
1353 2523 1481 2584 Papa
1500 2520 1759 2569 licentiavit
1786 2518 2053 2568 cardinales

265 2609 359 2672 ,qui
379 2608 627 2656 redierunt
648 2607 708 2654 ad
728 2606 923 2666 Urbem,
949 2606 1149 2668 quisque
1171 2605 1232 2652 ad
1252 2604 1449 2652 domum
1471 2619 1626 2652 suam.

348 2692 671 2739 Interfuerunt
697 2705 763 2737 xx
790 2689 1076 2746 cardinales,
1107 2688 1329 2735 videlicet
1359 2704 1369 2736 ε
1401 2687 1759 2750 Neapolitanus,
1791 2702 1830 2734 s.
1863 2686 2053 2749 Angelis,

283 2773 642 2833 Recanatensis,
676 2789 714 2820 s.
749 2772 1027 2830 Clementis,
1067 2770 1358 2829 Parmensis,
1394 2772 1778 2827 BeneventanuS,
1815 2769 2052 2832 episcopi;

284 2875 322 2905 s.
351 2856 596 2915 Praxedis,
622 2872 660 2903 s.
687 2856 919 2920 Dionysii,
943 2853 1312 2912 Alexandrinus,
1337 2853 1663 2916 Segobiensis,
1694 2851 2053 2915 Agrigentinus,

286 2940 563 2998 Perusinus,
600 2938 891 3002 presbyteri;
930 2937 1176 2995 Senensis,
1211 2936 1532 2994 Camerarius,
1570 2934 1806 2994 Sabellus,
1842 2933 2057 2984 Valenti-

284 3040 390 3083 nus,
415 3022 686 3081 CesarinuS,
711 3021 983 3078 Grimanus,
1014 3019 1268 3067 Farnensis
1291 3023 1339 3066 et
1367 3018 1557 3081 Borgia,
1583 3017 1792 3065 diaconi.

353 3107 561 3155 Sabbato
582 3106 630 3153 in
652 3104 789 3163 albis,
820 3108 836 3151 1
865 3102 1043 3167 aprilis,
1066 3104 1122 3149 R.
1145 3103 1197 3149 P.
1222 3102 1278 3148 A.
1302 3101 1557 3159 Antonius,
1583 3100 1837 3164 episcopus
1863 3099 2059 3148 Luceri-

285 3206 394 3248 nus,
418 3189 650 3252 magister
682 3187 863 3251 capelle
894 3190 1076 3245 nostre,
1106 3184 1363 3233 celebravit
1389 3184 1584 3232 missam
1620 3184 1909 3243 solemnem,
1936 3198 2061 3247 papa

287 3277 547 3337 presente:
571 3272 694 3319 infra
727 3269 967 3318 actionem
991 3268 1073 3334 (1),
1098 3267 1373 3331 capellanus
1403 3283 1514 3315 suus
1544 3267 1775 3316 assistens
1806 3266 1980 3316 defecit
2003 3274 2060 3314 'ex

331 3395 364 3430 1.
393 3392 488 3428 Telle
509 3397 565 3428 est
592 3392 746 3437 lalecon
767 3393 815 3428 du
842 3404 932 3428 mss.
955 3392 1000 3428 de
1027 3392 1212 3436 Florence,
1236 3390 1316 3436 150,
1345 3390 1406 3427 fol.
1435 3389 1472 3434 3,
1494 3402 1527 3427 v.
1552 3390 1600 3425 Ie
1631 3389 1751 3437 Chigi,
1774 3389 1918 3434 L.112,
1945 3387 1970 3424 f.
1998 3387 2058 3427 29,

287 3454 438 3488 donne:
461 3454 501 3488 in
521 3453 694 3497 factione,
716 3451 749 3488 le
768 3451 916 3489 5522..3
943 3450 1002 3488 fol.
1024 3451 1084 3495 28,
1106 3463 1140 3487 v.
1163 3450 1313 3486 donne.
1335 3451 1375 3485 in
1394 3451 1623 3494 fractionem.
1651 3482 1656 3484 .
