2216 3886
354 354 423 389 556
960 350 1192 386 JOHANNIS
1221 349 1515 395 eunomiani,
1905 352 2006 394 [Aoni
2028 355 2118 395 1499]

354 456 609 504 cardinalis
642 453 947 501 Alexandrini
982 458 1026 499 et
1060 451 1198 499 electi
1236 450 1466 507 Estensis,
1504 454 1815 499 executurum
1850 456 2122 502 testamenti

358 541 480 587 bone
518 536 752 585 memorie
793 534 1003 597 episcopi
1038 532 1352 580 pisauriensis
1392 532 1615 582 intimare
1650 533 1740 582 feci
1781 535 2007 597 exequias
2042 554 2126 601 per

354 622 575 669 cedulam
597 617 870 666 cursoribus
893 616 1070 672 datam,
1093 615 1228 678 cujus
1251 620 1390 663 tenor
1408 620 1479 664 est
1498 616 1605 664 talis
1631 634 1639 664 :

420 706 484 750 Ex
502 705 636 766 parte
660 699 782 748 Rmi.
809 702 866 746 D.
890 697 1144 746 cardinalis
1166 697 1473 745 Alexandrini
1492 705 1539 747 et
1557 703 1610 747 R.
1638 703 1688 747 P.
1716 704 1771 748 D.
1796 702 1937 751 electi
1961 706 2125 753 Esten-

352 788 433 845 sis,
468 788 779 833 executorum
811 780 1084 830 testamenti
1115 781 1240 827 bone
1268 782 1501 831 memorie
1534 784 1746 847 episcopi
1784 785 2118 846 Pisauriensis,

353 866 625 916 cancellarii
649 865 909 928 apostolice
931 862 1160 926 regentiS‚
1186 862 1432 911 intimetur
1462 867 1653 913 RRmis.
1681 870 1780 915 DD.
1807 868 2126 918 cardinalibus

358 956 403 1000 et
432 951 534 998 aliis
562 950 684 998 infra
711 947 916 1011 scriptis,
946 946 1150 1010 qualiter
1181 946 1258 993 die
1289 948 1519 1008 crastina,
1546 965 1639 1012 que
1669 951 1758 998 erit
1783 967 1861 998 xxi
1891 954 2126 1015 presentis

356 1035 535 1083 mensis
557 1033 747 1097 augusti
767 1032 884 1080 fient
906 1030 1107 1093 exequie
1139 1030 1249 1078 dicti
1277 1031 1490 1094 episcopi
1516 1033 1830 1081 Pisauriensis
1852 1034 1899 1081 in
1923 1036 2126 1084 ecclesia

353 1119 401 1166 b.
427 1117 574 1165 Marie
606 1117 664 1164 de
696 1116 896 1179 Populo,
922 1116 1040 1163 hora
1066 1113 1237 1171 X11‚ad
1265 1129 1381 1176 quas
1414 1114 1504 1177 ipsi
1541 1115 1704 1162 RRmi.
1732 1118 1829 1163 DD.
1857 1117 2126 1167 cardinales

355 1199 613 1262 dignentur
632 1197 821 1245 mittere
847 1196 1068 1255 familias,
1094 1197 1171 1244 alii
1199 1200 1358 1245 autem
1386 1198 1702 1260 personaliter
1728 1199 1909 1247 venire.
1932 1200 2125 1249 Missam

355 1282 614 1330 celebravit
645 1284 698 1328 R.
735 1284 785 1328 P.
819 1283 875 1327 D.
909 1281 1039 1328 Titus
1071 1280 1322 1343 episcopus
1354 1282 1646 1341 Castrensis;
1681 1283 1950 1339 orationem
1981 1283 2123 1332 faciet

354 1365 645 1428 Augustinus
668 1365 726 1412 de
745 1364 1047 1423 Alexandria,
1074 1363 1253 1410 ordinis
1276 1380 1314 1411 s.
1340 1364 1608 1427 Augustini.

419 1447 607 1494 RRmis.
640 1450 739 1495 DD.
772 1446 1091 1496 cardinalibus
1126 1462 1164 1492 s.
1194 1445 1436 1505 Praxedis,
1472 1464 1510 1494 s.
1544 1449 1724 1507 Crucis,
1758 1451 2001 1512 Capuano,
2039 1453 2126 1498 Se-

353 1531 555 1590 nensi,s.
583 1531 802 1594 Georgii3

419 1614 794 1673 Referendariis,

422 1699 784 1750 Protonotariis,

421 1782 710 1841 Correctori,

421 1865 819 1913 Sollicitatoribus
839 1865 1107 1912 litterarum
1130 1865 1521 1928 apostolicarum,

417 1948 657 2011 Magistris
678 1948 877 2011 plumbi,

420 2031 741 2079 Bullatoribus
763 2036 810 2080 et
831 2033 1167 2081 collectoribus
1189 2033 1390 2096 plumbi,

417 2115 730 2163 Auditoribus
750 2119 847 2164 tam
870 2116 928 2165 de
949 2131 1093 2180 parco
1115 2116 1430 2180 registrorum
1452 2132 1594 2180 quam
1612 2117 1733 2175 aliis,

418 2198 624 2246 Notariis
643 2199 819 2262 palatii,

417 2281 838 2329 Abbreviatoribus
861 2285 956 2328 tam
978 2282 1036 2330 de
1058 2297 1203 2346 parco
1222 2283 1394 2346 majori
1415 2299 1558 2346 quam
1581 2283 1703 2342 aliis,

421 2365 813 2412 Procuratoribus
836 2366 1258 2413 contradictarum.

418 2449 556 2496 Feria
580 2453 763 2511 quarta,
791 2452 843 2496 21
874 2449 985 2497 dicti
1008 2450 1188 2498 mensis
1215 2451 1420 2513 augusti,
1446 2451 1608 2498 habite
1638 2455 1745 2498 sunt
1775 2452 1975 2515 exequie
1997 2452 2123 2501 bone

353 2532 585 2580 memorie
604 2533 817 2595 episcopi
832 2533 1146 2581 Pisauriensis
1160 2534 1207 2580 in
1221 2534 1485 2582 ecclesiab.
1501 2534 1650 2582 Marie
1667 2535 1725 2582 de
1740 2535 1938 2598 Populo,
1955 2536 2125 2598 quibus

353 2616 566 2663 interfuit
583 2619 744 2663 Rmus.
763 2616 1014 2663 cardinalis
1031 2618 1085 2663 D.
1101 2616 1452 2664 Alexandrinus
1471 2620 1517 2665 et
1528 2617 1690 2680 plures
1703 2618 1873 2680 prelati
1887 2623 1934 2666 et
1949 2618 2127 2667 officia-

318 2727 322 2731 -
350 2700 419 2747 les
443 2699 643 2747 invitati.
666 2699 858 2746 Missam
883 2699 994 2747 fecit
1025 2699 1172 2747 frater
1193 2703 1402 2747 Joannes
1427 2700 1717 2763 Augustinus
1740 2701 1799 2749 de
1819 2701 2120 2751 Alexandria.

355 2784 490 2829 Circa
510 2783 739 2830 feretrum
761 2783 855 2830 sive
878 2783 1161 2830 catalectum
1185 2783 1377 2831 fuerunt
1397 2783 1553 2846 posita
1572 2784 1804 2832 intortitia
1822 2801 1937 2833 xxw
1951 2790 1998 2832 et
2014 2785 2121 2843 alia,

352 2866 490 2928 juxta
511 2865 730 2912 cedulam
758 2865 1067 2912 ordinationis
1089 2881 1195 2913 mee
1221 2866 1441 2928 superius
1473 2865 1794 2928 descriptam;
1825 2868 2125 2916 funestorum

355 2949 547 2995 fuerunt
567 2964 661 2995 xiv.
685 2951 846 2995 Rmus.
871 2948 1122 2995 cardinalis
1151 2948 1271 2996 sedit
1303 2948 1350 2994 in
1374 2948 1526 2996 banco
1551 2949 1795 2998 eminente
1819 2967 1928 2998 cum
1952 2951 2126 3015 spalle-

353 3031 424 3078 ria
452 3036 496 3078 et
529 3031 736 3078 scabello
764 3031 917 3093 posito
939 3031 1075 3093 juxta
1101 3046 1309 3089 murum,
1334 3031 1482 3090 soluS,
1506 3032 1640 3094 juxta
1675 3033 1969 3082 credentiam
2001 3035 2127 3083 cele-

355 3114 554 3172 brantis,
579 3113 637 3161 ab
665 3114 813 3164 altare
842 3114 1031 3173 minori,
1057 3114 1115 3160 ad
1142 3114 1388 3162 dexteram
1418 3114 1603 3162 habens
1634 3116 1799 3176 altare,
1829 3122 1877 3166 et
1905 3117 1966 3165 ad
1992 3118 2127 3165 sinis-

356 3202 477 3244 tram
509 3197 788 3245 sacristiam.
814 3199 853 3243 A
880 3197 974 3245 fine
1003 3197 1140 3244 banci
1163 3198 1233 3244 sui
1262 3198 1416 3261 posita
1447 3198 1638 3247 fuerunt
1662 3201 1720 3248 ad
1751 3201 1855 3263 ejus
1885 3200 2125 3248 sinistram

355 3295 437 3327 sex
467 3280 611 3343 longa
639 3296 835 3328 scamna
864 3295 950 3344 pro
980 3280 1203 3343 prelatis;
1228 3281 1274 3327 in
1304 3280 1395 3327 illis
1425 3281 1648 3330 sedentes
1678 3283 1926 3331 vertebant
1954 3282 2123 3330 faciem

356 3363 488 3410 altari
523 3364 693 3426 maj0ri
729 3368 773 3411 et
808 3379 947 3410 renes
979 3364 1211 3412 sacristie.
1242 3363 1375 3412 Dicte
1411 3369 1516 3411 sunt
1551 3382 1609 3413 xc
1642 3367 1804 3414 misse.
1831 3366 1934 3414 Alia
1967 3366 2126 3414 omnia

362 3460 494 3492 more
518 3445 655 3493 solito
679 3452 785 3493 sunt
809 3447 1072 3494 observata.
