2202 3926
153 345 260 384 [Mars
283 345 376 384 1493]
603 342 775 379 RERUM
810 341 1116 384 URBANARUM
1149 341 1502 380 COMMENTARH.
1896 346 1942 381 49

153 461 351 494 crucem
385 461 531 509 quam
562 445 767 510 portavit
792 447 848 493 D.
878 447 932 492 B.
965 445 1202 493 Gambara
1233 444 1578 503 subdiaconus,
1602 452 1942 508 precesserunt

151 545 357 594 magnus
388 531 569 578 Turcus
599 545 627 578 a
651 529 830 578 dextris
861 533 906 577 et
932 528 1179 577 Johannes
1215 528 1410 591 Borgia,
1448 527 1544 576 dux
1578 528 1777 586 Candie,
1816 529 1941 577 tilius

153 617 298 678 Pape,
329 630 356 663 a
384 614 606 675 5111151115,
641 618 752 663 61116
786 629 837 662 56
864 613 1052 661 habens
1078 612 1242 677 plures
1269 615 1533 673 Mauretos,
1556 612 1812 661 mantellos
1831 629 1943 661 suos

153 698 368 747 diversos
389 702 499 747 ante
520 714 577 747 66
604 698 740 762 equis
761 698 993 746 ferentes.

214 783 354 831 Feria
399 782 583 846 quinta,
622 787 646 830 7
691 782 870 842 martii,
907 781 1087 830 festum
1132 798 1171 829 5.
1218 781 1402 830 Τ1101116
1446 781 1504 830 de
1541 781 1754 846 Aquino,
1798 785 1854 830 R.
1895 782 1944 830 in

150 866 342 915 Christo
379 869 433 914 P.
466 869 521 914 D.
550 866 701 925 Titus,
730 865 987 929 episcopus
1021 865 1309 923 Castrensis,
1337 865 1599 914 celebravit
1630 866 1831 914 missam
1864 882 1943 915 50-

146 950 362 999 lemnem
382 950 432 998 in
453 949 660 998 ecclesia
682 949 824 997 beate
852 949 1001 997 Μ6116
1025 949 1238 996 Minerve
1261 949 1310 995 in
1338 949 1635 1012 paramentis
1662 949 1802 1009 albis,
1825 950 1944 999 dixit

151 1050 296 1084 unam
318 1033 606 1091 orationem,
633 1035 833 1078 cantans
858 1047 868 1078 :
898 1029 1059 1078 Gloria
1086 1031 1136 1078 in
1163 1030 1355 1078 excelsis
1374 1034 1421 1079 et
1446 1031 1596 1080 Credo
1623 1049 1632 1080 :
1663 1048 1942 1082 sermonem

150 1118 283 1176 16611,
307 1121 354 1166 61
371 1119 481 1181 post
502 1114 821 1179 evangelium,
846 1117 904 1162 D.
930 1113 1214 1162 Dominicus
1231 1113 1425 1178 Crispus
1448 1114 1774 1176 Pistoriensis,
1800 1118 1944 1167 scuti-

151 1202 224 1250 ser
250 1200 374 1248 Rmi.
401 1203 458 1248 D.
481 1198 737 1247 cardinalis
764 1197 943 1246 Montis
963 1197 1173 1261 RegaliS,
1197 1196 1246 1244 in
1268 1213 1421 1262 cappa
1443 1215 1578 1248 more
1605 1200 1763 1249 solito.
1791 1204 1944 1250 Inter-

147 1284 343 1332 fuerunt
374 1299 434 1331 xv
469 1281 758 1340 cardinales,
792 1281 1010 1330 videlicet
1045 1298 1054 1329 :
1089 1280 1431 1345 Neapolitanus
1471 1287 1518 1331 et
1559 1283 1940 1334 Rechanatensis

143 1367 389 1432 episcopi;
433 1365 714 1423 Januensis,
761 1364 819 1413 de
867 1365 1158 1424 Comitibus,
1203 1366 1500 1426 Parmensis,
1545 1370 1937 1429 Beneventanus,

140 1468 179 1499 s.
216 1451 502 1510 Anastasie,
544 1450 723 1498 Montis
768 1449 958 1514 Regalis
1005 1454 1054 1498 et
1099 1450 1302 1497 Ursinus
1338 1451 1608 1515 presbyteri
1631 1468 1640 1511 ;
1689 1454 1938 1513 Senensis,

142 1551 181 1582 5.
216 1533 433 1598 Georgii,
459 1532 700 1591 8611611115,
725 1533 979 1593 Columna,
1009 1531 1433 1582 vicecancellarius
1458 1539 1506 1584 et
1530 1552 1569 1583 5.
1604 1537 1817 1586 Severini
1839 1538 1942 1586 dia-

144 1618 256 1667 coni
281 1636 291 1676 ;
317 1622 364 1666 61
384 1621 492 1682 post
513 1616 761 1664 banchum
782 1616 1177 1681 presbyterorum
1198 1616 1518 1666 cardinalium
1534 1619 1622 1667 fuit
1643 1620 1771 1668 aliud
1790 1636 1943 1669 scam-

146 1717 263 1750 num
297 1701 493 1750 bassum
519 1701 837 1749 intraversum
860 1715 1012 1764 usque
1037 1699 1097 1747 ad
1125 1700 1321 1760 ostium,
1350 1701 1399 1749 in
1421 1718 1516 1766 quo
1539 1703 1663 1752 sedit
1686 1704 1941 1768 episcopus

145 1784 524 1843 Lombariensis,
571 1789 735 1833 orator
766 1784 894 1848 regis
926 1785 1144 1844 Francie,
1181 1789 1227 1832 et
1259 1790 1369 1849 post
1398 1802 1510 1835 eum
1545 1787 1941 1853 archiepiscopus

141 1869 440 1919 Viennensis
481 1883 540 1917 ex
578 1868 824 1916 voluntate
868 1871 925 1916 D.
956 1868 1259 1932 Neapolitani
1300 1874 1349 1917 et
1390 1871 1640 1931 Senensis,
1675 1872 1755 1935 qui
1798 1872 1942 1937 primi

147 1940 402 2011 venerunt,
433 1956 481 2000 et
510 1966 622 1999 cum
653 1951 722 1999 eis
753 1951 925 2015 prelati
955 1951 1180 2014 predicti,
1212 1967 1274 2000 ne
1296 1951 1399 2014 ipse
1426 1954 1786 2003 Lombariensis
1809 1956 1940 2004 solus

144 2040 289 2084 esset.
333 2037 448 2083 Post
476 2033 722 2083 banchum
757 2034 1073 2082 diaconorum
1112 2034 1324 2098 positum
1357 2035 1448 2082 fuit
1485 2035 1642 2085 simile
1681 2053 1937 2085 scamnum

144 2134 297 2183 usque
321 2118 382 2167 ad
399 2118 577 2167 ostium
597 2133 686 2182 pro
709 2118 934 2166 omnibus
954 2117 1108 2177 laicis,
1127 2117 1176 2165 in
1197 2133 1294 2181 quo
1314 2118 1438 2167 sedit
1459 2122 1516 2168 D.
1537 2122 1707 2169 Petrus
1730 2121 1933 2181 Queich‚

141 2210 304 2253 orator
343 2203 534 2253 comitis
576 2202 805 2262 Palatini3
846 2204 950 2263 sed,
991 2203 1127 2252 finito
1169 2203 1417 2267 evangelio
1459 2220 1548 2268 pro
1590 2220 1816 2254 sermone
1851 2222 1937 2254 au-

145 2287 338 2348 diendo,
364 2287 483 2336 certi
516 2286 707 2351 prelati,
738 2287 819 2351 qui
852 2287 1031 2336 ibidem
1063 2291 1199 2335 extra
1238 2287 1511 2335 cancellum
1542 2293 1695 2348 erant,
1729 2305 1937 2353 quorum

143 2372 329 2436 aliquos
358 2371 529 2421 sedere
557 2371 652 2419 feci
678 2375 788 2435 post
817 2371 1102 2435 episcopum
1131 2376 1393 2431 oratorem,
1419 2377 1467 2419 et
1495 2372 1933 2437 archiepiscopum,

142 2457 262 2504 alios
283 2460 394 2521 post
414 2459 473 2504 D.
499 2458 698 2504 Petrum
718 2455 904 2511 Queich
921 2456 1181 2520 prefatum,
1206 2455 1287 2518 qui
1307 2455 1375 2503 sic
1397 2462 1680 2504 manserunt
1704 2473 1855 2521 usque
1876 2457 1937 2505 ad

142 2542 288 2590 finem
313 2541 461 2589 officii
487 2557 496 2588 :
523 2540 778 2588 incensum
810 2546 858 2588 et
878 2557 1051 2605 pacem
1072 2557 1171 2590 non
1193 2540 1303 2588 dedi
1331 2545 1466 2590 extra
1493 2541 1694 2589 chorum
1723 2542 1937 2590 cardina-

138 2626 275 2686 lium,
299 2625 410 2688 quia
436 2625 486 2673 in
511 2625 660 2673 choro
697 2624 901 2672 fratrum
931 2625 1050 2673 nulli
1080 2624 1154 2673 vel
1175 2624 1317 2689 pauci
1344 2624 1516 2689 prelati
1543 2629 1697 2672 erant.
1730 2625 1931 2690 Dispoto

140 2714 249 2773 post
275 2710 496 2758 ultimum
529 2709 829 2758 cardinalem
858 2711 1000 2759 stanti
1022 2725 1120 2758 non
1142 2709 1253 2759 dedi
1277 2710 1548 2766 incensum,
1575 2722 1792 2756 errorem
1818 2723 1934 2771 erga

141 2809 287 2856 quem
320 2809 399 2841 me
433 2792 606 2842 deinde
635 2793 875 2842 excusavi.
908 2796 1139 2843 Cantores
1168 2793 1352 2858 capelle
1380 2797 1545 2842 nostre
1576 2807 1675 2851 non
1701 2790 1933 2839 interfue-

141 2882 267 2925 runt.
291 2877 398 2925 Alia
419 2876 674 2926 observata
695 2881 806 2925 sunt
826 2894 963 2927 more
986 2878 1145 2927 solito.
1172 2877 1329 2925 Finita
1351 2877 1500 2925 missa
1521 2880 1569 2925 et
1592 2875 1931 2924 benedictione

141 2977 228 3024 per
241 2962 523 3026 episcopum
546 2962 875 3012 celebrantem
891 2964 1018 3025 data,
1038 2981 1136 3012 non
1153 2965 1349 3012 fuerunt
1369 2962 1611 3028 publicate
1632 2961 1930 3025 indulgentie

143 3044 254 3107 quia
281 3045 330 3099 in
359 3045 505 3094 valvis
536 3046 742 3097 ecclesie
777 3048 1020 3112 publicate
1053 3049 1248 3097 fuerunt
1274 3047 1490 3112 plenarie
1523 3063 1611 3111 per
1638 3045 1931 3095 affictionem

145 3129 390 3181 schedule.

212 3216 463 3266 Dominica
503 3218 647 3266 tertia
679 3216 1069 3281 quadragesime,
1107 3219 1164 3264 10
1190 3215 1369 3275 martii,
1401 3218 1456 3262 R.
1491 3214 1540 3262 in
1575 3214 1764 3264 Christo
1794 3217 1845 3262 P.
1869 3216 1925 3261 D.

142 3298 385 3358 Nicolaus,
433 3301 828 3365 archiepiscopus
858 3299 1172 3358 Arelatensis,
1214 3301 1298 3347 SS.
1337 3302 1395 3347 D.
1435 3301 1491 3347 N.
1523 3314 1646 3362 pape
1676 3298 1925 3353 6551516115,

144 3382 406 3432 celebravit
441 3383 643 3430 missam
666 3383 909 3447 publicam
943 3382 992 3429 in
1022 3382 1206 3447 capella
1243 3387 1494 3443 consueta,
1526 3386 1654 3447 Papa
1681 3388 1925 3446 presente.

144 3470 250 3516 Non
279 3467 367 3516 fuit
395 3482 555 3516 sermo
590 3468 702 3530 quia
730 3474 1012 3532 procurator
1048 3466 1230 3516 ordinis
1259 3466 1567 3514 eremitarum
1603 3483 1641 3513 5.
1675 3463 1928 3529 Augustini

333 3575 366 3599 T.
395 3575 432 3598 11.
1717 3558 1737 3593 4
