2202 3926
294 315 360 350 104
914 310 1145 346 JOHANNIS
1181 311 1476 352 BURCHARDI.
1851 309 1960 349 [Avril
1984 311 2078 349 1494]

295 417 359 464 sis
380 416 556 474 martii,
583 417 666 464 SS.
693 418 750 463 D.
777 418 944 462 noster
965 419 1161 477 paratus
1186 429 1322 461 more
1345 414 1485 461 solito
1508 411 1932 477 processionaliter
1952 412 2080 460 venit

295 500 353 549 ad
375 499 623 548 basilicam
651 515 690 546 5.
726 497 876 556 Petri,
900 497 981 544 ubi
1010 496 1269 545 celebravit
1303 500 1468 543 Rmus.
1495 499 1551 543 D.
1583 493 1838 542 cardinalis
1865 494 2083 558 Neapoli-

297 589 463 641 [anus3
504 582 618 631 fecit
653 581 868 630 officium
902 579 1172 627 assistentis
1213 583 1377 626 Rmus.
1413 582 1469 626 D.
1509 577 1762 626 cardinalis
1794 594 1833 625 s.
1865 576 2076 640 Georgii,

296 667 411 715 dixit
450 665 751 729 evangelium
785 663 1005 719 latinum,
1043 665 1098 709 D.
1132 662 1379 709 Johannes
1403 661 1616 724 Baptista
1643 661 1938 720 Buccardus,
1968 661 2081 709 sub-

296 751 527 798 diaconus
570 746 879 812 apostolicus,
929 744 1046 791 dixit
1084 744 1336 807 epistolam
1380 744 1596 804 latinam,
1635 747 1688 792 R.
1746 748 1802 792 D.
1852 744 2083 808 Georgius

298 833 587 890 Alexander,
613 831 870 895 episcopus
889 827 1252 886 Archadiensis‚
1278 828 1579 892 evangelium
1600 844 1797 892 grecum
1820 832 1867 876 et
1889 831 1945 877 D.
1973 828 2087 875 Dio-

301 918 501 966 metrius
528 914 781 980 epistolam
813 928 1025 976 grecam.
1050 913 1237 975 Aquam
1260 912 1479 971 manibus
1509 915 1636 976 Pape
1668 912 1903 961 dederunt
1930 911 2087 976 primo

301 1004 497 1049 senator
530 998 687 1057 Urbis.
713 996 924 1045 secundo
955 998 1012 1043 D.
1039 996 1356 1058 Marquardus
1375 995 1433 1044 de
1463 995 1725 1061 Breysach,
1751 1000 1915 1044 orator
1936 996 2087 1059 impe-

301 1084 458 1143 rialis3
488 1082 626 1131 tertio
650 1084 707 1129 D.
732 1080 940 1139 Pisauri;
967 1085 1139 1143 quarto
1158 1079 1511 1128 illustrissimus
1528 1083 1584 1129 D.
1605 1080 1872 1141 Ludovicus
1895 1080 1952 1128 de
1970 1081 2087 1127 Ara-

303 1167 464 1231 gonia,
489 1164 705 1213 marchio
732 1163 906 1223 Giraci,
933 1167 1096 1211 orator
1117 1163 1244 1227 regis
1275 1163 1525 1226 Alphonsi.
1558 1166 1686 1227 Papa
1713 1163 2088 1212 communicavit

303 1266 473 1298 omnes
505 1249 735 1297 diaconos
769 1247 1059 1305 cardinales,
1088 1246 1285 1311 dempto
1313 1247 1571 1296 Valentino
1603 1247 1683 1311 qui
1715 1264 1813 1295 non
1840 1247 2082 1306 interfuit3

301 1338 410 1398 post
438 1333 725 1393 cardinales,
750 1332 1011 1396 dispotum,
1036 1332 1371 1380 marchionem
1402 1331 1579 1392 Giraci,
1612 1335 1669 1381 D.
1696 1331 1898 1390 Pisauri,
1922 1337 2088 1396 proto-

300 1418 540 1467 notarium
559 1418 618 1465 de
642 1419 930 1466 Sermoneta
948 1415 1257 1464 assistentem
1279 1420 1326 1464 et
1347 1415 1465 1464 alios
1489 1420 1723 1480 quotquot
1740 1420 1992 1465 venerunt.

367 1502 527 1550 Finita
561 1499 922 1558 communione,
949 1502 1147 1547 ostensa
1174 1498 1367 1547 fuerunt
1398 1500 1568 1548 lancea
1587 1500 1660 1548 bis
1688 1505 1734 1548 et
1762 1504 1835 1548 ter
1863 1501 2089 1549 veronica

308 1585 502 1650 populo,
528 1583 721 1643 deinde,
747 1583 883 1631 finita
903 1583 1052 1631 missa
1073 1582 1216 1630 simili
1237 1583 1382 1631 modo
1410 1600 1439 1631 a
1466 1586 1596 1647 Papa
1622 1584 1732 1631 data
1752 1584 2090 1633 benedictione

309 1667 501 1732 publica
523 1671 569 1714 et
596 1666 801 1715 solemni
822 1665 1018 1729 populo,
1046 1665 1212 1713 RRmi.
1242 1668 1342 1713 DD.
1368 1665 1637 1714 cardinales
1660 1683 1698 1713 s.
1723 1667 1915 1730 Georgii
1937 1667 2084 1716 latine

305 1756 352 1801 et
368 1752 426 1800 de
452 1751 684 1799 Columna
703 1750 751 1797 in
773 1749 956 1812 vulgari
978 1754 1053 1798 ter
1073 1749 1379 1813 publicarunt
1399 1749 1721 1813 indulgentias
1743 1751 1986 1814 plenarias
2005 1767 2091 1816 per

303 1839 391 1885 SS.
424 1838 481 1883 D.
520 1839 736 1882 nostrum
768 1833 991 1881 omnibus
1027 1833 1207 1880 ibidem
1245 1833 1562 1881 existentibus
1604 1837 1652 1882 et
1691 1834 1772 1897 qui
1811 1850 1897 1898 per
1935 1839 2084 1883 totam

304 1920 434 1968 illam
460 1904 587 1967 diem
611 1917 859 1966 basilicam
885 1916 1114 1980 principis
1139 1917 1467 1980 apostolorum
1489 1917 1815 1981 supradictam
1839 1918 2088 1967 visitarent

304 2018 598 2051 concessas..
622 2001 726 2049 Alia
761 2001 925 2048 omnia
962 2015 1098 2048 more
1138 2005 1371 2048 consueto
1410 2001 1605 2049 fuerunt
1639 2001 1910 2062 observata,
1943 2007 1991 2051 et
2027 2002 2087 2051 de

305 2085 536 2134 Farnesio
563 2085 608 2132 in
632 2100 781 2133 cornu
807 2084 1040 2148 evangelii
1066 2087 1113 2132 et
1134 2083 1193 2131 de
1219 2086 1403 2132 Lunate
1426 2084 1580 2132 ultimi
1606 2085 1796 2133 diaconi
1820 2085 2088 2135 cardinales

310 2171 356 2218 in
381 2185 532 2218 cornu
556 2169 758 2233 epistole
781 2172 1033 2228 steterunt,
1059 2169 1258 2232 angelos
1273 2172 1625 2232 presentantes.

370 2254 510 2301 Feria
532 2251 744 2301 secunda
768 2252 973 2311 Pasche,
1011 2255 1065 2300 31
1092 2256 1139 2300 et
1164 2253 1332 2300 ultima
1349 2253 1507 2301 martii
1530 2254 1808 2317 supradicti,
1833 2258 1998 2303 Rmus.
2026 2258 2083 2303 D.

305 2335 560 2384 cardinalis
589 2335 995 2398 Carthaginiensis
1024 2336 1283 2384 celebravit
1314 2336 1512 2384 missam
1544 2338 1812 2387 solemnem
1831 2339 1879 2386 in
1903 2339 2089 2404 capella

311 2420 602 2484 supradicta,
628 2422 757 2483 Papa
777 2425 1023 2483 presente.
1047 2420 1153 2467 Alia
1174 2419 1336 2468 omnia
1357 2421 1610 2470 observata
1630 2427 1741 2470 sunt
1762 2439 1897 2472 more
1924 2424 2083 2473 solito,

371 2504 509 2552 Feria
530 2504 671 2552 tertia
699 2504 903 2564 Pasche,
937 2509 955 2552 1
991 2506 1171 2555 mensis
1193 2507 1374 2570 aprilis,
1402 2507 1486 2555 SS.
1509 2509 1566 2554 D.
1592 2509 1647 2554 N.
1673 2511 1867 2569 paratus
1889 2508 2083 2567 amictu,

306 2587 436 2643 alba,
476 2586 694 2650 cinguh),
733 2587 995 2650 capuccino
1035 2589 1143 2637 albo
1187 2594 1234 2637 et
1277 2589 1399 2637 stola
1437 2589 1681 2653 preciosa,
1716 2590 2088 2654 precedentibus

307 2686 450 2718 cruce
483 2673 531 2718 et
561 2669 905 2729 cardinalibus,
929 2671 1117 2720 medius
1151 2672 1277 2720 inter
1304 2672 1548 2736 predictos
1578 2689 1690 2722 suos
1721 2678 1930 2723 armatos
1963 2675 2087 2723 venit

307 2755 367 2802 ad
388 2754 646 2802 ecclesiam
675 2753 799 2801 dicte
825 2771 864 2802 s.
897 2755 1047 2803 Marie
1078 2756 1287 2804 Minerve
1314 2771 1403 2820 per
1429 2757 1552 2805 viam
1581 2759 1734 2806 sancti
1760 2758 1902 2816 Celsi,
1927 2758 2087 2806 Turris

314 2838 607 2902 Sanguinee,
637 2838 847 2901 plateam
871 2844 1035 2887 sancte
1069 2840 1217 2888 Marie
1239 2841 1492 2888 Rotunde:
1522 2842 1570 2888 in
1604 2842 1727 2890 ostio
1761 2842 1966 2890 ecclesie
2000 2842 2088 2889 fuit

309 2926 532 2985 receptus
553 2922 976 2985 processionaliter
991 2938 1079 2986 per
1098 2923 1288 2981 fratres,
1314 2939 1456 2971 cruce
1474 2939 1561 2987 per
1581 2926 1848 2973 Senensem
1871 2925 1931 2972 ad
1951 2940 2088 2972 oscu-

307 3006 504 3054 landum
540 3006 628 3054 sibi
667 3010 909 3070 porrecta.
945 3007 1091 3054 Facta
1127 3007 1343 3054 oratione
1381 3007 1431 3053 in
1467 3007 1733 3055 faldistorio
1770 3014 1881 3056 ante
1915 3008 2082 3067 altare,

311 3089 529 3152 deposito
577 3090 798 3154 capucio,
844 3089 1029 3152 accepit
1063 3089 1267 3152 pluviale
1308 3089 1467 3137 album
1503 3094 1549 3137 et
1586 3090 1701 3138 fecit
1730 3091 2086 3140 confessionem

310 3188 419 3220 cum
452 3176 505 3220 R.
551 3176 607 3221 D.
653 3173 902 3232 Leonello,
943 3173 1173 3236 episcopo
1200 3173 1560 3231 Concordiensi,
1593 3174 1916 3223 celebraturo.
1942 3175 2088 3223 Missa

311 3256 439 3304 dicta
474 3262 547 3304 est
583 3257 641 3305 de
682 3255 1054 3305 annunciatione
1092 3256 1227 3304 beate
1263 3256 1411 3305 Marie
1453 3257 1648 3321 virginis
1689 3274 1799 3306 cum
1842 3259 2002 3307 Gloria
2036 3259 2085 3305 in
2153 3241 2155 3247 ἲ

309 3340 518 3400 excelsis,
535 3357 640 3403 pax
661 3340 802 3399 vobis,
828 3345 875 3388 et
895 3356 991 3388 una
1018 3340 1233 3388 oratione
1255 3344 1469 3398 tantum,
1494 3341 1698 3405 prefatio
1720 3342 1843 3389 infra
1864 3342 2081 3398 missam,

312 3425 370 3472 de
392 3423 535 3484 beata
552 3423 769 3488 Virgine.
794 3424 1027 3472 Ascanius
1050 3424 1305 3472 cardinalis
1325 3425 1751 3475 vicecancellarius
1775 3426 1885 3475 fecit
1907 3441 1993 3490 per
2008 3440 2085 3473 me
