2216 3886
300 281 369 316 560
907 279 1140 315 JOHANNIS
1173 277 1465 321 BURCHARDI,
1738 278 1956 319 [Septembre
1978 279 2071 318 1499]

307 382 592 430 sacramenti
611 398 620 440 3
646 397 802 443 neque
825 381 1023 428 candele
1048 380 1120 428 vel
1141 396 1253 427 cera
1274 380 1433 441 aliqua
1453 378 1822 426 distribueretur
1841 379 1915 426 vel
1935 379 2073 427 dare-

307 469 383 512 tur
404 465 645 527 cuiquam,
665 463 792 526 quod
807 463 955 510 functi
978 462 1151 510 officiis
1172 461 1395 508 homines
1414 476 1509 507 non
1529 460 1841 518 interessent;
1861 465 2074 510 ceterum

307 548 435 610 quod
466 547 555 610 ipsi
590 545 746 593 eidem
781 545 980 608 singulis
1009 544 1177 592 diebus
1206 543 1507 591 celebrarent
1534 548 1581 590 et
1607 543 1822 591 facerent
1842 543 2074 592 celebrari

306 647 382 677 xvl
417 629 589 677 missas
617 629 798 691 bassas,
829 628 923 675 hoc
957 632 1030 674 est
1060 626 1162 674 sine
1193 630 1354 685 cantu,
1378 643 1465 689 pro
1494 627 1663 689 quibus
1695 626 1983 674 mandarunt
2009 627 2077 675 eis

307 713 407 760 dari
430 712 650 760 carlenos
665 727 724 758 xx
745 726 832 774 pro
849 710 1060 773 qualibet
1082 710 1175 757 die.
1318 697 1321 699 ⁵

372 794 639 853 Dominica,
665 797 691 841 8
715 793 1019 857 septembris,
1045 793 1222 840 festum
1253 793 1517 841 Nativitatis
1539 793 1586 839 b.
1612 793 1761 840 Marie
1782 793 1994 857 virginis,
2021 796 2074 840 R.

307 879 352 925 in
390 878 578 925 Christo
612 880 663 925 P.
706 880 762 924 D.
797 879 960 935 Josue,
1000 876 1255 939 episcopus
1289 877 1557 924 Asculanus
1593 876 1850 924 celebravit
1882 876 2079 923 missam

307 962 574 1010 solemnem
606 961 653 1007 in
685 959 869 1023 capella
899 959 1021 1007 Rmi.
1057 962 1113 1007 D.
1149 959 1404 1007 cardinalis
1434 959 1733 1023 Neapolitani
1768 959 1816 1006 in
1848 959 2076 1017 Minerva,

306 1050 416 1093 ante
450 1061 610 1107 quam,
648 1045 774 1091 facta
810 1047 882 1091 est
916 1044 1162 1106 processio
1198 1059 1285 1107 per
1321 1043 1497 1091 dictam
1536 1043 1820 1102 ecclesiam;
1856 1043 2079 1091 omnibus

306 1128 600 1192 paramentis
637 1126 991 1191 pontificalibus
1029 1127 1222 1174 indutus
1257 1131 1377 1186 erat,
1419 1126 1613 1191 dempta
1648 1127 1749 1175 sola
1783 1127 1991 1191 planeta,
2032 1127 2081 1173 in

308 1211 442 1276 cujus
466 1211 573 1259 1000
595 1210 764 1258 habuit
785 1210 988 1274 pluviale
1010 1214 1057 1259 'et
1077 1211 1281 1274 portavit
1302 1211 1351 1258 in
1364 1211 1595 1258 -manibus
1617 1210 1859 1274 quoddam
1883 1225 2081 1274 parvum

310 1294 674 1363 tabernaculum
705 1310 815 1342 cum
844 1294 1074 1356 reliquiis.
1109 1293 1423 1342 Processione
1455 1292 1606 1354 finita,
1631 1294 1823 1358 incepta
1844 1298 1917 1342 est
1937 1293 2085 1340 missa

310 1378 384 1426 cui
407 1377 620 1426 interfuit
642 1381 805 1424 Rmus.
839 1380 894 1425 D.
921 1377 1176 1425 cardinalis
1197 1377 1457 1441 predictus,
1488 1377 1566 1440 qui
1596 1377 1794 1426 sedebat
1820 1377 1867 1424 in
1899 1376 2083 1440 capella

311 1462 431 1525 ipsa,
456 1477 542 1525 per
562 1465 714 1509 totum
737 1465 787 1509 ut
809 1461 1030 1525 superius
1052 1477 1177 1509 anno
1204 1464 1323 1507 1497
1354 1460 1594 1519 annotavi,
1617 1460 1712 1507 1100
1734 1463 1933 1523 excepto
1955 1458 2084 1522 quod
2110 1507 2115 1512 ,

311 1549 420 1593 ante
443 1544 735 1593 cardinalem
756 1544 893 1608 posui
922 1543 1165 1606 quoddam
1187 1543 1382 1591 bassum
1413 1543 1649 1606 pulpitum
1671 1558 1780 1590 cum
1804 1541 2013 1590 scabello
2036 1545 2084 1589 et

311 1629 496 1677 duobus
516 1629 720 1676 cussinis
740 1627 798 1676 de
817 1627 1104 1686 cremesino,
1127 1626 1278 1674 altero
1297 1641 1383 1689 pro
1402 1629 1597 1689 pectore
1617 1628 1664 1672 et
1682 1623 1910 1682 brachiis,
1933 1623 2082 1671 altero

310 1727 396 1774 pro
420 1711 639 1775 genibus,
666 1726 809 1774 super
829 1710 957 1773 quod
978 1709 1229 1757 cardinalis
1259 1724 1344 1756 suo
1374 1713 1592 1771 tempore
1620 1706 1898 1770 genuflexit.
1933 1708 2084 1754 Inter-

312 1794 504 1842 fuerunt
537 1794 699 1853 etiam,
729 1793 809 1856 qui
839 1793 1005 1840 bancis
1033 1792 1092 1840 ad
1123 1792 1366 1839 sinistram
1400 1791 1620 1839 intrantis
1643 1790 1820 1838 dictam
1851 1789 2084 1854 capellam

311 1877 555 1935 sederunt,
594 1877 818 1925 videlicet
855 1875 1248 1939 archiepiscopus
1285 1875 1589 1932 Tarentinus,
1633 1874 1844 1922 Nolanus
1886 1877 1933 1920 et
1972 1874 2085 1920 Cas—

310 1961 483 2009 trensis
512 1961 745 2024 episcopi,
777 1960 824 2007 in
853 1960 1031 2024 primo;
1063 1958 1320 2017 Murensis,
1355 1961 1643 2015 Suessanus,
1674 1956 2016 2005 Tricaricensis
2038 1960 2085 2003 et

308 2044 625 2092 Ariminensis
660 2044 890 2107 episcopi,
923 2044 972 2091 in
1000 2045 1238 2104 secundo;
1270 2042 1629 2108 protonotarius
1658 2044 1891 2097 Venetus,
1919 2039 2086 2104 primi-

310 2128 467 2176 cerius
491 2128 695 2177 ecclesie
725 2144 762 2175 5.
791 2128 938 2175 Marci
959 2131 1001 2178 V
1005 2129 1292 2186 enetiarum,
1318 2125 1676 2191 protonotarius
1701 2123 2083 2182 BicchoniensiS,

309 2212 441 2275 prior
468 2212 808 2275 Neapolitanus
839 2211 1020 2259 ordinis
1049 2229 1087 2259 s.
1121 2211 1354 2259 Johannis
1386 2208 1870 2267 Hierosolimitarum,
1903 2212 1949 2255 et
1979 2206 2085 2269 qui-

310 2295 421 2343 dam
445 2295 565 2343 alius
588 2311 738 2359 nepos
764 2295 1017 2358 cardinalis
1039 2295 1088 2342 in
1114 2294 1280 2342 habitu
1307 2281 1652 2350 ecclesiastico,
1678 2291 1723 2338 in
1754 2291 1911 2339 tertio.
1939 2290 2085 2337 Dictis

310 2395 397 2443 per
426 2379 752 2427 celebrantem
774 2394 860 2427 seu
888 2378 1094 2441 inceptis
1129 2378 1358 2426 Gloriam
1381 2376 1586 2434 excelsis,
1617 2374 1783 2433 Credo,
1807 2372 2088 2438 Prefatione'

312 2468 357 2511 et
378 2462 423 2510 A
430 2479 556 2527 quus
577 2463 687 2521 Dei,
713 2463 881 2526 prelati
905 2462 962 2510 de
984 2462 1138 2525 primo
1162 2462 1316 2509 banco
1340 2459 1843 2524 appropinquaverunt
1863 2459 2001 2505 Rmo.
2028 2459 2083 2503 D.

311 2545 560 2604 cardinali,
594 2550 641 2594 et
664 2561 772 2593 cum
795 2562 851 2594 eo
874 2545 1095 2593 dixerunt
1125 2545 1365 2608 predicta3
1392 2544 1484 2591 alia
1512 2542 1674 2590 omnia
1701 2541 1947 2589 observata
1979 2543 2089 2588 sunt

313 2633 452 2691 prout
477 2629 840 2693 anno-predicto
867 2633 984 2677 1497
1009 2628 1152 2677 etiam
1176 2628 1412 2675 annotavi.

379 2712 558 2760 Eadem
579 2712 674 2769 die,
699 2717 914 2776 portatus
936 2712 1020 2760 fuit
1041 2712 1101 2760 ad
1122 2711 1377 2760 ecclesiam
1399 2714 1662 2759 conventus
1686 2726 1725 2757 5.
1754 2707 2007 2772 Augustini
2026 2706 2087 2755 de

316 2795 440 2843 Urbe
469 2796 595 2842 hone
624 2796 859 2843 memorie
894 2798 948 2842 D.
979 2796 1186 2843 Jacobus
1223 2794 1492 2857 DragatiuS,
1518 2794 1699 2841 electus
1726 2790 2084 2848 Madursiensis,

317 2893 438 2925 unus
469 2893 526 2926 ex
559 2882 660 2925 rote
694 2878 993 2925 auditoribus
1023 2878 1184 2925 locum
1216 2882 1403 2935 tenenS,
1443 2875 1540 2938 qui,
1574 2875 1668 2922 hoc
1695 2889 1836 2921 mane
1863 2874 1936 2922 vel
1963 2873 2090 2920 circa

316 2961 464 3020 diem,
501 2961 661 3009 emisit
694 2961 928 3024 spiritum.
963 2960 1173 3009 Vestitus
1204 2965 1306 3007 erat
1339 2974 1483 3022 supra
1510 2962 1664 3006 vestes
1696 2944 1978 3005 ccmmunes
2011 2970 2090 3001 ro-

315 3044 459 3093 cheto
481 3048 528 3092 et
555 3059 722 3108 cappa,
754 3059 848 3107 qua
868 3043 1036 3107 prelati
1064 3043 1112 3090 in
1135 3042 1321 3107 capella
1341 3045 1469 3105 Pape
1491 3044 1705 3100 utuntur,
1740 3039 1852 3104 quia
1875 3037 2087 3101 nondum

317 3132 418 3177 erat
448 3132 783 3185 consecratus,
817 3128 876 3175 ad
905 3126 1055 3190 pedes
1085 3126 1294 3174 habebat
1326 3125 1446 3173 duos
1476 3124 1685 3188 capellos
1717 3122 2015 3188 episcopales
2041 3127 2087 3170 et

319 3227 415 3259 non
446 3212 612 3271 libros,
647 3211 759 3275 quia
789 3226 884 3259 non
913 3210 1135 3259 convenit
1162 3210 1405 3273 episcopO.
1443 3211 1785 3257 Precesserunt
1815 3223 1926 3256 eum
1951 3221 2081 3263 xxlv,

324 3294 555 3344 intortitia
575 3300 622 3343 et
643 3311 785 3360 parva
806 3294 1003 3353 familia,
1029 3299 1076 3342 et
1096 3293 1234 3357 pauci
1256 3292 1456 3341 curiales
1479 3308 1590 3340 eum
1613 3293 1763 3342 secuti
1787 3295 1913 3340 sunt.
1936 3293 2085 3352 Prop—

322 3380 451 3426 terea
479 3378 643 3442 accepi
671 3378 838 3442 spolia,
876 3377 986 3441 quia
1014 3381 1231 3425 mortuus
1265 3381 1337 3424 est
1359 3375 1416 3423 ab
1440 3375 1683 3424 intestato.
1711 3378 1899 3438 Pauper
1926 3371 2012 3420 fuit
2040 3374 2087 3417 et
