2222 3926
306 294 376 329 302
914 292 1147 329 JOHANNIS
1181 291 1475 338 BURCHARDI,
1855 292 1962 332 [ΛΟΜ
1982 293 2076 331 1496]

308 410 470 443 meum
498 412 548 443 se
572 395 688 443 dixit
711 400 1090 459 expectaturum,
1120 411 1263 458 quem
1294 394 1470 458 reperii
1498 409 1665 441 versus
1701 394 1966 441 Bononiam
1992 410 2076 442 ve-

308 478 537 527 nientem.
562 478 925 527 Confalonerius
955 494 1066 526 cum
1086 477 1187 524 vice
1207 478 1366 539 legato
1392 476 1488 523 sive
1509 475 1868 523 locumtenente
1890 477 2076 540 accepit

307 577 418 609 eum
438 566 574 610 extra
590 566 777 625 portam
800 565 846 609 et
867 561 1023 624 ipsum
1043 560 1271 622 legatum.
1293 561 1423 607 Inter
1438 574 1488 606 se
1504 562 1767 621 posuerunt
1787 557 2078 621 vicelegatus

306 661 332 693 a
369 644 549 702 dextris
589 650 637 692 et
673 642 1027 692 confalonerius
1067 658 1095 689 a
1130 641 1361 699 sinistris;
1400 641 1527 704 quod
1556 641 1740 700 videns,
1763 641 1968 690 honeste
1996 656 2079 690 eos

308 726 615 791 reprehendi,
639 741 694 774 ac
723 724 1098 773 commemoravi
1134 724 1324 787 utrique
1358 725 1406 772 id
1435 725 1550 789 ipsis
1577 741 1879 788 nequaquam
1906 740 2080 785 conve-

308 810 412 857 nire
454 825 464 856 ;
495 808 779 872 vicelegato,
816 813 867 856 ut
900 809 1109 872 primum
1146 808 1305 856 locum
1342 808 1469 856 inter
1505 809 1715 872 prelatos
1754 813 1945 857 nostros
1974 812 2082 872 post

306 893 536 956 legatum,
563 895 610 940 et
636 890 965 939 confalonerio
999 895 1050 939 ut
1079 894 1189 939 ante
1220 906 1415 939 crucem
1448 891 1592 955 legati
1621 890 1921 951 incederent,
1954 892 2082 955 quod

307 979 467 1023 tamen
487 980 752 1023 renuerunt
773 990 783 1022 :
806 973 1066 1038 supplicavi
1087 978 1342 1038 propterea
1357 977 1495 1022 Rmo.
1519 977 1576 1021 D.
1597 974 1756 1038 legato
1779 990 1862 1023 eos
1882 979 1932 1023 ut
1949 975 2010 1023 ad
2031 990 2082 1023 se

309 1063 500 1108 vocaret
527 1058 657 1121 quod
687 1062 735 1106 et
761 1058 889 1117 fecit,
926 1058 1090 1122 sicque
1122 1057 1400 1106 immediate
1430 1063 1539 1122 post
1567 1058 1780 1122 legatum
1816 1058 1959 1106 ambo
1992 1057 2081 1122 ipsi

310 1142 449 1191 simul
466 1146 577 1190 ante
592 1141 804 1206 prelatos
821 1147 1012 1190 nostros
1028 1141 1353 1201 incesserunt;
1375 1147 1592 1190 oratores
1607 1145 1821 1191 Venetus
1840 1145 1888 1190 et
1902 1140 2085 1190 Medio-

312 1225 523 1275 lanensis
555 1232 666 1274 ante
694 1241 907 1285 crucem,
938 1230 986 1274 et
1013 1230 1124 1273 ante
1153 1241 1237 1274 eos
1266 1229 1479 1290 potestas
1508 1229 1555 1274 et
1582 1226 1780 1285 antiani,
1817 1229 1864 1274 et
1892 1225 1970 1273 alii
1999 1240 2085 1273 suo

313 1310 499 1359 ordine.
525 1308 723 1358 Interim
743 1308 931 1373 legatus
956 1308 1121 1357 videns
1150 1308 1491 1357 baldachinum
1519 1308 1708 1369 deesse,
1744 1324 1940 1358 causam
1961 1324 1990 1357 a
2008 1323 2086 1357 me

312 1393 588 1458 postulavit,
607 1409 703 1457 qua
730 1393 989 1452 intellecta,
1022 1408 1109 1457 pro
1139 1392 1241 1441 solo
1264 1391 1358 1440 hoc
1386 1407 1463 1441 me
1492 1392 1802 1456 reprehendit
1826 1392 1956 1456 quod
1976 1396 2086 1441 ante

316 1477 566 1527 introitum
589 1493 728 1526 suum
750 1476 799 1524 in
818 1477 1022 1536 civitate,
1047 1477 1095 1525 id
1114 1492 1210 1525 non
1232 1476 1619 1540 significaverim.
1645 1477 1697 1523 In
1715 1475 1914 1523 introitu
1935 1474 2089 1523 eccle-

316 1563 384 1612 sie
406 1560 712 1621 cathedralis,
729 1560 983 1624 episcopus
1007 1559 1379 1624 Senogalliensis
1401 1559 1726 1623 aspersorium
1744 1559 1903 1622 legato
1921 1557 2089 1606 minis-

318 1645 473 1705 travit,
498 1650 545 1694 et
561 1660 649 1708 per
669 1659 780 1692 eum
802 1644 1000 1691 incenso
1020 1643 1264 1707 imposito,
1291 1642 1576 1701 incensavit,
1604 1642 1721 1689 dixit
1741 1641 2009 1691 orationem
2030 1641 2088 1690 de

318 1729 497 1779 sanctis
526 1727 804 1792 apostolicis
834 1730 975 1775 Petro
1004 1731 1051 1774 et
1078 1727 1245 1785 Paulo,
1279 1725 1410 1773 dedit
1445 1724 1833 1773 benedictionem
1862 1729 2010 1786 stans,
2039 1730 2092 1773 ut

316 1814 362 1861 in
386 1811 593 1862 ecclesia
613 1810 974 1870 Assisinatensi,
1005 1813 1053 1859 et
1078 1809 1398 1873 indulgentias
1429 1809 1568 1858 unius
1596 1807 1707 1857 anni
1733 1812 1778 1856 et
1807 1807 1947 1855 unius
1974 1823 2092 1870 qua-

318 1896 529 1958 dragene
564 1909 682 1956 quas
712 1909 837 1940 unus
879 1908 939 1942 ex
969 1893 1214 1947 canonicis
1248 1894 1453 1944 ecclesie
1493 1892 1843 1959 pronunciavit.
1884 1893 2093 1955 Legatus

319 1982 515 2043 propter
543 1976 883 2025 baldachinum
908 1991 1006 2025 non
1027 1983 1246 2041 paratum
1274 1978 1410 2027 valde
1438 1978 1714 2042 indignatus
1744 1981 1835 2036 est,
1868 1979 1915 2024 et
1947 1990 2093 2039 prop-

320 2066 456 2111 terea
474 2061 523 2109 in
551 2060 690 2110 altari
716 2059 835 2108 nihil
866 2059 1054 2108 obtulit.
1090 2061 1368 2109 Associatus
1403 2061 1577 2110 deinde
1611 2065 1683 2109 est
1723 2075 1781 2108 eo
1811 2059 1979 2108 ordine
1997 2071 2092 2121 quo

320 2145 537 2195 venimus
559 2144 619 2193 ad
638 2144 868 2208 palatium
889 2142 1034 2207 legati
1063 2144 1383 2192 Bononiensis
1410 2144 1491 2192 uhi
1519 2144 1789 2208 hospitatus
1810 2147 1900 2202 est,
1931 2146 1979 2191 et
2004 2158 2092 2190 nos

319 2231 368 2278 in
388 2229 600 2293 hospitio
620 2228 792 2277 Leonis
816 2231 862 2276 et
882 2226 1124 2275 Montonis
1145 2227 1382 2276 stetimus.

386 2312 655 2370 Dominica,
701 2314 757 2358 14
809 2310 1031 2374 Augusti,
1080 2310 1268 2374 legatus
1318 2310 1495 2359 audivit
1533 2310 1732 2358 missam
1772 2308 2006 2373 majorem
2044 2307 2093 2356 in

321 2396 528 2446 ecclesia
548 2411 587 2443 S.
611 2394 822 2442 Petronii
845 2410 987 2457 quam
1012 2394 1270 2442 celebravit
1297 2410 1420 2442 unus
1442 2410 1501 2443 ex
1527 2392 1792 2452 canoniciS‚
1816 2397 1863 2440 et
1884 2407 2094 2456 evange-

318 2480 435 2527 lium
472 2483 520 2527 et
558 2477 810 2542 epistolam
829 2477 922 2526 duo
944 2493 1004 2526 ex
1024 2476 1360 2526 mansionariis
1378 2476 1504 2524 illius
1526 2475 1732 2525 ecclesie
1768 2491 1779 2524 :
1812 2474 1990 2524 chorus
2009 2475 2097 2523 fuit

321 2561 510 2611 honesti
541 2565 753 2626 paratus.
779 2563 986 2624 Legatus
1017 2561 1148 2609 stetit
1176 2564 1224 2609 et
1254 2560 1376 2608 sedit
1406 2560 1455 2607 in
1478 2559 1591 2608 sede
1617 2558 1848 2607 eminenti
1875 2559 1926 2606 in
1947 2574 2097 2607 cornu

322 2645 561 2710 evangelii
595 2646 643 2693 in
675 2645 801 2694 illius
834 2645 984 2693 choro
1014 2644 1188 2709 posita,
1226 2644 1276 2693 in
1297 2644 1390 2693 alio
1418 2644 1561 2693 simili
1589 2644 1638 2691 in
1670 2642 1892 2708 opposito
1918 2656 2096 2690 :nemo

325 2730 412 2779 fuit
433 2733 540 2794 post
559 2729 789 2793 legatum.
817 2728 975 2777 Prima
997 2729 1136 2777 sedes
1170 2728 1258 2776 fuit
1288 2743 1455 2785 vacua,
1488 2724 1536 2775 in
1568 2726 1781 2776 secunda
1801 2726 1931 2775 stetit
1950 2727 2096 2774 Ame-

322 2813 486 2862 liensis
509 2813 863 2872 locumtenens,
895 2818 942 2860 et
972 2817 1079 2876 post
1113 2828 1225 2860 eum
1251 2811 1608 2859 confalonerius
1643 2815 1812 2858 contra
1832 2808 2095 2858 ordinatio-

322 2911 433 2945 nem
472 2910 654 2954 meam3
696 2900 806 2959 post
848 2895 1232 2945 confalonerium
1281 2893 1672 2957 senogalliensis,
1718 2891 2090 2955 Fulginatensis,

322 2978 688 3027 Assisinatensis
722 2978 955 3042 episcopi,
993 2977 1346 3042 protonotarius
1381 2977 1440 3024 de
1482 2975 1694 3039 Aspetia,
1734 2974 2092 3038 protonotarius

324 3064 382 3112 de
413 3061 690 3121 Bentivolis,
732 3065 942 3125 potestas
976 3060 1294 3109 Bononiensis
1323 3059 1521 3108 inferius
1564 3058 1612 3105 in
1652 3058 1795 3121 plano
1832 3057 1966 3106 chori
2007 3057 2096 3105 sub

325 3144 518 3208 prelatis
549 3143 795 3207 predictiS,
830 3142 1154 3203 thesaurarius
1190 3147 1238 3191 et
1267 3144 1621 3206 protonotarius
1659 3160 1714 3191 ac
1748 3143 1828 3191 alii
1862 3141 2097 3206 capellani

324 3228 469 3292 legati
490 3244 499 3274 :
522 3227 571 3274 in
593 3227 813 3291 opposito
829 3225 992 3290 legati,
1012 3225 1058 3273 in
1079 3225 1171 3273 alio
1190 3225 1339 3273 choro
1360 3230 1469 3290 post
1487 3226 1652 3275 sedem
1672 3227 1966 3275 eminentem
1986 3228 2095 3273 ante

326 3316 372 3359 et
394 3326 539 3375 super
556 3310 709 3359 dictos
730 3315 944 3360 oratores
962 3308 1085 3358 bene
1100 3308 1268 3357 fuisset
1288 3308 1660 3359 confalonerius.
1686 3313 1912 3360 Oratores
1932 3312 2094 3360 Vene-

329 3400 484 3443 torum
512 3397 559 3442 et
584 3393 719 3442 ducis
745 3393 1003 3444 Mediolani
1030 3392 1188 3443 taliter
1217 3397 1265 3442 et
1297 3397 1406 3457 post
1434 3408 1518 3442 eos
1552 3394 1714 3458 plures
1743 3393 2091 3450 BononienseS,
