2216 3886
254 268 276 301 ‹⁶›
286 268 323 302 '1⁴8
1000 263 1281 301 APPENDICE.

254 368 477 410 salutifera
498 369 796 409 incarnatione
817 367 1047 407 millesimo
1069 366 1504 418 quadringentesimo
1529 367 1816 419 nonagesimo
1847 373 2018 420 quarto,

254 435 489 476 indictione
517 434 642 474 tertia
670 432 850 480 decima,
884 432 952 472 die
986 443 1072 471 xxv
1100 431 1266 471 mensis
1296 430 1561 472 novembris.
1595 433 1749 471 Actum
1783 432 1828 476 in
1857 434 2018 485 populo

257 501 400 541 Sancti
422 498 642 539 Laurentii
668 497 720 537 de
742 497 955 537 Florentia
979 496 1025 536 in
1045 497 1175 537 domo
1202 496 1416 536 heredum
1444 497 1663 544 Laurentii
1692 496 1745 537 de
1766 498 1947 538 >Medicis
1970 499 2022 541 de

256 565 485 612 Florentia,
514 562 794 614 presentibus
818 562 1006 603 testibus
1028 562 1083 602 ad
1108 561 1382 613 infrascripta
1404 562 1551 609 omnia
1578 565 1621 602 et
1648 562 1823 615 singula
1842 563 2022 613 vocatis,

256 630 416 670 habitis
442 632 484 668 et
503 628 684 680 rogatis,
714 639 813 668 cum
840 628 1082 668 clarissimo
1105 627 1266 668 artium
1290 631 1341 669 et*
1361 627 1577 668 medicine
1605 627 1780 668 doctore
1810 628 2022 680 magistro

255 694 479 735 Theodoro
501 693 728 734 Guanieno
748 694 839 734 cive
863 693 1078 744 Papiensi,
1103 693 1349 734 consiliario
1376 695 1419 733 et
1445 692 1626 744 physico
1648 692 1867 733 ordinario
1889 692 2019 734 infra-

256 760 411 811 scripto
435 759 554 811 regie
575 759 816 799 maiestatis
844 762 886 799 et
912 759 1038 800 Nerio
1066 759 1162 800 Gini
1189 758 1243 799 de
1260 757 1549 809 ‘Capponibus
1572 758 1663 799 cive
1685 757 1949 808 Florentino,
1978 763 2021 799 et

259 836 329 866 ser
349 825 623 866 Bartolomeo
650 825 876 874 Dominici,
908 836 979 865 ser
1006 824 1180 865 Ioannis
1207 823 1259 864 de
1287 823 1435 863 Bindis
1463 823 1555 863 cive
1580 827 1623 863 et
1649 823 1818 869 notario
1847 823 2023 875 publico

256 891 485 932 florentino
501 901 580 930 nec
594 901 683 930 non
698 890 943 931 consiliario
957 889 1064 931 infra
1073 890 1152 930 scri
1158 892 1230 940 pte
1246 888 1607 933 christianissime
1625 889 1743 941 regie
1759 889 2022 941 majestatis

313 974 328 992 α
363 958 468 997 Cum
489 957 569 997 hoc
591 957 660 1005 sit,
683 956 798 1007 quod
821 957 1049 1001 mensibus
1067 955 1242 1006 elapsiS,
1266 966 1397 995 causa
1418 954 1731 995 nonnullorum
1750 954 1908 995 civium
1926 954 2026 995 civi-

258 1022 360 1063 tatis
393 1021 622 1070 Florentie,
652 1021 727 1073 qui
755 1021 870 1061 malo
905 1021 1023 1061 ducti
1056 1021 1236 1062 consilio
1271 1020 1629 1060 christianissime
1657 1020 1776 1072 regis
1809 1020 2031 1060 maiestati

258 1088 608 1129 adversabantur
638 1097 694 1126 ne
716 1087 838 1139 regia
869 1097 947 1127 sua
973 1087 1184 1127 maiestas
1211 1089 1364 1138 posset
1395 1097 1521 1127 suam
1550 1085 1839 1126 iustissimam
1868 1085 2030 1137 impre-

260 1154 371 1194 siam
383 1152 562 1204 exequi,
586 1163 719 1204 quam
753 1162 833 1192 sua
856 1151 1218 1192 christianissima
1243 1152 1452 1193 maiestas
1473 1151 1574 1192 facit
1598 1163 1677 1203 pro
1702 1152 2031 1203 recuperatione

258 1219 326 1259 sui
352 1218 476 1271 regni
503 1218 791 1270 Neapolitani,
827 1217 983 1258 eadem
1017 1217 1380 1259 christianissima
1411 1217 1620 1258 maiestas
1649 1217 1833 1259 moverit
1856 1217 2029 1258 *bellum

260 1284 458 1325 Dominis
487 1284 763 1332 Florentinis,
793 1283 1094 1334 nonnullaque
1122 1282 1252 1334 opida
1277 1283 1320 1325 vi
1347 1283 1524 1334 ceperit,
1555 1283 1729 1335 aliaque
1761 1293 1842 1324 sua
1874 1286 2030 1335 sponte

261 1361 308 1390 se
337 1349 625 1398 dediderunt;
660 1352 702 1389 et
721 1349 954 1389 advertens
976 1360 1057 1390 sua
1085 1347 1446 1390 christianissima
1471 1348 1682 1389 maiestas
1713 1348 1832 1400 quod
1858 1359 2031 1399 semper

260 1416 451 1467 populus
485 1415 745 1455 florentinus
771 1414 867 1465 fuit,
896 1418 962 1455 est
990 1419 1032 1456 et
1063 1426 1236 1467 semper
1262 1415 1342 1455 erit
1369 1426 1448 1455 sue
1481 1414 1844 1455 christianissime
1872 1414 2030 1454 maies-

261 1481 378 1530 tatis,
411 1492 682 1533 suorumque
715 1481 1078 1532 predecessorum
1113 1480 1440 1530 devotissimus,
1474 1480 1627 1521 volens
1657 1491 1756 1520 cum
1790 1480 1867 1529 eis,
1899 1482 2029 1531 prout

261 1546 384 1587 decet
405 1547 738 1598 magnanimum
763 1547 1019 1598 principem,
1042 1546 1383 1587 clementissime
1402 1557 1535 1598 agere
1557 1549 1599 1586 et
1620 1546 1776 1597 cuique
1798 1544 2030 1586 ostendere

262 1613 455 1653 animum
477 1624 607 1653 suum
635 1624 725 1654 non
755 1623 853 1652 esse
885 1613 1027 1653 aliena
1057 1623 1269 1663 occupare
1302 1611 1381 1652 sed
1415 1622 1493 1651 sua
1526 1622 1804 1662 recuperare;
1837 1611 1936 1651 hinc
1963 1613 2031 1650 est

261 1677 378 1729 quod
402 1689 482 1718 sua
515 1678 875 1719 chr1stianissima
907 1677 1117 1718 maiestas
1145 1689 1198 1717 ex
1227 1680 1351 1728 parte
1379 1688 1482 1726 una,
1515 1679 1558 1717 et
1585 1676 1815 1716 clarissimi
1845 1675 1927 1717 viri
1957 1675 2030 1715 do-

260 1744 406 1784 minus
440 1743 760 1784 Guidantonius
799 1743 975 1783 loannis
1010 1742 1064 1783 de
1095 1743 1345 1793 VespucciS‚
1385 1742 1637 1783 Dominicus
1669 1741 1942 1782 Baldassaris
1977 1740 2032 1780 de

262 1809 433 1858 BonsiS,
458 1809 574 1849 cives
599 1812 641 1849 et
665 1807 862 1850 advocati
887 1808 1107 1849 florentini
1127 1811 1170 1849 et
1192 1807 1453 1859 spectabiles
1473 1808 1555 1848 viri
1575 1807 1828 1849 Franciscus
1844 1805 2032 1857 Philippi

261 1874 315 1914 de
345 1874 575 1914 Valoribus
612 1877 654 1914 et
680 1875 833 1914 Petrus
864 1875 961 1914 Gini
994 1873 1047 1914 de
1079 1874 1376 1925 Capponibus,
1409 1874 1523 1914 cives
1551 1873 1786 1923 florentini,
1821 1876 2031 1924 tanquam

262 1939 431 1992 syndici
472 1943 514 1980 et
548 1943 853 1991 procuratores
889 1940 1163 1981 excelsorum
1199 1940 1478 1980 dominorum
1508 1940 1704 1991 priorum
1738 1938 1956 1980 libertatis
1991 1941 2032 1978 et

259 2005 486 2047 vexilliferi
511 2007 677 2047 iustitie
696 2007 846 2058 populi
873 2007 1107 2058 florentini,
1139 2017 1193 2046 ex
1212 2009 1335 2058 parte
1356 2007 1508 2056 altera,
1533 2007 1803 2048 devenerunt
1825 2006 1882 2047 ad
1902 2005 2031 2047 infra-

262 2072 468 2123 scriptam
489 2073 837 2124 conventionem,
861 2073 1061 2114 videlicet
1085 2086 1093 2113 :

316 2153 335 2173 «
365 2137 505 2178 Primo
537 2150 545 2178 :
576 2137 808 2178 advertens
840 2149 919 2178 sua
950 2137 1117 2189 prefata
1153 2139 1359 2179 maiestas
1392 2137 1510 2190 quod
1537 2138 1682 2179 omnia
1708 2149 1794 2190 que
1820 2139 2032 2179 hactenus

261 2205 410 2243 contra
439 2213 564 2242 suam
592 2203 759 2255 regiam
787 2204 1064 2244 maiestatem
1093 2203 1268 2244 fuerunt
1290 2206 1415 2256 gesta
1446 2204 1562 2244 malo
1589 2203 1785 2253 consilio,
1814 2214 2032 2255 persuasu

262 2278 312 2307 ac
330 2270 472 2317 metu3
497 2271 539 2307 et
559 2269 661 2319 quia
688 2279 771 2320 que
791 2271 935 2310 metus
957 2279 1090 2310 causa
1116 2268 1228 2310 facta
1251 2273 1370 2320 sunt,
1393 2269 1557 2310 nullius
1579 2269 1749 2310 roboris
1780 2267 2031 2309 firmitatem

263 2332 483 2381 obtinent,
517 2343 597 2373 nec
628 2332 889 2374 facientibus
922 2335 1129 2386 imputari
1152 2334 1345 2387 debent,
1379 2335 1614 2386 minusque
1638 2344 1821 2383 nocere;
1857 2336 1900 2373 et
1933 2333 2032 2384 quia

262 2398 396 2448 Deus,
419 2398 464 2438 in
493 2399 615 2438 cuius
642 2410 776 2440 manu
802 2400 931 2440 corda
961 2401 1207 2452 principum
1238 2403 1357 2450 sunt,
1391 2400 1626 2452 piissimas,
1658 2399 1962 2440 misericordes
1985 2410 2035 2439 ac

262 2463 626 2504 clementissimas
649 2476 808 2506 manus
831 2477 936 2507 suas
961 2477 1062 2506 eum
1083 2466 1409 2518 requirentibus
1430 2465 1627 2518 porrigit,
1651 2476 1731 2505 nec
1750 2465 1957 2516 cuiquam
1976 2464 2034 2505 ad

263 2539 363 2568 eum
386 2529 577 2570 venienti
603 2529 719 2570 fores
740 2530 916 2582 claudit,
940 2531 1018 2572 sed
1041 2532 1168 2581 dona,
1192 2543 1389 2581 munera,
1416 2531 1690 2572 clementiam
1714 2542 1764 2571 ac
1789 2530 2034 2571 misericor-

264 2593 381 2635 diam
401 2596 705 2647 compartitur3
729 2601 771 2638 et
792 2599 909 2650 quod
931 2599 991 2639 sic
1012 2599 1095 2650 ipsi
1117 2599 1335 2651 principes
1355 2597 1494 2638 facere
1517 2598 1693 2647 debent,
1713 2608 1813 2637 cum
1833 2596 2032 2637 christia-

262 2672 420 2702 norum
455 2663 598 2703 omnis
634 2664 745 2704 actio
787 2676 938 2705 eorum
974 2665 1134 2706 debeat
1171 2675 1270 2705 esse
1305 2663 1557 2712 instructio;
1594 2673 1781 2714 cumque
1818 2662 2035 2713 principes

262 2725 414 2768 deceat
444 2728 649 2769 solertem
679 2730 916 2781 reipublice
935 2742 986 2771 ac
1014 2731 1229 2771 libertatis
1251 2741 1399 2771 curam
1431 2740 1598 2782 gerere,
1628 2732 1671 2769 et
1692 2728 1969 2768 subditorum
1991 2729 2035 2766 et

262 2792 501 2833 amicorum
538 2797 580 2834 et
612 2794 987 2835 confederatorum
1023 2795 1300 2836 concordiam
1331 2795 1612 2847 investigare,
1647 2797 1694 2833 ut
1730 2792 1854 2844 regni
1887 2793 1956 2832 sui
1989 2795 2030 2831 et

261 2858 500 2898 amicorum
535 2859 700 2899 utilitas
733 2862 776 2899 et
806 2860 987 2900 libertas
1020 2862 1242 2910 persistat,
1278 2864 1320 2901 et
1353 2861 1447 2899 eius
1484 2862 1640 2913 status,
1678 2858 1954 2898 subditorum
1990 2860 2031 2898 et

262 2923 502 2963 amicorum
521 2924 681 2976 iugiter
709 2926 906 2966 servetur
924 2925 1099 2973 illesus;
1129 2925 1285 2966 idcirco
1318 2936 1397 2965 sua
1423 2923 1785 2964 christianissima
1804 2922 2029 2971 maiestaS,

263 2990 511 3038 perpetrata
545 2991 694 3028 contra
728 2999 854 3029 suam
887 2989 1293 3030 christianissimam
1330 2989 1607 3029 maiestatem
1642 2988 1849 3029 oblivioni
1879 2988 2032 3036 tradit;

263 3053 516 3105 reducitque
538 3054 702 3095 dictum
727 3055 941 3106 populum
966 3055 1247 3096 florentinum
1267 3055 1310 3095 in
1331 3067 1382 3096 eo
1410 3058 1544 3104 statu,
1573 3058 1617 3095 et
1636 3055 1777 3107 gratia
1799 3065 1878 3095 sue
1897 3053 2033 3095 chris-

264 3120 507 3160 tianissime
540 3120 795 3170 maiestatis,
830 3124 957 3172 prout
989 3124 1031 3161 et
1066 3121 1176 3161 sicut
1202 3124 1294 3161 erat
1321 3124 1424 3161 ante
1459 3121 1569 3162 dicta
1606 3123 1852 3173 perpetrata
1887 3122 2034 3161 contra

264 3196 389 3225 suam
411 3185 579 3238 regiam
599 3187 891 3227 maiestatem.

322 3267 337 3284 «ι
373 3250 570 3291 Secundo
612 3265 620 3291 :
656 3252 890 3294 advertens
923 3264 1003 3293 sua
1039 3253 1400 3293 christianissima
1434 3253 1665 3302 maiestas,
1704 3252 1819 3303 quod
1856 3250 2036 3291 Carolus

264 3315 447 3366 Magnus
468 3316 599 3357 huius
626 3317 749 3358 urbis
775 3318 856 3358 fuit
876 3318 1044 3369 primus
1071 3320 1340 3357 restaurator
1366 3319 1407 3357 et
1437 3315 1626 3356 nominis
1655 3315 1850 3356 Fluentie
1876 3314 1919 3354 in
1941 3313 2035 3353 Flo-

266 3380 451 3421 rentiam
472 3384 678 3433 mutator,
698 3383 979 3434 locorumque
998 3386 1039 3422 et
1058 3382 1319 3433 oppidorum
1337 3385 1379 3422 et
1399 3381 1564 3422 arcium
1585 3381 1726 3430 dator,
1749 3379 2035 3430 meniumque
