<?xml version="1.0" encoding="UTF-8"?>
<!DOCTYPE html PUBLIC "-//W3C//DTD XHTML 1.0 Transitional//EN"
    "http://www.w3.org/TR/xhtml1/DTD/xhtml1-transitional.dtd">
<html xmlns="http://www.w3.org/1999/xhtml" xml:lang="en" lang="en">
 <head>
  <title>
</title>
<meta http-equiv="Content-Type" content="text/html;charset=utf-8" />
  <meta name='ocr-system' content='tesseract 3.04.00' />
  <meta name='ocr-capabilities' content='ocr_page ocr_carea ocr_par ocr_line ocrx_word'/>
</head>
<body>
  <div class='ocr_page' id='page_1' title='image "./diariumsivererum02burcuoft_0527.png"; bbox 0 0 2216 3886; ppageno 0'>
   <div class='ocr_carea' id='block_1_1' title="bbox 158 305 1943 349">
    <p class='ocr_par' dir='ltr' id='par_1_1' title="bbox 158 305 1943 349">
     <span class='ocr_line' id='line_1_1' title="bbox 158 305 1943 349; baseline 0.002 -9"><span class='ocrx_word' id='word_1_1' title='bbox 158 308 266 347; x_wconf 77' lang='lat' dir='ltr'>[Mars</span> <span class='ocrx_word' id='word_1_2' title='bbox 286 309 380 349; x_wconf 72' lang='grc'><strong>1499]</strong></span> <span class='ocrx_word' id='word_1_3' title='bbox 606 307 773 345; x_wconf 80' lang='lat' dir='ltr'><strong>RERUM</strong></span> <span class='ocrx_word' id='word_1_4' title='bbox 807 306 1106 345; x_wconf 71' lang='lat' dir='ltr'><strong>URBANARUM</strong></span> <span class='ocrx_word' id='word_1_5' title='bbox 1140 305 1493 345; x_wconf 72' lang='lat' dir='ltr'><strong>COMMENTARH.</strong></span> <span class='ocrx_word' id='word_1_6' title='bbox 1872 307 1943 344; x_wconf 79' lang='lat'>515</span> 
     </span>
    </p>
   </div>
   <div class='ocr_carea' id='block_1_2' title="bbox 158 410 2001 1982">
    <p class='ocr_par' dir='ltr' id='par_1_2' title="bbox 158 410 2001 1982">
     <span class='ocr_line' id='line_1_2' title="bbox 161 410 1941 476; baseline -0.001 -18"><span class='ocrx_word' id='word_1_7' title='bbox 161 411 307 471; x_wconf 83' lang='lat' dir='ltr'>sime3</span> <span class='ocrx_word' id='word_1_8' title='bbox 342 417 389 461; x_wconf 89' lang='lat' dir='ltr'>et</span> <span class='ocrx_word' id='word_1_9' title='bbox 420 415 476 460; x_wconf 90' lang='lat' dir='ltr'>D.</span> <span class='ocrx_word' id='word_1_10' title='bbox 511 413 755 461; x_wconf 89' lang='lat' dir='ltr'>Marianus</span> <span class='ocrx_word' id='word_1_11' title='bbox 786 415 842 461; x_wconf 92' lang='lat' dir='ltr'>D.</span> <span class='ocrx_word' id='word_1_12' title='bbox 878 411 1098 461; x_wconf 88' lang='lat' dir='ltr'>Cuccinis</span> <span class='ocrx_word' id='word_1_13' title='bbox 1131 411 1375 476; x_wconf 83' lang='lat' dir='ltr'>requisivit</span> <span class='ocrx_word' id='word_1_14' title='bbox 1405 410 1618 459; x_wconf 88' lang='lat' dir='ltr'>notarios</span> <span class='ocrx_word' id='word_1_15' title='bbox 1651 415 1703 458; x_wconf 94' lang='lat' dir='ltr'>ut</span> <span class='ocrx_word' id='word_1_16' title='bbox 1731 410 1941 459; x_wconf 83' lang='lat' dir='ltr'>confice-</span> 
     </span>
     <span class='ocr_line' id='line_1_3' title="bbox 163 494 1943 558; baseline -0.001 -15"><span class='ocrx_word' id='word_1_17' title='bbox 163 501 328 545; x_wconf 87' lang='lat' dir='ltr'>rentur</span> <span class='ocrx_word' id='word_1_18' title='bbox 354 495 664 545; x_wconf 90' lang='lat' dir='ltr'>intrumenta.</span> <span class='ocrx_word' id='word_1_19' title='bbox 695 498 779 545; x_wconf 91' lang='lat' dir='ltr'><strong>SS.</strong></span> <span class='ocrx_word' id='word_1_20' title='bbox 805 499 863 544; x_wconf 91' lang='lat' dir='ltr'>D.</span> <span class='ocrx_word' id='word_1_21' title='bbox 887 499 944 545; x_wconf 93' lang='lat' dir='ltr'>N.</span> <span class='ocrx_word' id='word_1_22' title='bbox 974 512 1216 545; x_wconf 88' lang='lat' dir='ltr'>cameram</span> <span class='ocrx_word' id='word_1_23' title='bbox 1244 511 1381 544; x_wconf 83' lang='lat' dir='ltr'>suam</span> <span class='ocrx_word' id='word_1_24' title='bbox 1409 494 1570 553; x_wconf 87' lang='lat' dir='ltr'>adivit,</span> <span class='ocrx_word' id='word_1_25' title='bbox 1599 498 1647 543; x_wconf 93' lang='lat' dir='ltr'>et</span> <span class='ocrx_word' id='word_1_26' title='bbox 1673 494 1813 543; x_wconf 90' lang='lat' dir='ltr'>miles</span> <span class='ocrx_word' id='word_1_27' title='bbox 1837 509 1943 558; x_wconf 88' lang='lat' dir='ltr'>pre-</span> 
     </span>
     <span class='ocr_line' id='line_1_4' title="bbox 165 578 1807 644; baseline -0.001 -17"><span class='ocrx_word' id='word_1_28' title='bbox 165 579 320 628; x_wconf 89' lang='lat' dir='ltr'>dictus</span> <span class='ocrx_word' id='word_1_29' title='bbox 341 579 511 629; x_wconf 85' lang='lat' dir='ltr'>detulit</span> <span class='ocrx_word' id='word_1_30' title='bbox 534 579 746 628; x_wconf 90' lang='lat' dir='ltr'>fimbrias</span> <span class='ocrx_word' id='word_1_31' title='bbox 768 579 1060 644; x_wconf 79' lang='lat' dir='ltr'>posteriores</span> <span class='ocrx_word' id='word_1_32' title='bbox 1081 579 1296 644; x_wconf 90' lang='lat' dir='ltr'>pluvialis</span> <span class='ocrx_word' id='word_1_33' title='bbox 1319 581 1464 643; x_wconf 88' lang='lat' dir='ltr'>Pape,</span> <span class='ocrx_word' id='word_1_34' title='bbox 1492 594 1626 627; x_wconf 89' lang='lat' dir='ltr'>more</span> <span class='ocrx_word' id='word_1_35' title='bbox 1649 578 1807 627; x_wconf 89' lang='lat' dir='ltr'>solito.</span> 
     </span>
     <span class='ocr_line' id='line_1_5' title="bbox 227 660 1944 727; baseline 0 -17"><span class='ocrx_word' id='word_1_36' title='bbox 227 663 478 712; x_wconf 88' lang='lat' dir='ltr'>Dominica</span> <span class='ocrx_word' id='word_1_37' title='bbox 498 663 664 727; x_wconf 85' lang='lat' dir='ltr'>quinta</span> <span class='ocrx_word' id='word_1_38' title='bbox 684 662 1070 727; x_wconf 80' lang='lat' dir='ltr'>quadragesime,</span> <span class='ocrx_word' id='word_1_39' title='bbox 1096 663 1154 711; x_wconf 93' lang='lat' dir='ltr'>de</span> <span class='ocrx_word' id='word_1_40' title='bbox 1178 663 1406 711; x_wconf 91' lang='lat' dir='ltr'>Passione</span> <span class='ocrx_word' id='word_1_41' title='bbox 1428 667 1718 727; x_wconf 85' lang='lat' dir='ltr'>nuncupata,</span> <span class='ocrx_word' id='word_1_42' title='bbox 1737 677 1830 726; x_wconf 92' lang='lat' dir='ltr'>que</span> <span class='ocrx_word' id='word_1_43' title='bbox 1857 660 1944 710; x_wconf 87' lang='lat' dir='ltr'>fuit</span> 
     </span>
     <span class='ocr_line' id='line_1_6' title="bbox 166 745 1944 809; baseline -0.001 -17"><span class='ocrx_word' id='word_1_44' title='bbox 166 749 221 793; x_wconf 87' lang='grc'>17</span> <span class='ocrx_word' id='word_1_45' title='bbox 253 746 434 794; x_wconf 88' lang='lat' dir='ltr'>mensis</span> <span class='ocrx_word' id='word_1_46' title='bbox 463 746 640 804; x_wconf 90' lang='lat' dir='ltr'>martii,</span> <span class='ocrx_word' id='word_1_47' title='bbox 666 749 720 793; x_wconf 90' lang='lat' dir='ltr'>R.</span> <span class='ocrx_word' id='word_1_48' title='bbox 746 746 792 793; x_wconf 88' lang='lat' dir='ltr'>in</span> <span class='ocrx_word' id='word_1_49' title='bbox 822 746 1012 794; x_wconf 86' lang='lat' dir='ltr'>Christo</span> <span class='ocrx_word' id='word_1_50' title='bbox 1036 748 1086 793; x_wconf 82' lang='lat' dir='ltr'><strong>P.</strong></span> <span class='ocrx_word' id='word_1_51' title='bbox 1116 749 1174 794; x_wconf 92' lang='lat' dir='ltr'>D.</span> <span class='ocrx_word' id='word_1_52' title='bbox 1199 745 1390 794; x_wconf 91' lang='lat' dir='ltr'>Felinus</span> <span class='ocrx_word' id='word_1_53' title='bbox 1425 745 1660 804; x_wconf 89' lang='lat' dir='ltr'>Sandeus,</span> <span class='ocrx_word' id='word_1_54' title='bbox 1688 745 1944 809; x_wconf 88' lang='lat' dir='ltr'>episcopus</span> 
     </span>
     <span class='ocr_line' id='line_1_7' title="bbox 158 824 1940 893; baseline -0.001 -15"><span class='ocrx_word' id='word_1_55' title='bbox 158 830 444 889; x_wconf 84' lang='lat' dir='ltr'>PennensiS,</span> <span class='ocrx_word' id='word_1_56' title='bbox 475 832 558 886; x_wconf 69' lang='lat' dir='ltr'><strong>SS.</strong></span> <span class='ocrx_word' id='word_1_57' title='bbox 594 833 649 877; x_wconf 88' lang='lat' dir='ltr'>D.</span> <span class='ocrx_word' id='word_1_58' title='bbox 675 832 731 878; x_wconf 91' lang='lat' dir='ltr'>N.</span> <span class='ocrx_word' id='word_1_59' title='bbox 759 844 881 893; x_wconf 88' lang='lat' dir='ltr'>pape</span> <span class='ocrx_word' id='word_1_60' title='bbox 909 828 1264 877; x_wconf 89' lang='lat' dir='ltr'>referendarius</span> <span class='ocrx_word' id='word_1_61' title='bbox 1292 824 1587 877; x_wconf 85' lang='lat' dir='ltr'>domesticus</span> <span class='ocrx_word' id='word_1_62' title='bbox 1616 833 1664 877; x_wconf 93' lang='lat' dir='ltr'>et</span> <span class='ocrx_word' id='word_1_63' title='bbox 1690 828 1940 888; x_wconf 83' lang='lat' dir='ltr'>assistens,</span> 
     </span>
     <span class='ocr_line' id='line_1_8' title="bbox 160 911 1940 977; baseline -0.001 -15"><span class='ocrx_word' id='word_1_64' title='bbox 160 914 417 962; x_wconf 89' lang='lat' dir='ltr'>celebravit</span> <span class='ocrx_word' id='word_1_65' title='bbox 438 913 636 960; x_wconf 87' lang='lat' dir='ltr'>missam</span> <span class='ocrx_word' id='word_1_66' title='bbox 657 911 897 977; x_wconf 88' lang='lat' dir='ltr'>publicam</span> <span class='ocrx_word' id='word_1_67' title='bbox 916 911 965 959; x_wconf 94' lang='lat' dir='ltr'>in</span> <span class='ocrx_word' id='word_1_68' title='bbox 986 911 1170 976; x_wconf 89' lang='lat' dir='ltr'>capella</span> <span class='ocrx_word' id='word_1_69' title='bbox 1191 911 1352 975; x_wconf 92' lang='lat' dir='ltr'>sepius</span> <span class='ocrx_word' id='word_1_70' title='bbox 1374 912 1518 971; x_wconf 85' lang='lat' dir='ltr'>dicta,</span> <span class='ocrx_word' id='word_1_71' title='bbox 1538 916 1667 976; x_wconf 89' lang='lat' dir='ltr'>Papa</span> <span class='ocrx_word' id='word_1_72' title='bbox 1683 917 1909 976; x_wconf 84' lang='lat' dir='ltr'>presente</span> <span class='ocrx_word' id='word_1_73' title='bbox 1930 929 1940 971; x_wconf 86' lang='lat'>;</span> 
     </span>
     <span class='ocr_line' id='line_1_9' title="bbox 162 995 1945 1061; baseline -0.001 -15"><span class='ocrx_word' id='word_1_74' title='bbox 162 1014 438 1047; x_wconf 90' lang='lat' dir='ltr'>sermonem</span> <span class='ocrx_word' id='word_1_75' title='bbox 462 997 578 1046; x_wconf 87' lang='lat' dir='ltr'>fecit</span> <span class='ocrx_word' id='word_1_76' title='bbox 597 999 878 1061; x_wconf 90' lang='lat' dir='ltr'>procurator</span> <span class='ocrx_word' id='word_1_77' title='bbox 901 995 1083 1044; x_wconf 89' lang='lat' dir='ltr'>ordinis</span> <span class='ocrx_word' id='word_1_78' title='bbox 1113 1010 1362 1044; x_wconf 85' lang='lat' dir='ltr'>servorum</span> <span class='ocrx_word' id='word_1_79' title='bbox 1386 997 1433 1044; x_wconf 92' lang='lat' dir='ltr'>b.</span> <span class='ocrx_word' id='word_1_80' title='bbox 1461 997 1639 1057; x_wconf 80' lang='lat' dir='ltr'>Marie3</span> <span class='ocrx_word' id='word_1_81' title='bbox 1665 996 1758 1045; x_wconf 89' lang='lat' dir='ltr'>alia</span> <span class='ocrx_word' id='word_1_82' title='bbox 1777 997 1945 1046; x_wconf 86' lang='lat' dir='ltr'>obser-</span> 
     </span>
     <span class='ocr_line' id='line_1_10' title="bbox 160 1080 1938 1143; baseline -0.001 -13"><span class='ocrx_word' id='word_1_83' title='bbox 160 1087 267 1131; x_wconf 88' lang='lat' dir='ltr'>vata</span> <span class='ocrx_word' id='word_1_84' title='bbox 301 1087 412 1131; x_wconf 89' lang='lat' dir='ltr'>sunt</span> <span class='ocrx_word' id='word_1_85' title='bbox 450 1097 585 1131; x_wconf 87' lang='lat' dir='ltr'>more</span> <span class='ocrx_word' id='word_1_86' title='bbox 623 1080 780 1129; x_wconf 83' lang='lat' dir='ltr'>solito.</span> <span class='ocrx_word' id='word_1_87' title='bbox 820 1082 1092 1143; x_wconf 89' lang='lat' dir='ltr'>Antequam</span> <span class='ocrx_word' id='word_1_88' title='bbox 1133 1080 1216 1127; x_wconf 90' lang='lat' dir='ltr'><strong>SS.</strong></span> <span class='ocrx_word' id='word_1_89' title='bbox 1259 1082 1315 1127; x_wconf 94' lang='lat' dir='ltr'>D.</span> <span class='ocrx_word' id='word_1_90' title='bbox 1353 1082 1410 1128; x_wconf 91' lang='lat' dir='ltr'>N.</span> <span class='ocrx_word' id='word_1_91' title='bbox 1452 1080 1603 1129; x_wconf 85' lang='lat' dir='ltr'>exiret</span> <span class='ocrx_word' id='word_1_92' title='bbox 1639 1081 1698 1129; x_wconf 94' lang='lat' dir='ltr'>de</span> <span class='ocrx_word' id='word_1_93' title='bbox 1729 1097 1938 1141; x_wconf 89' lang='lat' dir='ltr'>camera,</span> 
     </span>
     <span class='ocr_line' id='line_1_11' title="bbox 163 1164 1945 1230; baseline 0.001 -16"><span class='ocrx_word' id='word_1_94' title='bbox 163 1169 328 1214; x_wconf 90' lang='lat' dir='ltr'>Rmus.</span> <span class='ocrx_word' id='word_1_95' title='bbox 358 1170 415 1215; x_wconf 92' lang='lat' dir='ltr'>D.</span> <span class='ocrx_word' id='word_1_96' title='bbox 441 1165 695 1215; x_wconf 89' lang='lat' dir='ltr'>cardinalis</span> <span class='ocrx_word' id='word_1_97' title='bbox 726 1167 979 1230; x_wconf 89' lang='lat' dir='ltr'>Capuanus</span> <span class='ocrx_word' id='word_1_98' title='bbox 1006 1164 1125 1212; x_wconf 89' lang='lat' dir='ltr'>dixit</span> <span class='ocrx_word' id='word_1_99' title='bbox 1158 1165 1291 1213; x_wconf 91' lang='lat' dir='ltr'>socio</span> <span class='ocrx_word' id='word_1_100' title='bbox 1320 1181 1431 1214; x_wconf 90' lang='lat' dir='ltr'>meo</span> <span class='ocrx_word' id='word_1_101' title='bbox 1463 1167 1547 1215; x_wconf 89' lang='lat' dir='ltr'><strong>SS.</strong></span> <span class='ocrx_word' id='word_1_102' title='bbox 1574 1170 1631 1215; x_wconf 94' lang='lat' dir='ltr'>D.</span> <span class='ocrx_word' id='word_1_103' title='bbox 1656 1168 1712 1215; x_wconf 93' lang='lat' dir='ltr'>N.</span> <span class='ocrx_word' id='word_1_104' title='bbox 1740 1167 1945 1215; x_wconf 86' lang='lat' dir='ltr'>commi—</span> 
     </span>
     <span class='ocr_line' id='line_1_12' title="bbox 162 1247 1943 1313; baseline -0.001 -15"><span class='ocrx_word' id='word_1_105' title='bbox 162 1249 281 1298; x_wconf 90' lang='lat' dir='ltr'>sisse</span> <span class='ocrx_word' id='word_1_106' title='bbox 309 1249 441 1313; x_wconf 92' lang='lat' dir='ltr'>quod</span> <span class='ocrx_word' id='word_1_107' title='bbox 471 1252 686 1296; x_wconf 84' lang='lat' dir='ltr'>oratores</span> <span class='ocrx_word' id='word_1_108' title='bbox 715 1247 958 1296; x_wconf 87' lang='lat' dir='ltr'>Britannie</span> <span class='ocrx_word' id='word_1_109' title='bbox 987 1247 1064 1310; x_wconf 92' lang='lat' dir='ltr'>qui</span> <span class='ocrx_word' id='word_1_110' title='bbox 1098 1263 1145 1294; x_wconf 88' lang='lat' dir='ltr'>x1</span> <span class='ocrx_word' id='word_1_111' title='bbox 1173 1247 1316 1311; x_wconf 88' lang='lat' dir='ltr'>hujus</span> <span class='ocrx_word' id='word_1_112' title='bbox 1338 1248 1554 1312; x_wconf 87' lang='lat' dir='ltr'>[mensis]</span> <span class='ocrx_word' id='word_1_113' title='bbox 1578 1249 1828 1297; x_wconf 82' lang='lat' dir='ltr'>Sanctitati</span> <span class='ocrx_word' id='word_1_114' title='bbox 1857 1265 1943 1298; x_wconf 92' lang='lat' dir='ltr'>sue</span> 
     </span>
     <span class='ocr_line' id='line_1_13' title="bbox 161 1324 2001 1396; baseline -0.001 -15"><span class='ocrx_word' id='word_1_115' title='bbox 161 1332 487 1382; x_wconf 88' lang='lat' dir='ltr'>obedientiam</span> <span class='ocrx_word' id='word_1_116' title='bbox 525 1331 767 1396; x_wconf 86' lang='lat' dir='ltr'>publicam</span> <span class='ocrx_word' id='word_1_117' title='bbox 805 1330 1115 1395; x_wconf 88' lang='lat' dir='ltr'>prestiterant</span> <span class='ocrx_word' id='word_1_118' title='bbox 1146 1331 1310 1378; x_wconf 86' lang='lat' dir='ltr'>locum</span> <span class='ocrx_word' id='word_1_119' title='bbox 1343 1331 1524 1379; x_wconf 88' lang='lat' dir='ltr'>habere</span> <span class='ocrx_word' id='word_1_120' title='bbox 1567 1331 1802 1381; x_wconf 89' lang='lat' dir='ltr'>deberent</span> <span class='ocrx_word' id='word_1_121' title='bbox 1836 1336 1945 1395; x_wconf 87' lang='lat' dir='ltr'>post</span> <span class='ocrx_word' id='word_1_122' title='bbox 1994 1324 2001 1327; x_wconf 55' lang='grc'><strong><em>’</em></strong></span> 
     </span>
     <span class='ocr_line' id='line_1_14' title="bbox 163 1414 1945 1479; baseline 0 -15"><span class='ocrx_word' id='word_1_123' title='bbox 163 1421 407 1465; x_wconf 88' lang='lat' dir='ltr'>oratorem</span> <span class='ocrx_word' id='word_1_124' title='bbox 435 1415 532 1464; x_wconf 89' lang='lat' dir='ltr'>sive</span> <span class='ocrx_word' id='word_1_125' title='bbox 555 1415 715 1479; x_wconf 92' lang='lat' dir='ltr'>potius</span> <span class='ocrx_word' id='word_1_126' title='bbox 737 1418 1104 1478; x_wconf 91' lang='lat' dir='ltr'>procuratorem</span> <span class='ocrx_word' id='word_1_127' title='bbox 1131 1414 1259 1478; x_wconf 89' lang='lat' dir='ltr'>regis</span> <span class='ocrx_word' id='word_1_128' title='bbox 1287 1415 1506 1475; x_wconf 89' lang='lat' dir='ltr'>Francie,</span> <span class='ocrx_word' id='word_1_129' title='bbox 1532 1415 1811 1465; x_wconf 82' lang='lat' dir='ltr'>immediate</span> <span class='ocrx_word' id='word_1_130' title='bbox 1833 1420 1945 1465; x_wconf 90' lang='lat' dir='ltr'>ante</span> 
     </span>
     <span class='ocr_line' id='line_1_15' title="bbox 160 1497 1942 1563; baseline 0.001 -15"><span class='ocrx_word' id='word_1_131' title='bbox 160 1504 378 1548; x_wconf 88' lang='lat' dir='ltr'>oratores</span> <span class='ocrx_word' id='word_1_132' title='bbox 395 1497 609 1547; x_wconf 92' lang='lat' dir='ltr'>omnium</span> <span class='ocrx_word' id='word_1_133' title='bbox 631 1498 834 1546; x_wconf 90' lang='lat' dir='ltr'>aliorum</span> <span class='ocrx_word' id='word_1_134' title='bbox 855 1513 1042 1562; x_wconf 89' lang='lat' dir='ltr'>regum,</span> <span class='ocrx_word' id='word_1_135' title='bbox 1060 1513 1171 1546; x_wconf 93' lang='lat' dir='ltr'>cum</span> <span class='ocrx_word' id='word_1_136' title='bbox 1196 1498 1291 1546; x_wconf 83' lang='lat' dir='ltr'>sint</span> <span class='ocrx_word' id='word_1_137' title='bbox 1306 1503 1523 1548; x_wconf 89' lang='lat' dir='ltr'>oratores</span> <span class='ocrx_word' id='word_1_138' title='bbox 1538 1500 1705 1563; x_wconf 87' lang='lat' dir='ltr'>regine</span> <span class='ocrx_word' id='word_1_139' title='bbox 1725 1499 1942 1549; x_wconf 88' lang='lat' dir='ltr'>Francie.</span> 
     </span>
     <span class='ocr_line' id='line_1_16' title="bbox 160 1582 1944 1646; baseline -0.001 -15"><span class='ocrx_word' id='word_1_140' title='bbox 160 1583 299 1640; x_wconf 82' lang='lat' dir='ltr'>Quod</span> <span class='ocrx_word' id='word_1_141' title='bbox 331 1583 460 1631; x_wconf 90' lang='lat' dir='ltr'>idem</span> <span class='ocrx_word' id='word_1_142' title='bbox 493 1583 653 1631; x_wconf 88' lang='lat' dir='ltr'>socius</span> <span class='ocrx_word' id='word_1_143' title='bbox 686 1598 826 1632; x_wconf 91' lang='lat' dir='ltr'>meus</span> <span class='ocrx_word' id='word_1_144' title='bbox 848 1582 1132 1646; x_wconf 87' lang='lat' dir='ltr'>significavit</span> <span class='ocrx_word' id='word_1_145' title='bbox 1155 1587 1210 1631; x_wconf 91' lang='lat' dir='ltr'>R.</span> <span class='ocrx_word' id='word_1_146' title='bbox 1242 1584 1291 1632; x_wconf 93' lang='lat' dir='ltr'>in</span> <span class='ocrx_word' id='word_1_147' title='bbox 1324 1585 1514 1634; x_wconf 86' lang='lat' dir='ltr'>Christo</span> <span class='ocrx_word' id='word_1_148' title='bbox 1542 1587 1595 1634; x_wconf 91' lang='lat' dir='ltr'>P.</span> <span class='ocrx_word' id='word_1_149' title='bbox 1631 1587 1688 1632; x_wconf 92' lang='lat' dir='ltr'><strong>D.</strong></span> <span class='ocrx_word' id='word_1_150' title='bbox 1717 1583 1944 1641; x_wconf 88' lang='lat' dir='ltr'>Johanni,</span> 
     </span>
     <span class='ocr_line' id='line_1_17' title="bbox 162 1666 1948 1734; baseline 0.001 -20"><span class='ocrx_word' id='word_1_151' title='bbox 162 1667 388 1730; x_wconf 90' lang='lat' dir='ltr'>episcopo</span> <span class='ocrx_word' id='word_1_152' title='bbox 412 1666 795 1730; x_wconf 85' lang='lat' dir='ltr'>Carthaginensi,</span> <span class='ocrx_word' id='word_1_153' title='bbox 822 1666 1000 1715; x_wconf 90' lang='lat' dir='ltr'>oratori</span> <span class='ocrx_word' id='word_1_154' title='bbox 1032 1668 1327 1716; x_wconf 89' lang='lat' dir='ltr'>serenissimi</span> <span class='ocrx_word' id='word_1_155' title='bbox 1349 1670 1476 1733; x_wconf 87' lang='lat' dir='ltr'>regis</span> <span class='ocrx_word' id='word_1_156' title='bbox 1507 1673 1556 1718; x_wconf 91' lang='lat' dir='ltr'>et</span> <span class='ocrx_word' id='word_1_157' title='bbox 1585 1668 1751 1734; x_wconf 86' lang='lat' dir='ltr'>regine</span> <span class='ocrx_word' id='word_1_158' title='bbox 1774 1669 1948 1732; x_wconf 88' lang='lat' dir='ltr'>Hispa-</span> 
     </span>
     <span class='ocr_line' id='line_1_18' title="bbox 165 1746 1948 1812; baseline 0.002 -17"><span class='ocrx_word' id='word_1_159' title='bbox 165 1746 386 1807; x_wconf 83' lang='lat' dir='ltr'>niarum3</span> <span class='ocrx_word' id='word_1_160' title='bbox 422 1748 520 1811; x_wconf 90' lang='lat' dir='ltr'>qui,</span> <span class='ocrx_word' id='word_1_161' title='bbox 549 1748 664 1797; x_wconf 90' lang='lat' dir='ltr'>licet</span> <span class='ocrx_word' id='word_1_162' title='bbox 693 1764 845 1812; x_wconf 86' lang='lat' dir='ltr'>cappa</span> <span class='ocrx_word' id='word_1_163' title='bbox 871 1753 1067 1812; x_wconf 89' lang='lat' dir='ltr'>paratus</span> <span class='ocrx_word' id='word_1_164' title='bbox 1096 1755 1222 1798; x_wconf 91' lang='lat' dir='ltr'>esset</span> <span class='ocrx_word' id='word_1_165' title='bbox 1251 1751 1473 1799; x_wconf 86' lang='lat' dir='ltr'>adstatim</span> <span class='ocrx_word' id='word_1_166' title='bbox 1501 1752 1705 1801; x_wconf 80' lang='lat' dir='ltr'>recessit</span> <span class='ocrx_word' id='word_1_167' title='bbox 1729 1752 1790 1801; x_wconf 92' lang='lat' dir='ltr'>de</span> <span class='ocrx_word' id='word_1_168' title='bbox 1819 1752 1948 1800; x_wconf 89' lang='lat' dir='ltr'>dicta</span> 
     </span>
     <span class='ocr_line' id='line_1_19' title="bbox 163 1831 1945 1899; baseline 0.002 -20"><span class='ocrx_word' id='word_1_169' title='bbox 163 1847 373 1890; x_wconf 86' lang='lat' dir='ltr'>camera,</span> <span class='ocrx_word' id='word_1_170' title='bbox 392 1831 563 1880; x_wconf 91' lang='lat' dir='ltr'>nolens</span> <span class='ocrx_word' id='word_1_171' title='bbox 582 1831 672 1880; x_wconf 92' lang='lat' dir='ltr'>illis</span> <span class='ocrx_word' id='word_1_172' title='bbox 695 1831 893 1892; x_wconf 89' lang='lat' dir='ltr'>cedere;</span> <span class='ocrx_word' id='word_1_173' title='bbox 913 1832 1210 1882; x_wconf 87' lang='lat' dir='ltr'>intraverunt</span> <span class='ocrx_word' id='word_1_174' title='bbox 1229 1836 1465 1899; x_wconf 89' lang='lat' dir='ltr'>capellam</span> <span class='ocrx_word' id='word_1_175' title='bbox 1483 1836 1578 1885; x_wconf 93' lang='lat' dir='ltr'>duo</span> <span class='ocrx_word' id='word_1_176' title='bbox 1597 1852 1655 1886; x_wconf 85' lang='lat' dir='ltr'>ex</span> <span class='ocrx_word' id='word_1_177' title='bbox 1674 1835 1945 1885; x_wconf 87' lang='lat' dir='ltr'>oratoribus</span> 
     </span>
     <span class='ocr_line' id='line_1_20' title="bbox 163 1914 1946 1982; baseline 0.001 -19"><span class='ocrx_word' id='word_1_178' title='bbox 163 1915 408 1980; x_wconf 88' lang='lat' dir='ltr'>predictis,</span> <span class='ocrx_word' id='word_1_179' title='bbox 441 1914 625 1964; x_wconf 89' lang='lat' dir='ltr'>scilicet</span> <span class='ocrx_word' id='word_1_180' title='bbox 652 1919 709 1964; x_wconf 91' lang='lat' dir='ltr'>D.</span> <span class='ocrx_word' id='word_1_181' title='bbox 741 1915 998 1974; x_wconf 89' lang='lat' dir='ltr'>Robertus,</span> <span class='ocrx_word' id='word_1_182' title='bbox 1028 1916 1284 1982; x_wconf 87' lang='lat' dir='ltr'>episcopus</span> <span class='ocrx_word' id='word_1_183' title='bbox 1315 1917 1626 1966; x_wconf 91' lang='lat' dir='ltr'>Trecorensis</span> <span class='ocrx_word' id='word_1_184' title='bbox 1654 1918 1752 1980; x_wconf 91' lang='lat' dir='ltr'>(qui</span> <span class='ocrx_word' id='word_1_185' title='bbox 1782 1917 1946 1965; x_wconf 93' lang='lat' dir='ltr'>locum</span> 
     </span>
    </p>
   </div>
   <div class='ocr_carea' id='block_1_3' title="bbox 162 2050 1951 3233">
    <p class='ocr_par' dir='ltr' id='par_1_3' title="bbox 164 2050 1951 2339">
     <span class='ocr_line' id='line_1_21' title="bbox 164 2050 1949 2102; baseline -0.001 -12"><span class='ocrx_word' id='word_1_186' title='bbox 164 2054 214 2090; x_wconf 89' lang='lat' dir='ltr'>du</span> <span class='ocrx_word' id='word_1_187' title='bbox 239 2065 305 2102; x_wconf 84' lang='lat' dir='ltr'>roy</span> <span class='ocrx_word' id='word_1_188' title='bbox 334 2058 459 2091; x_wconf 87' lang='lat' dir='ltr'>nostre</span> <span class='ocrx_word' id='word_1_189' title='bbox 482 2053 556 2090; x_wconf 88' lang='lat' dir='ltr'>dict</span> <span class='ocrx_word' id='word_1_190' title='bbox 582 2052 754 2101; x_wconf 87' lang='lat' dir='ltr'>seigneur</span> <span class='ocrx_word' id='word_1_191' title='bbox 779 2057 816 2090; x_wconf 92' lang='lat' dir='ltr'>et</span> <span class='ocrx_word' id='word_1_192' title='bbox 840 2065 906 2101; x_wconf 89' lang='lat' dir='ltr'>par</span> <span class='ocrx_word' id='word_1_193' title='bbox 931 2053 963 2090; x_wconf 92' lang='lat' dir='ltr'>le</span> <span class='ocrx_word' id='word_1_194' title='bbox 989 2055 1118 2102; x_wconf 88' lang='lat' dir='ltr'>povoir</span> <span class='ocrx_word' id='word_1_195' title='bbox 1144 2066 1208 2090; x_wconf 90' lang='lat' dir='ltr'>sur</span> <span class='ocrx_word' id='word_1_196' title='bbox 1233 2059 1270 2091; x_wconf 82' lang='lat' dir='ltr'>et</span> <span class='ocrx_word' id='word_1_197' title='bbox 1294 2056 1316 2090; x_wconf 75' lang='lat' dir='ltr'>a</span> <span class='ocrx_word' id='word_1_198' title='bbox 1341 2052 1426 2089; x_wconf 81' lang='lat' dir='ltr'>eulx</span> <span class='ocrx_word' id='word_1_199' title='bbox 1452 2052 1586 2096; x_wconf 84' lang='lat' dir='ltr'>donne,</span> <span class='ocrx_word' id='word_1_200' title='bbox 1608 2050 1670 2098; x_wconf 86' lang='lat' dir='ltr'>luy</span> <span class='ocrx_word' id='word_1_201' title='bbox 1693 2054 1819 2088; x_wconf 89' lang='lat' dir='ltr'>seront</span> <span class='ocrx_word' id='word_1_202' title='bbox 1836 2062 1949 2100; x_wconf 84' lang='lat' dir='ltr'>vraye</span> 
     </span>
     <span class='ocr_line' id='line_1_22' title="bbox 164 2112 1950 2162; baseline -0.001 -13"><span class='ocrx_word' id='word_1_203' title='bbox 164 2124 254 2161; x_wconf 87' lang='lat' dir='ltr'>pure</span> <span class='ocrx_word' id='word_1_204' title='bbox 274 2116 310 2149; x_wconf 87' lang='lat' dir='ltr'>et</span> <span class='ocrx_word' id='word_1_205' title='bbox 329 2112 465 2149; x_wconf 87' lang='lat' dir='ltr'>entiere</span> <span class='ocrx_word' id='word_1_206' title='bbox 487 2112 715 2160; x_wconf 78' lang='lat' dir='ltr'>obeyssance</span> <span class='ocrx_word' id='word_1_207' title='bbox 735 2112 868 2159; x_wconf 86' lang='lat' dir='ltr'>filliale,</span> <span class='ocrx_word' id='word_1_208' title='bbox 890 2117 969 2150; x_wconf 85' lang='lat' dir='ltr'>tant</span> <span class='ocrx_word' id='word_1_209' title='bbox 987 2126 1079 2162; x_wconf 87' lang='lat' dir='ltr'>pour</span> <span class='ocrx_word' id='word_1_210' title='bbox 1098 2114 1130 2150; x_wconf 90' lang='lat' dir='ltr'>le</span> <span class='ocrx_word' id='word_1_211' title='bbox 1151 2114 1226 2150; x_wconf 90' lang='lat' dir='ltr'>dict</span> <span class='ocrx_word' id='word_1_212' title='bbox 1239 2113 1414 2161; x_wconf 84' lang='lat' dir='ltr'>seigneur</span> <span class='ocrx_word' id='word_1_213' title='bbox 1433 2115 1470 2149; x_wconf 90' lang='lat' dir='ltr'>et</span> <span class='ocrx_word' id='word_1_214' title='bbox 1489 2114 1569 2148; x_wconf 86' lang='lat' dir='ltr'>tout</span> <span class='ocrx_word' id='word_1_215' title='bbox 1589 2122 1657 2147; x_wconf 89' lang='lat' dir='ltr'>son</span> <span class='ocrx_word' id='word_1_216' title='bbox 1683 2122 1858 2159; x_wconf 88' lang='lat' dir='ltr'>royaume</span> <span class='ocrx_word' id='word_1_217' title='bbox 1878 2123 1950 2160; x_wconf 92' lang='lat' dir='ltr'>que</span> 
     </span>
     <span class='ocr_line' id='line_1_23' title="bbox 165 2170 1949 2221; baseline -0.001 -12"><span class='ocrx_word' id='word_1_218' title='bbox 165 2183 256 2220; x_wconf 84' lang='lat' dir='ltr'>pour</span> <span class='ocrx_word' id='word_1_219' title='bbox 281 2176 363 2209; x_wconf 85' lang='lat' dir='ltr'>tous</span> <span class='ocrx_word' id='word_1_220' title='bbox 391 2183 451 2208; x_wconf 88' lang='lat' dir='ltr'>ses</span> <span class='ocrx_word' id='word_1_221' title='bbox 477 2177 599 2209; x_wconf 86' lang='lat' dir='ltr'>autres</span> <span class='ocrx_word' id='word_1_222' title='bbox 626 2184 732 2220; x_wconf 90' lang='lat' dir='ltr'>pays,</span> <span class='ocrx_word' id='word_1_223' title='bbox 760 2177 876 2209; x_wconf 85' lang='lat' dir='ltr'>terres</span> <span class='ocrx_word' id='word_1_224' title='bbox 902 2176 938 2209; x_wconf 88' lang='lat' dir='ltr'>et</span> <span class='ocrx_word' id='word_1_225' title='bbox 964 2173 1206 2221; x_wconf 88' lang='lat' dir='ltr'>seigneuries‚</span> <span class='ocrx_word' id='word_1_226' title='bbox 1234 2178 1270 2210; x_wconf 87' lang='lat' dir='ltr'>et</span> <span class='ocrx_word' id='word_1_227' title='bbox 1295 2184 1387 2221; x_wconf 89' lang='lat' dir='ltr'>pour</span> <span class='ocrx_word' id='word_1_228' title='bbox 1406 2176 1490 2208; x_wconf 87' lang='lat' dir='ltr'>tous</span> <span class='ocrx_word' id='word_1_229' title='bbox 1512 2170 1565 2207; x_wconf 88' lang='lat' dir='ltr'>les</span> <span class='ocrx_word' id='word_1_230' title='bbox 1585 2170 1774 2219; x_wconf 86' lang='lat' dir='ltr'>subgectz‚</span> <span class='ocrx_word' id='word_1_231' title='bbox 1797 2183 1949 2208; x_wconf 88' lang='lat' dir='ltr'>manans</span> 
     </span>
     <span class='ocr_line' id='line_1_24' title="bbox 164 2228 1951 2280; baseline -0.001 -13"><span class='ocrx_word' id='word_1_232' title='bbox 164 2235 201 2267; x_wconf 89' lang='lat' dir='ltr'>et</span> <span class='ocrx_word' id='word_1_233' title='bbox 219 2231 391 2268; x_wconf 86' lang='lat' dir='ltr'>habitans</span> <span class='ocrx_word' id='word_1_234' title='bbox 411 2243 456 2268; x_wconf 91' lang='lat' dir='ltr'>en</span> <span class='ocrx_word' id='word_1_235' title='bbox 477 2230 608 2275; x_wconf 86' lang='lat' dir='ltr'>iceulx‚</span> <span class='ocrx_word' id='word_1_236' title='bbox 631 2235 667 2268; x_wconf 90' lang='lat' dir='ltr'>et</span> <span class='ocrx_word' id='word_1_237' title='bbox 690 2235 769 2269; x_wconf 85' lang='lat' dir='ltr'>tant</span> <span class='ocrx_word' id='word_1_238' title='bbox 794 2231 876 2268; x_wconf 73' lang='lat' dir='ltr'>dela</span> <span class='ocrx_word' id='word_1_239' title='bbox 895 2244 965 2280; x_wconf 90' lang='lat' dir='ltr'>que</span> <span class='ocrx_word' id='word_1_240' title='bbox 992 2232 1080 2278; x_wconf 69' lang='lat' dir='ltr'>deca</span> <span class='ocrx_word' id='word_1_241' title='bbox 1106 2232 1158 2269; x_wconf 89' lang='lat' dir='ltr'>les</span> <span class='ocrx_word' id='word_1_242' title='bbox 1185 2237 1321 2279; x_wconf 88' lang='lat' dir='ltr'>monts,</span> <span class='ocrx_word' id='word_1_243' title='bbox 1344 2236 1423 2269; x_wconf 87' lang='lat' dir='ltr'>tout</span> <span class='ocrx_word' id='word_1_244' title='bbox 1443 2231 1538 2268; x_wconf 91' lang='lat' dir='ltr'>ainsi</span> <span class='ocrx_word' id='word_1_245' title='bbox 1559 2228 1646 2278; x_wconf 89' lang='lat' dir='ltr'>qu&#39;il</span> <span class='ocrx_word' id='word_1_246' title='bbox 1666 2242 1688 2267; x_wconf 90' lang='lat' dir='ltr'>a</span> <span class='ocrx_word' id='word_1_247' title='bbox 1709 2233 1785 2267; x_wconf 80' lang='lat' dir='ltr'>este</span> <span class='ocrx_word' id='word_1_248' title='bbox 1803 2230 1866 2266; x_wconf 86' lang='lat' dir='ltr'>fait</span> <span class='ocrx_word' id='word_1_249' title='bbox 1886 2242 1951 2279; x_wconf 88' lang='lat' dir='ltr'>par</span> 
     </span>
     <span class='ocr_line' id='line_1_25' title="bbox 167 2291 542 2339; baseline -0.003 -11"><span class='ocrx_word' id='word_1_250' title='bbox 167 2302 227 2328; x_wconf 92' lang='lat' dir='ltr'>ses</span> <span class='ocrx_word' id='word_1_251' title='bbox 247 2291 542 2339; x_wconf 87' lang='lat' dir='ltr'>predecesseurs.</span> 
     </span>
    </p>

    <p class='ocr_par' dir='ltr' id='par_1_4' title="bbox 162 2348 1950 2579">
     <span class='ocr_line' id='line_1_26' title="bbox 211 2348 1949 2400; baseline -0.001 -13"><span class='ocrx_word' id='word_1_252' title='bbox 211 2365 230 2385; x_wconf 87' lang='lat'>«</span> <span class='ocrx_word' id='word_1_253' title='bbox 251 2351 355 2396; x_wconf 74' lang='lat' dir='ltr'>item,</span> <span class='ocrx_word' id='word_1_254' title='bbox 376 2355 413 2388; x_wconf 90' lang='lat' dir='ltr'>et</span> <span class='ocrx_word' id='word_1_255' title='bbox 438 2362 482 2387; x_wconf 93' lang='lat' dir='ltr'>en</span> <span class='ocrx_word' id='word_1_256' title='bbox 509 2363 549 2387; x_wconf 90' lang='lat' dir='ltr'>ce</span> <span class='ocrx_word' id='word_1_257' title='bbox 575 2351 709 2388; x_wconf 84' lang='lat' dir='ltr'>faisant</span> <span class='ocrx_word' id='word_1_258' title='bbox 733 2363 774 2388; x_wconf 90' lang='lat' dir='ltr'>es</span> <span class='ocrx_word' id='word_1_259' title='bbox 800 2364 884 2389; x_wconf 86' lang='lat' dir='ltr'>nom</span> <span class='ocrx_word' id='word_1_260' title='bbox 905 2357 941 2389; x_wconf 86' lang='lat' dir='ltr'>et</span> <span class='ocrx_word' id='word_1_261' title='bbox 965 2353 1101 2400; x_wconf 81' lang='lat' dir='ltr'>qualite</span> <span class='ocrx_word' id='word_1_262' title='bbox 1128 2364 1199 2400; x_wconf 88' lang='lat' dir='ltr'>que</span> <span class='ocrx_word' id='word_1_263' title='bbox 1226 2353 1360 2389; x_wconf 77' lang='lat' dir='ltr'>slessus</span> <span class='ocrx_word' id='word_1_264' title='bbox 1387 2356 1534 2389; x_wconf 86' lang='lat' dir='ltr'>nostres</span> <span class='ocrx_word' id='word_1_265' title='bbox 1560 2350 1653 2387; x_wconf 82' lang='lat' dir='ltr'>diets</span> <span class='ocrx_word' id='word_1_266' title='bbox 1681 2349 1875 2398; x_wconf 80' lang='lat' dir='ltr'>seigneurs</span> <span class='ocrx_word' id='word_1_267' title='bbox 1897 2348 1949 2386; x_wconf 83' lang='lat' dir='ltr'>les</span> 
     </span>
     <span class='ocr_line' id='line_1_27' title="bbox 164 2406 1950 2461; baseline 0 -15"><span class='ocrx_word' id='word_1_268' title='bbox 164 2410 461 2455; x_wconf 83' lang='lat' dir='ltr'>ambassadeurs,</span> <span class='ocrx_word' id='word_1_269' title='bbox 483 2421 528 2446; x_wconf 87' lang='lat' dir='ltr'>en</span> <span class='ocrx_word' id='word_1_270' title='bbox 554 2410 689 2448; x_wconf 85' lang='lat' dir='ltr'>faisant</span> <span class='ocrx_word' id='word_1_271' title='bbox 713 2411 843 2448; x_wconf 88' lang='lat' dir='ltr'>ladicte</span> <span class='ocrx_word' id='word_1_272' title='bbox 870 2412 1097 2461; x_wconf 87' lang='lat' dir='ltr'>obeyssance</span> <span class='ocrx_word' id='word_1_273' title='bbox 1118 2411 1436 2460; x_wconf 85' lang='lat' dir='ltr'>recongnoistront</span> <span class='ocrx_word' id='word_1_274' title='bbox 1456 2414 1582 2447; x_wconf 88' lang='lat' dir='ltr'>nostre</span> <span class='ocrx_word' id='word_1_275' title='bbox 1600 2410 1676 2447; x_wconf 90' lang='lat' dir='ltr'>dict</span> <span class='ocrx_word' id='word_1_276' title='bbox 1696 2410 1793 2447; x_wconf 88' lang='lat' dir='ltr'>saint</span> <span class='ocrx_word' id='word_1_277' title='bbox 1811 2419 1896 2457; x_wconf 88' lang='lat' dir='ltr'>pere</span> <span class='ocrx_word' id='word_1_278' title='bbox 1917 2406 1950 2446; x_wconf 86' lang='lat' dir='ltr'>le</span> 
     </span>
     <span class='ocr_line' id='line_1_28' title="bbox 164 2467 1948 2520; baseline -0.001 -16"><span class='ocrx_word' id='word_1_279' title='bbox 164 2481 257 2517; x_wconf 87' lang='lat' dir='ltr'>pape</span> <span class='ocrx_word' id='word_1_280' title='bbox 283 2468 488 2505; x_wconf 86' lang='lat' dir='ltr'>Alexandre</span> <span class='ocrx_word' id='word_1_281' title='bbox 506 2469 601 2506; x_wconf 73' lang='lat' dir='ltr'>VIme</span> <span class='ocrx_word' id='word_1_282' title='bbox 627 2482 716 2518; x_wconf 84' lang='lat' dir='ltr'>vray</span> <span class='ocrx_word' id='word_1_283' title='bbox 736 2475 878 2507; x_wconf 83' lang='lat' dir='ltr'>recteur</span> <span class='ocrx_word' id='word_1_284' title='bbox 897 2472 940 2508; x_wconf 88' lang='lat' dir='ltr'>de</span> <span class='ocrx_word' id='word_1_285' title='bbox 967 2471 1109 2520; x_wconf 85' lang='lat' dir='ltr'>l&#39;eglise</span> <span class='ocrx_word' id='word_1_286' title='bbox 1142 2471 1358 2508; x_wconf 81' lang='lat' dir='ltr'>universelle</span> <span class='ocrx_word' id='word_1_287' title='bbox 1385 2475 1421 2507; x_wconf 87' lang='lat' dir='ltr'>et</span> <span class='ocrx_word' id='word_1_288' title='bbox 1446 2482 1535 2519; x_wconf 87' lang='lat' dir='ltr'>vray</span> <span class='ocrx_word' id='word_1_289' title='bbox 1560 2469 1692 2506; x_wconf 87' lang='lat' dir='ltr'>vicaire</span> <span class='ocrx_word' id='word_1_290' title='bbox 1712 2469 1757 2505; x_wconf 88' lang='lat' dir='ltr'>de</span> <span class='ocrx_word' id='word_1_291' title='bbox 1784 2467 1876 2504; x_wconf 90' lang='lat' dir='ltr'>Dieu</span> <span class='ocrx_word' id='word_1_292' title='bbox 1904 2478 1948 2504; x_wconf 90' lang='lat' dir='ltr'>en</span> 
     </span>
     <span class='ocr_line' id='line_1_29' title="bbox 162 2528 1826 2579; baseline 0 -15"><span class='ocrx_word' id='word_1_293' title='bbox 162 2533 270 2573; x_wconf 86' lang='lat' dir='ltr'>terre,</span> <span class='ocrx_word' id='word_1_294' title='bbox 291 2532 327 2564; x_wconf 87' lang='lat' dir='ltr'>et</span> <span class='ocrx_word' id='word_1_295' title='bbox 346 2528 438 2564; x_wconf 89' lang='lat' dir='ltr'>celui</span> <span class='ocrx_word' id='word_1_296' title='bbox 457 2531 478 2564; x_wconf 73' lang='grc' dir='ltr'>ἐι</span> <span class='ocrx_word' id='word_1_297' title='bbox 499 2529 562 2576; x_wconf 89' lang='lat' dir='ltr'>qui</span> <span class='ocrx_word' id='word_1_298' title='bbox 582 2533 679 2566; x_wconf 87' lang='lat' dir='ltr'>toute</span> <span class='ocrx_word' id='word_1_299' title='bbox 699 2529 872 2578; x_wconf 83' lang='lat' dir='ltr'>pleniere‚</span> <span class='ocrx_word' id='word_1_300' title='bbox 896 2530 1036 2567; x_wconf 86' lang='lat' dir='ltr'>sincere</span> <span class='ocrx_word' id='word_1_301' title='bbox 1057 2536 1092 2567; x_wconf 89' lang='lat' dir='ltr'>et</span> <span class='ocrx_word' id='word_1_302' title='bbox 1111 2531 1246 2567; x_wconf 91' lang='lat' dir='ltr'>entiere</span> <span class='ocrx_word' id='word_1_303' title='bbox 1266 2531 1495 2579; x_wconf 86' lang='lat' dir='ltr'>obeyssance</span> <span class='ocrx_word' id='word_1_304' title='bbox 1516 2528 1623 2565; x_wconf 82' lang='lat' dir='ltr'>filiale</span> <span class='ocrx_word' id='word_1_305' title='bbox 1645 2532 1701 2565; x_wconf 88' lang='lat' dir='ltr'>est</span> <span class='ocrx_word' id='word_1_306' title='bbox 1721 2528 1826 2565; x_wconf 92' lang='lat' dir='ltr'>deue.</span> 
     </span>
    </p>

    <p class='ocr_par' dir='ltr' id='par_1_5' title="bbox 164 2586 1948 3233">
     <span class='ocr_line' id='line_1_30' title="bbox 212 2586 1947 2636; baseline 0.001 -15"><span class='ocrx_word' id='word_1_307' title='bbox 212 2599 231 2620; x_wconf 70' lang='grc' dir='ltr'>(ι</span> <span class='ocrx_word' id='word_1_308' title='bbox 252 2586 296 2622; x_wconf 91' lang='lat' dir='ltr'>Et</span> <span class='ocrx_word' id='word_1_309' title='bbox 316 2590 561 2634; x_wconf 88' lang='lat' dir='ltr'>promectront</span> <span class='ocrx_word' id='word_1_310' title='bbox 579 2586 695 2624; x_wconf 84' lang='lat' dir='ltr'>iceulx</span> <span class='ocrx_word' id='word_1_311' title='bbox 716 2587 997 2625; x_wconf 83' lang='lat' dir='ltr'>ambassadeurs</span> <span class='ocrx_word' id='word_1_312' title='bbox 1017 2601 1155 2626; x_wconf 88' lang='lat' dir='ltr'>comme</span> <span class='ocrx_word' id='word_1_313' title='bbox 1175 2590 1309 2625; x_wconf 90' lang='lat' dir='ltr'>dessus</span> <span class='ocrx_word' id='word_1_314' title='bbox 1330 2589 1374 2624; x_wconf 86' lang='lat' dir='ltr'>de</span> <span class='ocrx_word' id='word_1_315' title='bbox 1395 2588 1508 2636; x_wconf 84' lang='lat' dir='ltr'>obeyr</span> <span class='ocrx_word' id='word_1_316' title='bbox 1528 2592 1565 2624; x_wconf 88' lang='lat' dir='ltr'>et</span> <span class='ocrx_word' id='word_1_317' title='bbox 1584 2587 1670 2623; x_wconf 84' lang='lat' dir='ltr'>faire</span> <span class='ocrx_word' id='word_1_318' title='bbox 1690 2586 1804 2634; x_wconf 78' lang='lat' dir='ltr'>obeyr</span> <span class='ocrx_word' id='word_1_319' title='bbox 1823 2590 1947 2623; x_wconf 85' lang='lat' dir='ltr'>nostre</span> 
     </span>
     <span class='ocr_line' id='line_1_31' title="bbox 166 2644 1948 2697; baseline 0.001 -17"><span class='ocrx_word' id='word_1_320' title='bbox 166 2644 241 2681; x_wconf 87' lang='lat' dir='ltr'>dict</span> <span class='ocrx_word' id='word_1_321' title='bbox 262 2644 359 2682; x_wconf 85' lang='lat' dir='ltr'>saint</span> <span class='ocrx_word' id='word_1_322' title='bbox 378 2657 463 2694; x_wconf 90' lang='lat' dir='ltr'>pere</span> <span class='ocrx_word' id='word_1_323' title='bbox 483 2657 548 2693; x_wconf 86' lang='lat' dir='ltr'>par</span> <span class='ocrx_word' id='word_1_324' title='bbox 573 2650 655 2683; x_wconf 90' lang='lat' dir='ltr'>tous</span> <span class='ocrx_word' id='word_1_325' title='bbox 674 2646 728 2683; x_wconf 89' lang='lat' dir='ltr'>les</span> <span class='ocrx_word' id='word_1_326' title='bbox 754 2658 963 2696; x_wconf 80' lang='lat' dir='ltr'>royaumes,</span> <span class='ocrx_word' id='word_1_327' title='bbox 990 2659 1098 2697; x_wconf 82' lang='lat' dir='ltr'>pays,</span> <span class='ocrx_word' id='word_1_328' title='bbox 1126 2653 1241 2685; x_wconf 88' lang='lat' dir='ltr'>terres</span> <span class='ocrx_word' id='word_1_329' title='bbox 1267 2651 1302 2684; x_wconf 87' lang='lat' dir='ltr'>et</span> <span class='ocrx_word' id='word_1_330' title='bbox 1328 2647 1556 2695; x_wconf 81' lang='lat' dir='ltr'>seigneuries</span> <span class='ocrx_word' id='word_1_331' title='bbox 1580 2649 1821 2695; x_wconf 86' lang='lat' dir='ltr'>appartenant</span> <span class='ocrx_word' id='word_1_332' title='bbox 1845 2645 1948 2682; x_wconf 84' lang='lat' dir='ltr'>audit</span> 
     </span>
     <span class='ocr_line' id='line_1_32' title="bbox 165 2702 1947 2755; baseline 0.001 -16"><span class='ocrx_word' id='word_1_333' title='bbox 165 2703 336 2752; x_wconf 87' lang='lat' dir='ltr'>seigneur</span> <span class='ocrx_word' id='word_1_334' title='bbox 356 2716 400 2740; x_wconf 91' lang='lat' dir='ltr'>en</span> <span class='ocrx_word' id='word_1_335' title='bbox 421 2709 506 2741; x_wconf 81' lang='lat' dir='ltr'>tous</span> <span class='ocrx_word' id='word_1_336' title='bbox 527 2716 603 2751; x_wconf 85' lang='lat' dir='ltr'>cas,</span> <span class='ocrx_word' id='word_1_337' title='bbox 618 2706 764 2754; x_wconf 88' lang='lat' dir='ltr'>esquelz</span> <span class='ocrx_word' id='word_1_338' title='bbox 784 2706 1012 2755; x_wconf 90' lang='lat' dir='ltr'>obeyssance</span> <span class='ocrx_word' id='word_1_339' title='bbox 1033 2712 1089 2745; x_wconf 88' lang='lat' dir='ltr'>est</span> <span class='ocrx_word' id='word_1_340' title='bbox 1108 2708 1200 2745; x_wconf 86' lang='lat' dir='ltr'>deue</span> <span class='ocrx_word' id='word_1_341' title='bbox 1222 2711 1243 2744; x_wconf 74' lang='lat' dir='ltr'>a</span> <span class='ocrx_word' id='word_1_342' title='bbox 1262 2712 1386 2744; x_wconf 87' lang='lat' dir='ltr'>nostre</span> <span class='ocrx_word' id='word_1_343' title='bbox 1407 2706 1481 2743; x_wconf 91' lang='lat' dir='ltr'>dict</span> <span class='ocrx_word' id='word_1_344' title='bbox 1502 2706 1620 2743; x_wconf 83' lang='lat' dir='ltr'>sainct</span> <span class='ocrx_word' id='word_1_345' title='bbox 1639 2717 1723 2754; x_wconf 90' lang='lat' dir='ltr'>pere</span> <span class='ocrx_word' id='word_1_346' title='bbox 1738 2708 1774 2742; x_wconf 86' lang='lat' dir='ltr'>et</span> <span class='ocrx_word' id='word_1_347' title='bbox 1786 2716 1835 2742; x_wconf 86' lang='lat' dir='ltr'>au</span> <span class='ocrx_word' id='word_1_348' title='bbox 1851 2702 1947 2742; x_wconf 88' lang='lat' dir='ltr'>saint</span> 
     </span>
     <span class='ocr_line' id='line_1_33' title="bbox 165 2762 1945 2816; baseline 0.001 -17"><span class='ocrx_word' id='word_1_349' title='bbox 165 2762 268 2811; x_wconf 84' lang='lat' dir='ltr'>siege</span> <span class='ocrx_word' id='word_1_350' title='bbox 281 2763 547 2812; x_wconf 86' lang='lat' dir='ltr'>appostolique.</span> <span class='ocrx_word' id='word_1_351' title='bbox 572 2765 617 2802; x_wconf 91' lang='lat' dir='ltr'>Et</span> <span class='ocrx_word' id='word_1_352' title='bbox 635 2777 772 2803; x_wconf 90' lang='lat' dir='ltr'>comme</span> <span class='ocrx_word' id='word_1_353' title='bbox 788 2778 846 2803; x_wconf 92' lang='lat' dir='ltr'>ses</span> <span class='ocrx_word' id='word_1_354' title='bbox 860 2767 1143 2814; x_wconf 88' lang='lat' dir='ltr'>predecesseurs</span> <span class='ocrx_word' id='word_1_355' title='bbox 1161 2779 1246 2816; x_wconf 86' lang='lat' dir='ltr'>roys</span> <span class='ocrx_word' id='word_1_356' title='bbox 1261 2768 1306 2804; x_wconf 89' lang='lat' dir='ltr'>de</span> <span class='ocrx_word' id='word_1_357' title='bbox 1317 2768 1455 2804; x_wconf 87' lang='lat' dir='ltr'>France</span> <span class='ocrx_word' id='word_1_358' title='bbox 1469 2770 1541 2803; x_wconf 89' lang='lat' dir='ltr'>tres</span> <span class='ocrx_word' id='word_1_359' title='bbox 1555 2765 1757 2803; x_wconf 86' lang='lat' dir='ltr'>chrestiens</span> <span class='ocrx_word' id='word_1_360' title='bbox 1778 2769 1813 2802; x_wconf 92' lang='lat' dir='ltr'>et</span> <span class='ocrx_word' id='word_1_361' title='bbox 1823 2769 1945 2802; x_wconf 85' lang='lat' dir='ltr'>autres</span> 
     </span>
     <span class='ocr_line' id='line_1_34' title="bbox 165 2824 1948 2876; baseline 0.001 -18"><span class='ocrx_word' id='word_1_362' title='bbox 165 2825 229 2858; x_wconf 91' lang='lat' dir='ltr'>ont</span> <span class='ocrx_word' id='word_1_363' title='bbox 247 2826 460 2859; x_wconf 78' lang='lat' dir='ltr'>acoustume</span> <span class='ocrx_word' id='word_1_364' title='bbox 479 2835 545 2872; x_wconf 84' lang='lat' dir='ltr'>par</span> <span class='ocrx_word' id='word_1_365' title='bbox 565 2836 609 2873; x_wconf 86' lang='lat' dir='ltr'>cy</span> <span class='ocrx_word' id='word_1_366' title='bbox 629 2825 763 2862; x_wconf 82' lang='lat' dir='ltr'>devant</span> <span class='ocrx_word' id='word_1_367' title='bbox 780 2825 868 2862; x_wconf 82' lang='lat' dir='ltr'>faire</span> <span class='ocrx_word' id='word_1_368' title='bbox 888 2837 960 2863; x_wconf 81' lang='lat' dir='ltr'>aux</span> <span class='ocrx_word' id='word_1_369' title='bbox 982 2826 1098 2863; x_wconf 89' lang='lat' dir='ltr'>saints</span> <span class='ocrx_word' id='word_1_370' title='bbox 1111 2839 1217 2876; x_wconf 87' lang='lat' dir='ltr'>peres</span> <span class='ocrx_word' id='word_1_371' title='bbox 1238 2827 1282 2864; x_wconf 89' lang='lat' dir='ltr'>de</span> <span class='ocrx_word' id='word_1_372' title='bbox 1296 2827 1448 2864; x_wconf 83' lang='lat' dir='ltr'>Romme</span> <span class='ocrx_word' id='word_1_373' title='bbox 1464 2826 1526 2875; x_wconf 91' lang='lat' dir='ltr'>qui</span> <span class='ocrx_word' id='word_1_374' title='bbox 1545 2824 1629 2863; x_wconf 81' lang='lat' dir='ltr'>sont</span> <span class='ocrx_word' id='word_1_375' title='bbox 1642 2824 1948 2873; x_wconf 86' lang='lat' dir='ltr'>canoniquement</span> 
     </span>
     <span class='ocr_line' id='line_1_35' title="bbox 164 2881 1946 2935; baseline 0.002 -17"><span class='ocrx_word' id='word_1_376' title='bbox 164 2885 285 2918; x_wconf 81' lang='lat' dir='ltr'>entrez</span> <span class='ocrx_word' id='word_1_377' title='bbox 304 2881 407 2919; x_wconf 88' lang='lat' dir='ltr'>oudit</span> <span class='ocrx_word' id='word_1_378' title='bbox 425 2882 531 2919; x_wconf 86' lang='lat' dir='ltr'>Saint</span> <span class='ocrx_word' id='word_1_379' title='bbox 550 2883 662 2932; x_wconf 86' lang='lat' dir='ltr'>Siege</span> <span class='ocrx_word' id='word_1_380' title='bbox 682 2885 952 2935; x_wconf 86' lang='lat' dir='ltr'>appostolique,</span> <span class='ocrx_word' id='word_1_381' title='bbox 975 2888 1059 2924; x_wconf 87' lang='lat' dir='ltr'>saus</span> <span class='ocrx_word' id='word_1_382' title='bbox 1081 2887 1264 2925; x_wconf 81' lang='lat' dir='ltr'>touteffoiz</span> <span class='ocrx_word' id='word_1_383' title='bbox 1291 2891 1327 2925; x_wconf 90' lang='lat' dir='ltr'>et</span> <span class='ocrx_word' id='word_1_384' title='bbox 1352 2899 1496 2924; x_wconf 80' lang='lat' dir='ltr'>reserve</span> <span class='ocrx_word' id='word_1_385' title='bbox 1517 2899 1563 2923; x_wconf 87' lang='lat' dir='ltr'>au</span> <span class='ocrx_word' id='word_1_386' title='bbox 1589 2887 1663 2923; x_wconf 87' lang='lat' dir='ltr'>dict</span> <span class='ocrx_word' id='word_1_387' title='bbox 1692 2885 1864 2934; x_wconf 86' lang='lat' dir='ltr'>seigneur</span> <span class='ocrx_word' id='word_1_388' title='bbox 1882 2895 1946 2933; x_wconf 75' lang='lat' dir='ltr'>roy</span> 
     </span>
     <span class='ocr_line' id='line_1_36' title="bbox 166 2941 1944 2997; baseline 0.001 -20"><span class='ocrx_word' id='word_1_389' title='bbox 166 2945 238 2978; x_wconf 85' lang='lat' dir='ltr'>tres</span> <span class='ocrx_word' id='word_1_390' title='bbox 262 2941 444 2979; x_wconf 87' lang='lat' dir='ltr'>chrestien</span> <span class='ocrx_word' id='word_1_391' title='bbox 471 2954 562 2991; x_wconf 88' lang='lat' dir='ltr'>pour</span> <span class='ocrx_word' id='word_1_392' title='bbox 586 2942 648 2992; x_wconf 89' lang='lat' dir='ltr'>luy</span> <span class='ocrx_word' id='word_1_393' title='bbox 674 2948 711 2981; x_wconf 90' lang='lat' dir='ltr'>et</span> <span class='ocrx_word' id='word_1_394' title='bbox 743 2956 802 2982; x_wconf 87' lang='grc'>565</span> <span class='ocrx_word' id='word_1_395' title='bbox 830 2958 1067 2984; x_wconf 87' lang='lat' dir='ltr'>successeurs</span> <span class='ocrx_word' id='word_1_396' title='bbox 1104 2959 1189 2997; x_wconf 87' lang='lat' dir='ltr'>roys</span> <span class='ocrx_word' id='word_1_397' title='bbox 1217 2948 1261 2984; x_wconf 89' lang='lat' dir='ltr'>de</span> <span class='ocrx_word' id='word_1_398' title='bbox 1281 2948 1432 2993; x_wconf 86' lang='lat' dir='ltr'>France,</span> <span class='ocrx_word' id='word_1_399' title='bbox 1463 2947 1516 2984; x_wconf 90' lang='lat' dir='ltr'>les</span> <span class='ocrx_word' id='word_1_400' title='bbox 1536 2945 1757 2995; x_wconf 87' lang='lat' dir='ltr'>privileiges,</span> <span class='ocrx_word' id='word_1_401' title='bbox 1785 2945 1944 2989; x_wconf 87' lang='lat' dir='ltr'>libertez,</span> 
     </span>
     <span class='ocr_line' id='line_1_37' title="bbox 165 3000 1944 3056; baseline 0.003 -21"><span class='ocrx_word' id='word_1_402' title='bbox 165 3000 365 3037; x_wconf 75' lang='lat' dir='ltr'>‹troictures</span> <span class='ocrx_word' id='word_1_403' title='bbox 386 3005 422 3038; x_wconf 90' lang='lat' dir='ltr'>et</span> <span class='ocrx_word' id='word_1_404' title='bbox 440 3002 690 3051; x_wconf 87' lang='lat' dir='ltr'>prerogatives</span> <span class='ocrx_word' id='word_1_405' title='bbox 703 3009 948 3053; x_wconf 82' lang='lat' dir='ltr'>appartenans</span> <span class='ocrx_word' id='word_1_406' title='bbox 963 3008 985 3043; x_wconf 78' lang='lat' dir='ltr'>a</span> <span class='ocrx_word' id='word_1_407' title='bbox 1000 3007 1075 3055; x_wconf 85' lang='lat' dir='ltr'>luy,</span> <span class='ocrx_word' id='word_1_408' title='bbox 1091 3010 1112 3043; x_wconf 70' lang='lat' dir='ltr'>a</span> <span class='ocrx_word' id='word_1_409' title='bbox 1131 3006 1273 3056; x_wconf 80' lang='lat' dir='ltr'>l&#39;eglise</span> <span class='ocrx_word' id='word_1_410' title='bbox 1288 3007 1452 3056; x_wconf 84' lang='lat' dir='ltr'>galicane</span> <span class='ocrx_word' id='word_1_411' title='bbox 1467 3011 1504 3044; x_wconf 90' lang='lat' dir='ltr'>et</span> <span class='ocrx_word' id='word_1_412' title='bbox 1522 3009 1545 3043; x_wconf 75' lang='lat' dir='ltr'>a</span> <span class='ocrx_word' id='word_1_413' title='bbox 1563 3018 1623 3042; x_wconf 91' lang='lat' dir='ltr'>ses</span> <span class='ocrx_word' id='word_1_414' title='bbox 1643 3017 1830 3053; x_wconf 76' lang='lat' dir='ltr'>royaume,</span> <span class='ocrx_word' id='word_1_415' title='bbox 1852 3014 1944 3052; x_wconf 80' lang='lat' dir='ltr'>pays</span> 
     </span>
     <span class='ocr_line' id='line_1_38' title="bbox 167 3057 1941 3117; baseline 0.003 -24"><span class='ocrx_word' id='word_1_416' title='bbox 167 3062 203 3094; x_wconf 89' lang='lat' dir='ltr'>et</span> <span class='ocrx_word' id='word_1_417' title='bbox 223 3057 465 3106; x_wconf 87' lang='lat' dir='ltr'>seigneuries,</span> <span class='ocrx_word' id='word_1_418' title='bbox 486 3065 521 3097; x_wconf 88' lang='lat' dir='ltr'>et</span> <span class='ocrx_word' id='word_1_419' title='bbox 540 3064 562 3098; x_wconf 73' lang='lat' dir='ltr'>a</span> <span class='ocrx_word' id='word_1_420' title='bbox 586 3066 669 3099; x_wconf 91' lang='lat' dir='ltr'>tous</span> <span class='ocrx_word' id='word_1_421' title='bbox 697 3074 757 3100; x_wconf 89' lang='lat' dir='ltr'>ses</span> <span class='ocrx_word' id='word_1_422' title='bbox 780 3064 967 3114; x_wconf 86' lang='lat' dir='ltr'>subgectz‚</span> <span class='ocrx_word' id='word_1_423' title='bbox 989 3070 1068 3103; x_wconf 86' lang='lat' dir='ltr'>tant</span> <span class='ocrx_word' id='word_1_424' title='bbox 1086 3078 1152 3115; x_wconf 85' lang='lat' dir='ltr'>par</span> <span class='ocrx_word' id='word_1_425' title='bbox 1171 3065 1292 3102; x_wconf 89' lang='lat' dir='ltr'>indulz</span> <span class='ocrx_word' id='word_1_426' title='bbox 1312 3065 1622 3117; x_wconf 86' lang='lat' dir='ltr'>appostolicques,</span> <span class='ocrx_word' id='word_1_427' title='bbox 1644 3068 1855 3101; x_wconf 89' lang='lat' dir='ltr'>coustumes</span> <span class='ocrx_word' id='word_1_428' title='bbox 1876 3075 1941 3098; x_wconf 81' lang='lat' dir='ltr'>an-</span> 
     </span>
     <span class='ocr_line' id='line_1_39' title="bbox 168 3118 1944 3173; baseline 0.001 -18"><span class='ocrx_word' id='word_1_429' title='bbox 168 3118 315 3156; x_wconf 82' lang='lat' dir='ltr'>ciennes</span> <span class='ocrx_word' id='word_1_430' title='bbox 335 3120 381 3156; x_wconf 91' lang='lat' dir='ltr'>de</span> <span class='ocrx_word' id='word_1_431' title='bbox 400 3124 479 3157; x_wconf 85' lang='lat' dir='ltr'>tout</span> <span class='ocrx_word' id='word_1_432' title='bbox 498 3125 616 3169; x_wconf 85' lang='lat' dir='ltr'>temps</span> <span class='ocrx_word' id='word_1_433' title='bbox 636 3122 831 3160; x_wconf 81' lang='lat' dir='ltr'>observees</span> <span class='ocrx_word' id='word_1_434' title='bbox 851 3128 887 3161; x_wconf 90' lang='lat' dir='ltr'>et</span> <span class='ocrx_word' id='word_1_435' title='bbox 906 3125 1062 3173; x_wconf 78' lang='lat' dir='ltr'>gardecs</span> <span class='ocrx_word' id='word_1_436' title='bbox 1081 3137 1152 3173; x_wconf 87' lang='lat' dir='ltr'>que</span> <span class='ocrx_word' id='word_1_437' title='bbox 1169 3129 1372 3162; x_wconf 82' lang='lat' dir='ltr'>autrement</span> <span class='ocrx_word' id='word_1_438' title='bbox 1390 3137 1434 3161; x_wconf 91' lang='lat' dir='ltr'>en</span> <span class='ocrx_word' id='word_1_439' title='bbox 1459 3125 1615 3172; x_wconf 82' lang='lat' dir='ltr'>quelque</span> <span class='ocrx_word' id='word_1_440' title='bbox 1634 3122 1792 3159; x_wconf 83' lang='lat' dir='ltr'>maniere</span> <span class='ocrx_word' id='word_1_441' title='bbox 1813 3133 1884 3169; x_wconf 89' lang='lat' dir='ltr'>que</span> <span class='ocrx_word' id='word_1_442' title='bbox 1904 3133 1944 3156; x_wconf 86' lang='lat' dir='ltr'>ce</span> 
     </span>
     <span class='ocr_line' id='line_1_40' title="bbox 169 3177 1722 3233; baseline 0.003 -19"><span class='ocrx_word' id='word_1_443' title='bbox 169 3177 253 3215; x_wconf 87' lang='lat' dir='ltr'>soit.</span> <span class='ocrx_word' id='word_1_444' title='bbox 276 3178 306 3214; x_wconf 87' lang='lat' dir='ltr'>A</span> <span class='ocrx_word' id='word_1_445' title='bbox 326 3190 424 3227; x_wconf 89' lang='lat' dir='ltr'>quoy</span> <span class='ocrx_word' id='word_1_446' title='bbox 443 3178 476 3215; x_wconf 91' lang='lat' dir='ltr'>le</span> <span class='ocrx_word' id='word_1_447' title='bbox 498 3191 561 3227; x_wconf 86' lang='lat' dir='ltr'>roy</span> <span class='ocrx_word' id='word_1_448' title='bbox 583 3192 619 3217; x_wconf 90' lang='lat' dir='ltr'>n.</span> <span class='ocrx_word' id='word_1_449' title='bbox 641 3181 677 3218; x_wconf 87' lang='lat' dir='ltr'>d.</span> <span class='ocrx_word' id='word_1_450' title='bbox 700 3193 730 3218; x_wconf 92' lang='lat' dir='ltr'>s.</span> <span class='ocrx_word' id='word_1_451' title='bbox 753 3181 924 3220; x_wconf 87' lang='lat' dir='ltr'>n’entend</span> <span class='ocrx_word' id='word_1_452' title='bbox 944 3188 1187 3222; x_wconf 88' lang='lat' dir='ltr'>aucunement</span> <span class='ocrx_word' id='word_1_453' title='bbox 1205 3185 1408 3233; x_wconf 84' lang='lat' dir='ltr'>desroguer</span> <span class='ocrx_word' id='word_1_454' title='bbox 1427 3196 1473 3220; x_wconf 90' lang='lat' dir='ltr'>ne</span> <span class='ocrx_word' id='word_1_455' title='bbox 1493 3182 1722 3231; x_wconf 86' lang='lat' dir='ltr'>prejudicier.</span> 
     </span>
    </p>
   </div>
   <div class='ocr_carea' id='block_1_4' title="bbox 216 3247 1654 3302">
    <p class='ocr_par' dir='ltr' id='par_1_6' title="bbox 216 3247 1654 3302">
     <span class='ocr_line' id='line_1_41' title="bbox 216 3247 1654 3302; baseline 0.005 -19"><span class='ocrx_word' id='word_1_456' title='bbox 216 3264 234 3281; x_wconf 87' lang='lat'>«</span> <span class='ocrx_word' id='word_1_457' title='bbox 258 3247 337 3285; x_wconf 84' lang='lat' dir='ltr'>Fait</span> <span class='ocrx_word' id='word_1_458' title='bbox 355 3251 376 3284; x_wconf 77' lang='lat' dir='ltr'>a</span> <span class='ocrx_word' id='word_1_459' title='bbox 397 3249 550 3297; x_wconf 85' lang='lat' dir='ltr'>Loches,</span> <span class='ocrx_word' id='word_1_460' title='bbox 573 3250 604 3287; x_wconf 87' lang='lat' dir='ltr'>le</span> <span class='ocrx_word' id='word_1_461' title='bbox 625 3258 690 3288; x_wconf 73' lang='grc' dir='ltr'>ιιιιο</span> <span class='ocrx_word' id='word_1_462' title='bbox 702 3253 787 3301; x_wconf 89' lang='lat' dir='ltr'>jour</span> <span class='ocrx_word' id='word_1_463' title='bbox 806 3255 850 3291; x_wconf 88' lang='lat' dir='ltr'>de</span> <span class='ocrx_word' id='word_1_464' title='bbox 871 3254 1013 3302; x_wconf 73' lang='lat' dir='ltr'>sevricr‚</span> <span class='ocrx_word' id='word_1_465' title='bbox 1036 3255 1106 3292; x_wconf 81' lang='lat' dir='ltr'>l&#39;an</span> <span class='ocrx_word' id='word_1_466' title='bbox 1126 3256 1187 3292; x_wconf 84' lang='lat' dir='ltr'>mil</span> <span class='ocrx_word' id='word_1_467' title='bbox 1208 3255 1325 3294; x_wconf 85' lang='lat' dir='ltr'>CCCC</span> <span class='ocrx_word' id='word_1_468' title='bbox 1348 3255 1453 3291; x_wconf 72' lang='lat' dir='ltr'>mlxx</span> <span class='ocrx_word' id='word_1_469' title='bbox 1474 3255 1536 3290; x_wconf 83' lang='lat' dir='ltr'>dix</span> <span class='ocrx_word' id='word_1_470' title='bbox 1556 3254 1654 3290; x_wconf 87' lang='lat' dir='ltr'>neuf.</span> 
     </span>
    </p>
   </div>
   <div class='ocr_carea' id='block_1_5' title="bbox 995 3327 1800 3410">
    <p class='ocr_par' dir='ltr' id='par_1_7' title="bbox 995 3327 1800 3410">
     <span class='ocr_line' id='line_1_42' title="bbox 995 3327 1152 3365; baseline 0.013 -2"><span class='ocrx_word' id='word_1_471' title='bbox 995 3341 1013 3359; x_wconf 93' lang='lat'>«</span> <span class='ocrx_word' id='word_1_472' title='bbox 1044 3327 1152 3365; x_wconf 71' lang='lat' dir='ltr'>Lovs.</span> 
     </span>
     <span class='ocr_line' id='line_1_43' title="bbox 1499 3374 1800 3410; baseline -0.003 -1"><span class='ocrx_word' id='word_1_473' title='bbox 1499 3390 1516 3407; x_wconf 68' lang='grc' dir='ltr'>«ι</span> <span class='ocrx_word' id='word_1_474' title='bbox 1547 3374 1751 3410; x_wconf 72' lang='lat' dir='ltr'>RoBEnTET.</span> <span class='ocrx_word' id='word_1_475' title='bbox 1782 3387 1800 3405; x_wconf 76' lang='lat'>&gt;1</span> 
     </span>
    </p>
   </div>
   <div class='ocr_carea' id='block_1_6' title="bbox 219 3429 948 3477">
    <p class='ocr_par' dir='ltr' id='par_1_8' title="bbox 219 3429 948 3477">
     <span class='ocr_line' id='line_1_44' title="bbox 219 3429 948 3477; baseline 0.005 -11"><span class='ocrx_word' id='word_1_476' title='bbox 219 3429 261 3466; x_wconf 79' lang='lat' dir='ltr'>b’.</span> <span class='ocrx_word' id='word_1_477' title='bbox 284 3429 343 3475; x_wconf 64' lang='lat' dir='ltr'>N„</span> <span class='ocrx_word' id='word_1_478' title='bbox 365 3431 428 3476; x_wconf 76' lang='lat' dir='ltr'>fds</span> <span class='ocrx_word' id='word_1_479' title='bbox 446 3432 583 3477; x_wconf 60' lang='lat' dir='ltr'>franc„</span> <span class='ocrx_word' id='word_1_480' title='bbox 605 3442 693 3469; x_wconf 80' lang='lat' dir='ltr'>mss.</span> <span class='ocrx_word' id='word_1_481' title='bbox 716 3434 809 3470; x_wconf 72' lang='lat'><strong>2930</strong></span> <span class='ocrx_word' id='word_1_482' title='bbox 826 3433 849 3470; x_wconf 88' lang='lat' dir='ltr'><strong>s.</strong></span> <span class='ocrx_word' id='word_1_483' title='bbox 875 3435 948 3470; x_wconf 72' lang='lat'><strong>1-2.</strong></span> 
     </span>
    </p>
   </div>
  </div>
 </body>
</html>
