2222 3926
161 355 268 397 [Aout
291 356 384 396 1496]
610 355 778 393 RERUM
813 354 1117 392 URBANARUM
1145 355 1496 393 COMMENTARH.
1877 359 1948 394 293

165 459 435 507 orationem
470 464 779 517 consuetam;
811 462 911 507 tum
940 457 1070 506 dicta
1105 458 1321 508 oratione
1357 464 1405 508 et
1437 460 1673 508 versiculo
1711 461 1770 508 de
1807 461 1950 509 beata

163 541 314 590 Maria
338 541 539 605 virgine,
566 541 769 590 ecclesie
799 546 1019 605 patrona,
1045 543 1251 592 surrexit
1276 544 1464 608 legatus
1493 548 1541 593 et
1572 544 1787 592 osculato
1811 543 1947 592 altari

165 625 211 672 in
244 625 404 673 medio
433 625 561 673 venit
591 625 651 673 ad
692 640 839 673 cornu
869 625 1072 689 epistole
1110 629 1156 674 et
1196 626 1260 674 ibi
1300 626 1419 674 dixit
1455 627 1725 676 orationem
1766 643 1776 674 :
1822 626 1950 674 Con-

165 708 287 767 cede,
319 723 420 766 nos,
444 708 654 773 famulos
680 717 801 769 tuos,
826 717 912 757 etc.
937 712 1055 758 Tum
1079 710 1360 759 solemniter
1382 701 1644 770 benedixit,
1673 711 1829 775 capite
1852 710 1950 758 dis-

167 796 368 855 coperto
405 807 415 839 ε
450 807 661 844 crucem
680 792 935 857 legationis
973 799 1083 843 ante
1124 810 1175 843 se
1218 793 1447 852 habebat,
1479 795 1593 844 licet
1631 794 1780 843 altare
1822 798 1950 843 esset

166 875 380 924 medium
403 876 460 924 ad
483 875 614 939 quod
633 876 777 925 etiam
803 893 971 925 versus
1002 878 1156 925 stabat
1183 878 1250 926 ita
1277 878 1406 941 quod
1426 878 1487 926 ad
1513 883 1702 942 portam
1731 878 1950 927 introitus

164 959 443 1023 principalis
474 959 534 1007 ad
568 959 825 1008 ecclesiam
856 961 1170 1024 perspiceret,
1196 961 1362 1009 dicens
1387 977 1396 1009 :
1427 960 1504 1009 Sit
1534 961 1722 1009 Nomen
1751 961 1951 1008 Domini

165 1027 475 1103 benedictum,
500 1051 606 1103 etc-n,
639 1049 686 1092 et
716 1043 955 1092 concessit
984 1044 1306 1107 indulgentias
1338 1044 1478 1092 unius
1513 1045 1625 1093 anni
1658 1045 1951 1093 interessen-

164 1126 309 1185 tibus,
340 1142 457 1190 quas
485 1142 577 1190 ego
610 1127 951 1190 pronunciavi3
979 1132 1028 1176 et
1053 1127 1256 1175 dimissa·
1280 1127 1343 1176 ibi
1375 1127 1705 1191 processione,
1738 1126 1865 1174 venit
1889 1126 1950 1174 ad

162 1210 392 1273 palatium
412 1210 803 1274 principaliorem
828 1211 954 1258 illius
975 1211 1179 1259 civitatis
1200 1211 1249 1257 in
1270 1226 1364 1273 quo
1385 1210 1658 1273 hospitatus
1679 1214 1770 1269 est,
1791 1213 1839 1258 et
1859 1225 1948 1257 nos

163 1293 249 1352 sic,
281 1293 439 1342 eundo
466 1309 554 1356 per
582 1293 808 1357 hospitia.
834 1295 1025 1343 Priores
1047 1299 1094 1342 et
1124 1294 1251 1349 cives
1281 1296 1669 1342 Interamnenses
1691 1308 1788 1341 non
1809 1307 1952 1341 vene-

162 1381 272 1424 runt
307 1376 397 1424 sibi
429 1376 635 1435 obviam,
669 1377 727 1425 de
759 1393 874 1441 quo,
900 1377 989 1442 ipsi
1020 1378 1069 1425 in
1099 1377 1299 1441 prandio
1334 1366 1559 1425 existenti
1590 1392 1677 1440 per
1708 1376 1951 1424 cancella-

162 1460 285 1507 rium
306 1474 445 1507 suum
467 1465 758 1509 excusarunt
779 1466 976 1525 propter
996 1461 1294 1510 celeritatem
1311 1461 1569 1520 adventus;
1598 1467 1646 1509 et
1662 1461 1751 1509 sibi
1772 1459 1946 1524 pullos,

164 1545 381 1593 melones
404 1545 650 1594 confectos
673 1550 719 1594 et
742 1544 834 1593 alia
853 1544 1109 1593 donarunt.

231 1629 370 1678 Feria
402 1629 560 1690 tertia,
596 1634 623 1678 2
661 1629 869 1693 augusti,
893 1629 1081 1693 legatus
1115 1634 1226 1678 ante
1259 1629 1389 1677 diem
1429 1630 1520 1676 iter
1555 1628 1755 1692 arripuit
1784 1643 1951 1676 versus

166 1713 416 1778 Spoletum
450 1713 579 1776 quod
607 1717 771 1761 tamen
798 1727 896 1760 non
921 1712 1114 1761 intravit
1144 1716 1342 1775 propter
1367 1715 1554 1776 pestem
1586 1712 1649 1760 ibi
1672 1712 1947 1775 ingentem;

167 1797 253 1845 sed
284 1798 423 1861 juxta
454 1812 621 1844 muros
654 1795 957 1860 pertransivit
986 1795 1035 1843 in
1069 1795 1224 1858 burgo
1253 1795 1406 1843 Trevii
1435 1795 1482 1842 in
1520 1811 1613 1843 uno
1645 1811 1703 1843 ex
1729 1794 1949 1858 hospitiis

165 1881 345 1930 ibidem
367 1880 658 1940 constitutis,
687 1885 789 1928 tota
809 1879 944 1943 quasi
965 1879 1147 1927 familia
1166 1879 1438 1943 Fulginium
1460 1879 1724 1942 equitante.

230 1966 370 2014 Feria
396 1968 581 2028 quarta,
614 1967 640 2012 3
673 1963 878 2027 augusti,
909 1962 1092 2010 familia
1119 1962 1248 2011 venit
1278 1962 1468 2011 obviam
1498 1963 1658 2026 legato
1684 1978 1773 2027 per
1799 1979 1950 2011 unum

166 2047 371 2096 milliare
401 2047 473 2096 vel
506 2047 630 2095 ultra
662 2048 932 2111 Fulginium
960 2052 1008 2096 et
1037 2048 1224 2110 priores
1252 2052 1310 2116 et
1330 2047 1585 2111 episcopus
1613 2062 1724 2095 cum
1751 2062 1950 2111 proces-

165 2132 301 2180 sione
320 2146 472 2194 usque
491 2132 550 2179 ad
571 2137 788 2195 portam;
814 2136 862 2180 et
890 2132 1017 2180 venit
1038 2131 1295 2195 episcopus
1324 2136 1519 2195 paratus
1552 2148 1701 2195 usque
1723 2132 1836 2181 illuc
1861 2132 1950 2181 sub

162 2216 452 2264 baldachino
493 2220 541 2264 et
577 2216 785 2264 ecclesia
823 2232 910 2264 sua
947 2217 1131 2281 maj0re
1166 2216 1281 2265 licet
1312 2215 1553 2275 indebite3
1585 2216 1793 2264 debebat
1820 2216 1949 2265 enim

162 2299 504 2348 baldachinum
531 2300 832 2363 processioni
854 2300 1133 2364 premisisse
1155 2300 1214 2347 ad
1238 2304 1445 2363 portam,
1472 2304 1518 2348 et
1539 2315 1636 2348 non
1667 2299 1755 2347 sub
1783 2314 1841 2348 eo
1870 2315 1950 2348 ve—

162 2383 282 2433 nire.
310 2386 517 2447 Legatus
541 2399 686 2448 super
713 2388 870 2446 tapete
893 2383 1176 2447 genuflexus
1208 2398 1403 2431 crucem
1435 2383 1679 2432 osculatus
1702 2388 1775 2431 est
1798 2399 1823 2431 e
1846 2399 1949 2431 ma-

162 2468 303 2515 nibus
326 2467 538 2531 episcopi
557 2467 702 2516 etiam
725 2467 983 2531 genuflexi,
1010 2471 1057 2515 et
1078 2467 1223 2526 male,
1248 2483 1346 2515 non
1369 2467 1500 2529 enim
1523 2466 1731 2515 debebat
1751 2482 1946 2515 crucem

163 2555 276 2600 ante
290 2551 503 2614 legatum
516 2550 719 2614 deprimi
736 2550 807 2598 vel
821 2550 1080 2597 humiliari.
1097 2550 1327 2599 Ascendit
1344 2550 1523 2598 mulam
1537 2550 1662 2598 intra
1676 2549 1947 2613 proximam

162 2638 351 2697 portam
391 2633 610 2692 civitatis,
643 2633 723 2680 ubi
756 2633 972 2697 predicta
1006 2638 1114 2681 acta
1146 2637 1278 2691 sunt3
1312 2637 1359 2681 et
1390 2637 1590 2696 accepto
1623 2632 1852 2681 mantello
1886 2632 1944 2681 de

164 2716 475 2766 ciamhelotto
497 2718 647 2766 rubeo
673 2723 721 2765 et
744 2717 929 2780 capello
954 2717 1239 2765 cardinalari
1262 2717 1350 2764 sub
1378 2716 1686 2775 baldachino,
1711 2716 1840 2780 quod
1861 2718 1951 2765 sci-

163 2798 275 2847 licet
295 2799 483 2863 priores
504 2800 706 2848 civitatis
723 2804 1053 2863 portaverunt,
1084 2799 1210 2848 venit
1229 2799 1289 2847 ad
1312 2804 1501 2863 portam
1521 2799 1773 2848 lateralem
1794 2800 1949 2849 eccle-

165 2881 234 2929 sie
257 2881 612 2946 Fulginatensis
633 2883 681 2930 in
701 2883 860 2946 platea
879 2883 1130 2947 principali
1153 2883 1326 2947 posite,
1352 2883 1433 2931 ubi
1454 2883 1756 2932 descendens
1783 2900 1944 2948 super,

164 2964 325 3013 debite
361 2969 578 3029 paratam
620 2966 811 3015 intravit
842 2966 1119 3025 ecclesiam,
1152 2967 1304 3015 oravit
1335 2970 1444 3016 ante
1475 2967 1642 3016 altare.
1681 2967 1947 3031 Episcopus

166 3047 284 3096 dixit
306 3049 566 3098 versiculos
594 3054 641 3098 et
670 3050 939 3098 orationem
969 3055 1017 3098 et
1041 3050 1242 3099 Domini
1265 3059 1440 3110 autem,
1477 3058 1561 3099 etc.
1593 3053 1799 3114 Legatus
1829 3051 1947 3100 dixit

165 3130 434 3178 orationem
470 3132 530 3181 de
569 3137 735 3181 sancto
776 3133 1042 3192 Feliciano,
1080 3133 1308 3197 episcopo
1354 3134 1480 3183 dicte
1523 3134 1729 3183 ecclesie
1767 3133 1940 3198 primo.

168 3212 306 3260 Dedit
345 3213 733 3264 benedictionem
772 3216 894 3264 sicut
931 3221 1062 3266 stans
1102 3219 1403 3277 lnteramne,
1440 3217 1551 3281 quia
1590 3217 1763 3266 eodem
1799 3218 1943 3265 modo

165 3295 313 3344 altare
336 3295 477 3343 situm
502 3302 622 3355 erat,
645 3303 691 3346 et
713 3300 954 3348 concessit
981 3301 1303 3364 indulgentias
1330 3301 1536 3348 duorum
1564 3315 1801 3348 annorum
1825 3316 1942 3362 quas

166 3379 498 3442 pronunciavit
526 3380 737 3444 prefatus
772 3384 1054 3447 episcopus;
1089 3384 1263 3432 deinde
1297 3383 1523 3447 pedester
1553 3383 1679 3430 venit
1719 3383 1779 3430 ad
1810 3383 1942 3445 pala—

167 3461 285 3510 tium
308 3463 639 3525 gubernatoris
665 3464 714 3512 in
742 3481 837 3529 quo
858 3467 1127 3529 hospitatus
1157 3472 1248 3524 est,
1274 3471 1321 3515 et
1345 3482 1432 3513 nos
1459 3466 1571 3512 hinc
1601 3464 1800 3517 etinde.
1830 3467 1941 3510 Post
