2202 3926
292 364 338 401 54
904 362 1138 426 JOHANNJS
1165 361 1462 409 BURCHARDI,
1854 363 1958 406 [Mars
1981 364 2073 406 1493]

294 460 486 533 partem
522 467 714 533 planete
761 467 927 516 dicens
971 483 980 515 :
1021 465 1152 514 Stola
1202 463 1441 514 innocenti
1484 473 1570 515 ete.
1605 467 1726 513 Tum
1767 469 2080 514 surrexerunt

297 551 472 610 ambo;
517 555 565 600 et
605 551 882 616 episcopm,
919 550 1138 615 deposita
1169 549 1330 609 mitra,
1370 548 1575 613 perfecit
1607 547 1808 597 missam
1843 549 1895 597 in
1929 565 2079 598 cornu

298 635 499 700 epistole
525 652 534 684 :
562 635 692 684 idem
713 635 828 683 fecit
851 633 1105 682 cardinalis
1127 633 1175 681 in
1198 632 1354 697 capite
1377 647 1531 680 cornu
1564 631 1815 695 evangelii.

362 721 517 769 Finita
567 721 731 779 missa,
778 720 1054 783 episcopUS,
1103 722 1305 782 accepta
1351 717 1512 776 mitra,
1560 715 1806 765 benedixit
1849 716 2081 782 populum

294 821 429 853 more
460 804 602 852 solito
637 803 802 851 dicens
829 819 838 851 :
864 802 943 850 Sit
973 817 1143 850 nomen
1172 800 1371 850 Domini
1412 800 1721 849 benedictum.
1757 802 1880 848 Tum
1913 799 2075 860 ambo,

295 889 443 937 altare
466 888 729 951 signanteS,
760 886 981 935 dixerunt
1009 886 1244 934 Dominus
1267 885 1531 944 vobiscum‚·
1551 883 1741 933 initium
1767 883 1921 932 sancti
1939 898 2082 932 evan-

294 972 407 1036 ,qetii
427 971 685 1020 secundum
705 969 988 1018 Jolzannem.
1005 970 1066 1018 In
1072 970 1307 1035 principio
1323 977 1407 1019 etc.
1426 971 1693 1036 Episcopus
1709 969 1934 1036 deposuit
1948 985 2085 1034 para·

293 1059 458 1104 menta
478 1071 564 1103 sua
584 1055 633 1102 in
655 1053 922 1103 faldistorio
944 1058 991 1102 et
1011 1055 1268 1104 cardinalis
1289 1055 1338 1104 in
1354 1055 1590 1115 scabello;
1617 1056 1873 1120 episcopus
1900 1053 2078 1104 deinde

296 1139 424 1187 venit
468 1138 529 1186 ad
577 1137 872 1186 cardinalem
910 1137 971 1185 ad
1009 1139 1276 1187 scabellum
1317 1155 1459 1188 suum
1500 1139 1706 1188 dicens:
1732 1140 1814 1188 tibi
1839 1138 2079 1204 proficiat.

299 1221 560 1271 Cardinalis
582 1225 841 1285 antequam
866 1226 1153 1285 paramenta
1178 1221 1435 1286 reciperet,
1468 1222 1580 1270 lavit
1609 1237 1801 1281 manUS,
1833 1226 1881 1271 et
1908 1235 2085 1270 conve-

297 1304 488 1352 nienter
507 1303 657 1352 missa
677 1303 804 1352 dicta
824 1307 897 1352 est
915 1303 974 1352 de
1008 1309 1176 1353 sancto
1207 1305 1439 1370 Gregorio
1462 1322 1471 1354 :
1499 1305 1755 1355 cardinalis
1774 1304 1943 1354 habuit
1963 1304 2086 1354 duos

296 1386 605 1451 cappellanos
626 1385 820 1435 indutos
843 1388 1194 1452 superpelliciis
1218 1393 1266 1438 et
1289 1389 1490 1439 totidem
1519 1389 1794 1455 episcopus,

363 1473 487 1519 Nota
506 1469 637 1533 quod
658 1469 696 1518 si
717 1486 841 1535 papa
866 1471 1138 1521 ordinasset
1164 1472 1295 1521 hunc
1323 1472 1685 1539 presbyterum,
1709 1473 1893 1523 dictum
1913 1472 2085 1521 fuisset

297 1571 386 1620 per
412 1554 623 1619 priorem
652 1553 967 1603 diaconorum
989 1556 1307 1605 cardinalium
1328 1558 1544 1622 pontifici
1569 1577 1578 1607 :
1603 1559 1753 1607 Pater
1780 1565 1954 1617 sancte,
1972 1572 2084 1622 pos-

301 1639 422 1686 tulat
448 1645 611 1686 sancta
639 1646 788 1686 mater
822 1638 1037 1687 Ecclesia
1066 1647 1171 1699 etc„
1209 1656 1320 1689 cum
1353 1641 1571 1705 reliquis,
1608 1646 1656 1690 et
1684 1657 1773 1706 per
1803 1639 2085 1705 pontificem

299 1722 430 1771 dicta
455 1721 783 1781 annunciatiO,
808 1723 1031 1786 quoniam
1058 1723 1346 1772 dilectissimi
1363 1726 1540 1791 fratres
1565 1733 1670 1786 etc.,
1697 1728 1744 1773 et
1764 1724 2017 1774 instructio
2038 1729 2086 1774 et

300 1805 567 1855 admonitio
608 1806 669 1854 ad
701 1805 1022 1855 ordinandum
1055 1807 1105 1854 in
1136 1806 1384 1872 singulari,
1416 1809 1636 1858 videlicet
1672 1808 1982 1857 consecrande
2009 1808 2087 1874 fi'li

300 1890 539 1939 carissime
582 1889 631 1937 in
660 1890 1016 1954 presbyteratus
1053 1891 1271 1956 officium
1307 1900 1414 1952 etc.,
1457 1896 1502 1941 et
1539 1893 1634 1941 alia
1673 1892 1835 1941 omnia
1865 1897 2008 1957 prout
2036 1892 2085 1940 in

299 1973 565 2038 pontificali
590 1990 600 2021 ε
627 1973 771 2022 etiam
782 1974 1022 2037 promittis
1042 1974 1174 2022 nobis
1195 1982 1301 2034 etc.,
1327 1983 1372 2023 et
1392 1977 1504 2040 quia
1520 1993 1611 2036 res,
1638 1992 1781 2041 quam
1803 1984 2086 2025 tractaturus

299 2077 345 2109 es
364 2067 469 2119 etc.,
492 2073 586 2122 que
608 2058 668 2106 ab
691 2056 918 2108 inferiore
947 2075 975 2106 a
1004 2061 1135 2123 Papa
1159 2059 1210 2107 in
1239 2059 1542 2109 ordinatione
1570 2059 1887 2109 cardinalium
1915 2059 2086 2107 obmit-

299 2148 483 2203 tuntur,
509 2142 621 2206 quia
652 2142 920 2191 cardinales
958 2146 1203 2206 tamquam
1239 2159 1268 2191 a
1301 2146 1431 2208 Papa
1457 2143 1690 2192 admoniti
1727 2148 1776 2192 et
1811 2142 2080 2207 approbati,

298 2242 386 2291 per
405 2226 686 2275 inferiorem
712 2225 884 2274 instrui
910 2240 1006 2273 non
1039 2224 1235 2275 debent.
1262 2227 1394 2275 Idem
1417 2227 1770 2276 observandum
1798 2230 1871 2275 est
1901 2226 1949 2273 in
1979 2241 2085 2274 om-

300 2308 432 2357 nium
456 2307 661 2356 aliorum
684 2308 908 2356 ordinum
932 2308 1207 2368 collatione,
1240 2309 1320 2372 qui
1349 2309 1674 2358 cardinalibus
1696 2324 1784 2374 per
1805 2311 1986 2373 Papam
2007 2310 2081 2359 vel

299 2391 600 2451 inferiorem,
625 2392 684 2440 de
707 2393 811 2456 ejus
835 2395 999 2441 tamen
1019 2392 1215 2441 licentia
1236 2393 1451 2457 speciali,
1478 2393 1810 2443 conferuntur.

365 2475 634 2526 Videbatur
667 2475 786 2524 mihi
820 2480 931 2524 ante
982 2476 1347 2525 inchoationem
1392 2477 1538 2526 officii
1576 2468 1816 2539 hodierni,
1862 2477 2084 2527 videlicet

302 2565 561 2625 antequam
595 2559 850 2624 episcopus
884 2559 946 2608 ad
982 2559 1341 2609 confessionem
1379 2566 1657 2626 assurgeret
1693 2564 1802 2610 ante
1841 2561 1999 2625 ipsum
2037 2565 2086 2610 et

303 2644 615 2703 cardinalem,
640 2643 863 2692 debuisse
885 2643 1046 2693 dicere
1066 2644 1214 2693 verba
1235 2644 1283 2693 in
1304 2645 1582 2710 hujusmodi
1608 2644 1902 2694 sententiam
1928 2663 1938 2693 ε
1967 2665 1990 2690 «
2014 2645 2080 2694 R.

301 2730 388 2789 P.,
422 2728 719 2777 commissum
759 2735 828 2776 est
858 2728 1147 2776 Paternitati
1174 2736 1319 2776 vestre
1348 2745 1439 2793 per
1475 2727 1567 2777 SS.
1599 2728 1658 2778 D.
1698 2727 1767 2777 N.
1800 2727 1928 2793 quod
1957 2728 2085 2776 hunc

296 2820 559 2880 presentem
584 2811 784 2859 Rmum.
811 2810 877 2859 D.
906 2811 1192 2860 cardinalem
1213 2812 1262 2858 in
1282 2811 1557 2859 diaconatus
1578 2811 1741 2860 ordine
1760 2812 2080 2871 constitutum,

303 2898 367 2946 ad
382 2896 738 2962 presbyteratus
767 2894 977 2943 ordinem
1009 2895 1319 2958 promoveatis
1344 2895 1483 2957 justa
1524 2896 1668 2943 ritum
1703 2902 1861 2942 sancte
1892 2909 2084 2942 romane

305 2976 514 3029 Ecclesie
533 2979 583 3026 in
605 2978 772 3025 talibus
793 2978 979 3025 solitum
1000 2978 1249 3026 observari.
1273 2977 1461 3025 Poterit
1476 2978 1624 3042 iyitur
1641 2977 1915 3025 Paternitas
1933 2985 2082 3025 vestra

305 3064 521 3128 officium
541 3062 630 3110 sibi
649 3060 946 3109 commissum
973 3062 1158 3126 assequi
1183 3062 1233 3108 in
1262 3061 1450 3109 nomine
1475 3060 1689 3109 Domini.
1717 3080 1740 3104 »
1774 3060 1870 3109 Sed
1890 3064 2078 3124 postea,

299 3146 481 3210 judicic
520 3149 577 3194 D.
621 3144 717 3193 mei
753 3143 967 3208 episcopi
1008 3144 1212 3192 Pientini
1254 3159 1398 3207 super
1442 3142 1538 3191 hoc
1575 3142 1758 3203 habitn,
1800 3142 1955 3192 visum
1992 3144 2082 3192 fuit

308 3230 630 3278 Dominationi
668 3245 752 3277 sue
794 3227 1074 3293 hujusmodi
1119 3227 1262 3276 verba
1300 3242 1399 3275 non
1438 3227 1695 3276 convenire
1748 3227 1834 3276 sed
1866 3227 2080 3276 officium

304 3312 632 3361 inchoandum
655 3329 761 3362 esse
784 3317 831 3363 et
850 3312 1258 3378 persequendum,
1283 3315 1425 3376 prout
1449 3312 1670 3376 superius
1702 3328 1789 3377 per
1808 3326 1887 3361 me
1920 3311 2079 3360 fuerat

307 3395 627 3444 observatum.

372 3479 624 3528 Dominica
659 3484 826 3542 quarta
855 3479 1240 3543 quadragesime,
1281 3494 1373 3542 que
1405 3480 1546 3528 letare
1572 3479 1759 3538 dicitur,
1805 3482 1859 3525 17
1894 3477 2071 3535 martii,
