2222 3926
309 306 380 374 ,236
911 306 1141 344 JOHANNIS
1174 307 1465 354 Buacufflm,
1814 312 1965 354 [Janvier
1985 314 2078 354 1495]

314 409 411 477 sive
442 409 600 458 banda
627 425 714 475 per
744 410 921 459 Urbem
956 411 1136 483 fiebant
1160 411 1246 459 sub
1272 412 1468 458 nominc
1497 411 1609 458 dicti
1641 412 1767 475 regis
1795 417 1841 460 et
1867 430 1960 462 non
1991 417 2078 464 sub

314 492 509 541 nomine
532 496 675 557 Pape.

322 580 324 585 ‘
377 577 516 624 Feria
538 581 724 640 quarta,
763 581 822 624 28
847 577 1074 640 januarii,
1113 579 1196 625 SS.
1235 579 1291 624 D.
1329 581 1494 624 nostro
1526 577 1761 626 existente
1791 578 1839 625 in
1872 580 2082 629 secunda

312 650 420 704 aula
449 658 543 705 sive
577 674 768 706 camera
789 660 926 722 juxta
945 658 1123 706 lobiam
1150 663 1287 722 porte
1308 658 1488 722 palatii,
1515 664 1561 707 et
1583 676 1693 708 cum
1720 661 1952 709 tredecim
1975 678 2081 710 car-

314 732 570 799 dinalibus,
596 740 815 789 videlicet
855 742 1121 801 Parmensi,
1156 758 1195 789 s.
1234 743 1503 802 Anastasie,
1543 744 1718 791 Montis
1752 744 1959 808 Regalis,
1994 748 2080 793 Ur-

314 825 435 884 sino,
469 839 508 870 s.
535 824 766 889 Dionysii,
791 824 1133 884 Alexandrino,
1169 826 1420 884 Gurcensi,
1451 826 1763 890 presbyteriS,
1795 843 1833 874 s.
1865 828 2076 891 Georgii,

314 907 613 966 s.'Severini,
645 907 918 966 Valentino,
951 907 1196 967 Cesarino,
1223 907 1450 955 Grimano
1496 911 1542 956 et
1568 909 1815 969 Farnesio,
1866 910 1995 958 venit
2022 911 2080 960 de

312 990 488 1056 palatio
511 1007 549 1039 s.
574 990 721 1039 Marci
743 990 1021 1041 associatus.
1050 991 1233 1039 Armati
1255 1006 1424 1040 omnes
1447 1007 1558 1040 cum
1586 1008 1699 1056 rege
1722 993 1783 1041 ad
1802 994 2082 1058 pontificem

316 1090 424 1124 cum
455 1089 552 1148 quo·
581 1091 664 1122 rex
694 1073 782 1123 fuit
816 1073 944 1123 solus
967 1074 1348 1138 aliquantulum,
1382 1075 1556 1124 deinde
1587 1092 1696 1124 cum
1729 1076 1843 1140 ipsis
1875 1077 2080 1136 duobus,

316 1156 571 1204 cardinalis
600 1156 883 1206 Valentinus
913 1158 1258 1220 pergquartam
1294 1164 1480 1222 partem
1507 1160 1647 1207 unius
1680 1160 1817 1208 hore.
1858 1162 1975 1208 Tum
2005 1176 2083 1208 re-

317 1243 463 1291 cessit
492 1258 576 1290 rex
605 1241 869 1297 associatus
902 1257 929 1289 a
964 1245 1091 1306 Papa
1122 1246 1168 1291 et
1198 1242 1520 1291 cardinalibus
1551 1258 1637 1306 per
1670 1243 1836 1290 ambas
1867 1259 2082 1292 cameras

315 1325 555 1392 predictas
598 1341 747 1389 usque
788 1341 932 1389 supra
967 1321 1397 1374 deambulatorium
1433 1342 1521 1390 per
1556 1326 1685 1389 quod
1721 1326 1812 1374 itur
1848 1325 1906 1374 de
1944 1309 2084 1377 dicti's

318 1410 501 1459 duobus
523 1409 726 1458 cameris
749 1409 809 1456 ad
835 1408 1018 1471 priores
1044 1409 1366 1458 habitationes
1387 1409 1565 1473 palatii,
1593 1408 1672 1456 ubi
1695 1409 1957 1472 genuflexit
1978 1425 2080 1469 rex,

319 1495 509 1543 detecto
537 1493 709 1557 capite,
736 1498 783 1542 et
810 1496 954 1557 Papa,
981 1492 1197 1556 deposito
1222 1493 1374 1541 bireto
1396 1493 1554 1556 ipsum
1582 1508 1746 1556 regem
1774 1492 2084 1556 genuflexum

320 1578 622 1642 deosculatus
646 1582 734 1626 est.
761 1580 859 1625 Rex
880 1576 1014 1624 finxit
1040 1591 1090 1624 se
1115 1576 1288 1624 amodo
1315 1576 1436 1624 velle
1464 1576 1611 1640 pedes
1638 1579 1766 1639 Pape
1793 1575 2081 1634 deosculari,

321 1666 449 1727 Papa
475 1649 636 1710 autem
670 1661 717 1708 id
749 1660 854 1708 fieri
885 1659 1016 1707 nullo
1048 1659 1192 1708 modo
1225 1659 1370 1707 voluit
1396 1659 1667 1718 admittere,
1702 1659 1899 1706 recessit
1926 1674 2012 1706 rex
2039 1663 2086 1706 et

319 1746 535 1795 ascendit
569 1732 743 1808 equum
777 1759 916 1791 suum
947 1747 1056 1790 ante
1089 1742 1265 1806 gradus
1295 1747 1432 1806 porte
1465 1742 1592 1790 horti
1623 1742 1802 1808 secreti>
1826 1741 1916 1789 sibi
1945 1757 2086 1804 para-⁴

321 1836 441 1901 tum,
477 1830 557 1877 ubi
587 1828 931 1892 aliquantulum
969 1827 1264 1875 cardinalem
1291 1825 1599 1876 Valentinum
1629 1825 1894 1889 expectavit
1920 1840 2086 1874 secum

320 1902 518 1972 iturum,
545 1916 672 1976 Papa
693 1916 740 1960 et
758 1911 1077 1959 cardinalibus
1098 1926 1184 1973 per
1199 1909 1633 1958 deambulatorium
1649 1912 1824 1958 cuncta
1845 1908 2088 1957 cernenti-

321 2000 431 2056 bus3
456 1997 579 2067 venit
602 1995 796 2044 tandem
815 1994 1070 2042 cardinalis
1087 1993 1370 2043 Valentinus
1383 1993 1443 2040 ad
1454 1992 1750 2056 pontificem,
1773 1996 1820 2041 et
1836 1992 1894 2040 ab
1916 1991 2088 2041 eodem

318 2082 609 2151 licentiatus,
663 2079 712 2127 in
753 2079 929 2148 eodem
975 2077 1083 2125 loco
1124 2077 1205 2124 ubi
1255 2092 1338 2125 rex
1373 2076 1674 2141 ascenderat,
1716 2076 1894 2124 mulam
1952 2091 2089 2123 suam

322 2166 539 2236 ascendit
561 2167 618 2214 vin
653 2180 804 2230 cappa
836 2162 1156 2221 cardinalitia,
1187 2167 1234 2210 et
1268 2161 1460 2209 donavit
1489 2161 1590 2224 regi
1622 2176 1707 2208 sex
1736 2159 2088 2223 pulcherrimos

323 2267 472 2314 equos
500 2251 547 2298 in
579 2249 726 2298 frenis
754 2248 855 2296 sine
882 2247 1009 2295 sellis
1037 2246 1215 2294 ibidem
1244 2249 1423 2292 stantes
1451 2248 1496 2292 et
1524 2247 1733 2307 paratos.
1766 2245 2090 2290 Recesserunt

325 2334 393 2382 sic
422 2349 510 2400 rex
543 2348 652 2381 cum
687 2330 915 2380 cardinali
944 2329 1200 2379 Valentino
1234 2344 1261 2376 a
1294 2327 1497 2374 sinistris
1530 2326 1656 2389 regis
1691 2326 1949 2388 equitante,
1987 2324 2094 2389 aliis

325 2417 646 2466 cardinalibus
686 2430 891 2479 quorum
929 2413 1210 2461 societatem
1246 2427 1331 2460 rex
1370 2411 1566 2458 omnino
1603 2409 1783 2457 habere
1816 2410 1987 2470 noluit,
2024 2410 2093 2475 (ut

324 2502 401 2550 his
422 2501 472 2548 in
491 2501 586 2548 hoc
607 2499 767 2548 minus
789 2497 1019 2564 molestus
1042 2498 1206 2558 esset),
1232 2511 1342 2544 cum
1365 2497 1493 2557 Papa
1513 2492 1790 2557 supradicto
1812 2492 2093 2542 deambula-

326 2584 449 2647 torio
472 2582 706 2631 stantibus
729 2586 776 2630 et
795 2579 1090 2637 videntibus;
1123 2582 1171 2626 et
1201 2577 1473 2640 equitarunt
1494 2580 1625 2624 recta
1649 2576 1724 2624 via
1749 2575 1810 2623 ad
1835 2575 2089 2637 Marinum,

327 2683 420 2732 quo
443 2667 611 2715 eadem
634 2666 710 2714 die
731 2667 1052 2729 pervenerunt
1072 2678 1184 2725 rege
1197 2677 1284 2725 per
1304 2661 1480 2709 Urbem
1497 2660 1766 2723 equitante;
1790 2662 2094 2707 recesserunt

331 2751 475 2798 etiam
503 2765 562 2797 ex
582 2749 707 2797 Urbe
730 2765 767 2795 S.
794 2747 921 2795 Petri
943 2746 1003 2794 ad
1022 2745 1241 2803 Vincula,
1268 2743 1468 2792 Sabellis
1490 2748 1538 2791 et
1556 2743 1789 2791 Columna
1807 2741 2090 2800 cardinales,

330 2839 378 2883 et
399 2849 509 2881 cum
532 2834 600 2880 eis
622 2832 812 2879 auditor
832 2845 1043 2888 camere,
1069 2844 1235 2893 regem
1257 2826 1541 2875 associaturi
1565 2830 1612 2873 et
1633 2841 1743 2872 cum
1766 2839 1823 2872 eo
1850 2823 1980 2871 ituri.
2021 2864 2023 2866 .

333 2926 336 2927 ’
397 2916 576 2965 Eodem
600 2931 726 2975 sero,
761 2919 992 2978 sequutus
1015 2917 1086 2961 est
1107 2913 1252 2960 etiam
1274 2926 1439 2974 regem
1461 2907 1712 2958 cardinalis
1735 2906 1992 2955 Gurcensis
2013 2906 2093 2969 qui

331 2985 442 3051 eum
464 3016 574 3048 cum
596 2999 701 3047 aliis
723 2997 1045 3046 cardinalibus
1066 2995 1294 3060 predictis
1326 3008 1474 3056 usque
1496 2992 1556 3039 ad
1578 3005 1780 3055 regnum
1802 2988 2056 3037 associavit
2081 3005 2091 3036 :

331 3085 477 3144 frater
498 3097 685 3146 quoque
707 3081 868 3144 magni
891 3080 1030 3127 Turci
1053 3094 1220 3142 parum
1250 3081 1359 3125 ante
1382 3076 1645 3124 discessum
1666 3073 1795 3137 regis
1817 3071 2018 3121 recessit
2036 3071 2096 3119 de

333 3171 497 3216 sancto
519 3168 699 3224 Marco,
722 3165 847 3215 bene
875 3163 1156 3221 associatus,
1187 3161 1424 3209 Marinum
1451 3159 1622 3218 iturus,
1654 3156 1826 3206 deinde
1850 3171 1960 3203 cum
1982 3170 2095 3219 rege

331 3266 417 3315 pro
438 3250 573 3298 libito
597 3265 706 3307 suo;
737 3252 848 3312 post
873 3262 1121 3295 recessum
1142 3245 1269 3309 regis
1289 3247 1527 3292 venerunt
1548 3242 1608 3290 ad
1635 3239 1914 3306 pontificem
1941 3237 2097 3288 cardi-

332 3319 464 3382 nales
487 3348 674 3391 omneS,
698 3332 758 3379 ad
779 3347 864 3385 sua
885 3330 1055 3394 singuli
1078 3329 1186 3377 ituri
1210 3327 1289 3393 (1).

369 3440 416 3482 r1'.
438 3443 532 3491 Voy.
556 3443 708 3479 Sanuto.
732 3443 779 3478 Di
798 3443 834 3478 la
850 3443 994 3489 partita
1015 3441 1067 3477 dil
1086 3451 1126 3476 re
1147 3440 1186 3475 di
1207 3440 1346 3475 Frunza
1365 3441 1398 3473 et
1426 3447 1519 3474 come
1540 3435 1719 3484 prospero
1738 3435 1778 3470 in
1796 3434 1938 3476 Reame,
1958 3441 1995 3478 p.
2020 3427 2099 3464 195.
