2222 3926
298 298 368 332 240
905 288 922 332 J
929 295 1138 332 OHANNIS
1171 295 1466 339 BURCHARDI,
1804 294 1961 334 [Ffwrlffl'
1977 293 2071 333 1495]

302 390 456 444 ultimi
479 402 591 457 treS,
610 397 771 461 populi
793 398 977 445 romani
995 398 1211 457 nomine,
1235 397 1295 445 ad
1311 389 1749 445 commendandum
1770 388 2072 456 regi‘Urbem

303 483 350 528 et
387 472 751 544 supplicandum
791 497 851 528 ne
887 486 1084 544 propter
1120 494 1368 527 recessum
1408 471 1660 525 cardinalis
1700 476 1759 523 ab
1795 491 1870 534 e0,
1907 482 2074 525 contra

303 563 481 611 Urbem
518 568 566 611 et
605 556 849 611 Romanos
888 563 1235 626 indignaretur.
1285 560 1548 609 Redierunt
1593 563 1757 608 autem
1805 559 1865 606 ad
1896 559 2073 608 Urbem

302 638 415 694 dicti
460 647 554 693 duo
599 646 740 708 primi
777 650 991 693 oratores
1031 645 1161 692 circa
1200 648 1227 692 9
1273 645 1345 692 vel
1389 648 1446 691 10
1487 643 1600 691 dicti
1633 642 1812 691 mensis
1848 638 2075 690 februarii

302 745 329 775 a
356 743 470 791 rege
492 730 789 775 Francorum
829 727 1057 790 expediti,
1089 731 1137 775 et
1164 732 1471 776 recesserunt
1501 727 1560 775 ab
1593 727 1719 775 Urbe
1769 729 1824 774 13
1857 718 2085 791 ejusdem'

302 810 482 859 mensis
530 810 758 858 februarii
799 811 859 858 ad
901 826 1070 874 regem
1113 814 1440 859 Romanorum
1477 810 1692 859 redituri.
1735 813 1839 867 Qua
1883 810 1958 859 die
1997 815 2073 870 13,

302 893 558 942 cardinalis
596 885 856 942 Gurcensis
896 894 1023 943 venit
1062 894 1123 942 ad
1155 911 1194 942 s.
1220 894 1555 942 Sebastianum
1589 889 1725 942 extra
1763 888 1959 954 Urbem,
1998 894 2076 957 qui

301 993 388 1040 pro
422 993 500 1024 me
536 980 584 1025 et
616 977 720 1024 aliis
754 977 922 1025 amicis
956 977 1102 1037 misit,
1153 993 1242 1027 nos
1275 977 1465 1027 videndi
1488 978 1658 1041 gratia,
1692 980 1739 1026 et
1771 971 1951 1025 eodem*
1965 969 2074 1026 sero

301 1060 411 1108 inde
434 1061 636 1108 recessit
657 1060 717 1108 ad
740 1064 956 1109 Grottam
991 1063 1236 1110 Ferratam
1263 1062 1430 1120 iturus,
1455 1061 1536 1109 ubi
1556 1061 1737 1125 aliquot
1757 1061 1925 1109 diebus
1947 1054 2077 1110 com'-

302 1147 597 1192 memoratus
621 1148 710 1191 est.

369 1227 455 1276 Die
487 1227 689 1288 sabbati,
717 1231 770 1276 31
809 1228 977 1277 ultima
1000 1228 1227 1292 januarii,
1253 1228 1452 1277 recessit
1481 1244 1540 1277 ex
1570 1227 1696 1277 Urbe
1730 1232 1784 1276 R.
1813 1229 1861 1276 iu
1890 1229 2076 1278 Christo

304 1314 355 1359 P.
387 1311 740 1372 Bartolomeus,
772 1312 1026 1375 episcopus
1061 1312 1330 1375 Nepesinus
1365 1317 1413 1360 et
1447 1312 1685 1372 Sutrinus,
1720 1315 1804 1361 SS.
1836 1316 1893 1361 D.
1927 1313 2079 1362 nostri

302 1410 425 1459 pape
461 1394 763 1454 secretariuS,
792 1394 944 1442 iturus
978 1395 1038 1443 ad
1066 1410 1233 1458 regem
1262 1395 1463 1443 Francie
1493 1411 1552 1443 ex
1579 1396 1922 1444 commissione
1949 1397 2080 1461 ejus-

304 1478 415 1526 dem
456 1480 540 1526 SS.
574 1481 631 1526 D.
671 1478 822 1527 nostri
860 1494 982 1542 pape
1024 1478 1085 1526 ad
1123 1478 1450 1526 excusandum
1496 1478 1807 1527 Sanctitatem
1848 1495 1984 1527 suam
2018 1479 2077 1527 de

303 1577 501 1610 recessu
522 1562 776 1609 cardinalis
793 1561 1035 1611 Valentini
1062 1561 1120 1609 ab
1149 1562 1252 1625 ipso
1281 1578 1394 1625 rege
1420 1578 1429 1609 :
1456 1563 1594 1626 cujus
1622 1563 1834 1627 episcopi
1870 1562 2076 1612 reditum

304 1646 364 1693 ad
382 1644 559 1693 Urbem
580 1660 678 1693 non
698 1645 855 1693 notavi
878 1647 964 1709 (1).

368 1729 513 1779 Venit
534 1728 678 1777 etiam
698 1728 773 1776 his
795 1728 964 1776 diebus
986 1729 1046 1776 ad
1063 1730 1241 1778 Urbem
1260 1733 1316 1778 D.
1343 1730 1590 1793 Philippus
1613 1730 1672 1778 de
1694 1732 1869 1777 Bressa
1885 1729 2080 1778 nomine

304 1813 430 1876 regis
452 1811 669 1870 Francie,
687 1816 734 1860 et
754 1812 1023 1875 hospitatus
1046 1816 1117 1860 est
1133 1813 1182 1859 in
1202 1813 1379 1876 palatio
1403 1813 1527 1861 Rmi.
1555 1816 1610 1861 D.
1637 1813 1893 1861 cardinalis
1914 1829 1953 1860 s,
1980 1813 2083 1862 Cle-

303 1897 498 1956 mentis,
530 1896 610 1959 qui
641 1895 814 1943 deinde
851 1900 959 1958 post
991 1911 1170 1959 paucos
1201 1896 1303 1944 dies
1337 1897 1395 1944 ab
1428 1896 1553 1945 Urbe
1587 1896 1789 1946 recessit
1821 1890 1881 1943 ad
1916 1890 2080 1960 regem

305 1997 444 2029 suum
475 1980 716 2028 rediturus
742 1994 751 2037 ;
787 1978 1076 2026 asssociatus
1122 1979 1208 2026 fuit
1238 1995 1388 2042 usque
1416 1978 1476 2026 ad
1505 1984 1640 2028 extra
1668 1985 1857 2044 portam
1884 1980 2025 2029 Urbis
2054 1997 2083 2029 a

305 2063 494 2111 RRmis.
521 2065 620 2111 DD.
647 2062 969 2111 cardinalibus
992 2078 1031 2109 s.
1058 2062 1316 2111 Clementis
1348 2067 1454 2111 ets.
1481 2063 1710 2127 Dionysii,
1740 2064 1928 2112 medius
1959 2065 2083 2113 inter

306 2166 408 2210 eos,
431 2150 496 2198 ita
524 2150 652 2213 quod
681 2149 782 2212 ipse
815 2151 872 2197 D.
907 2149 1156 2212 Philippus
1186 2165 1215 2197 a
1243 2149 1422 2198 dextris
1442 2166 1480 2197 s.
1507 2150 1785 2201 Clementis.
1822 2166 1850 2199 a
1880 2148 2082 2198 sinistri-

306 2232 401 2279 suis
424 2249 462 2280 s,
495 2232 709 2297 Dionysii
732 2232 998 2280 cardinales
1027 2232 1254 2292 habebat,
1279 2248 1376 2281 non
1408 2233 1510 2281 sine
1537 2249 1714 2297 magua
1739 2234 1954 2297 ipsorum
1981 2248 2082 2281 car-

306 2315 535 2363 dinalium
557 2320 672 2363 nota
693 2320 740 2364 et
763 2315 909 2363 totius
931 2314 1123 2378 collegii
1145 2316 1460 2364 cardinalium
1480 2316 1764 2380 ignominia.

370 2398 508 2446 Feria
546 2399 775 2457 secunda,
815 2398 891 2446 die
945 2402 971 2445 2
1011 2399 1191 2447 mensis
1232 2399 1478 2459 februarii,
1519 2400 1695 2448 festum
1733 2399 2080 2463 purificationis

304 2482 443 2541 beate
463 2481 613 2530 Marie
645 2481 858 2545 virginis,
885 2483 968 2530 SS.
994 2483 1050 2529 D.
1072 2486 1254 2541 noster,
1279 2486 1472 2545 paratus
1494 2498 1629 2531 more
1653 2482 1811 2541 solito,
1835 2481 2082 2531 benedixit

307 2567 353 2611 et
380 2563 619 2612 distribuit
640 2565 864 2613 candelas
893 2564 942 2611 in
964 2565 1148 2628 capella
1166 2565 1352 2629 majore
1378 2584 1386 2612 z
1411 2568 1575 2613 Rmus.
1602 2565 1858 2613 cardinalis
1887 2565 2083 2614 Ulixbo-

306 2647 469 2696 nensis
492 2647 621 2696 dedit
644 2649 867 2697 candelas
890 2652 1036 2712 Pape,
1059 2649 1169 2712 quia
1189 2650 1397 2713 maJ'ores
1420 2649 1510 2708 sui,
1536 2649 1720 2697 scilicet
1738 2649 2080 2713 Neapolitanus

308 2733 355 2778 et
377 2747 414 2778 s.
438 2730 611 2794 Angeli
629 2748 724 2780 non
748 2731 1069 2780 interfuerunt
1095 2751 1103 2780 :
1138 2732 1363 2780 candelas
1385 2749 1412 2780 a
1432 2732 1611 2780 dextris
1635 2733 1787 2781 tenuit
1818 2731 2082 2780 illustrissi-

308 2827 415 2859 mus
429 2814 756 2862 Ferdinandus
767 2814 824 2862 de
837 2815 964 2862 Astis
977 2816 1063 2879 (2),
1081 2815 1206 2861 filius
1220 2814 1353 2862 ducis
1370 2815 1605 2873 Ferrarie,
1625 2831 1652 2862 a
1666 2815 1872 2863 sinistris
1888 2818 2083 2863 senator

311 2893 450 2940 Urbis
473 2911 481 2940 :
501 2910 673 2958 aquam
694 2913 780 2960 pro
802 2897 1024 2946 manibus
1047 2900 1174 2961 Pape
1195 2913 1292 2944 non
1306 2897 1503 2945 memini
1523 2898 1628 2961 quis
1650 2898 1949 2946 ministravit.
1966 2897 2077 2945 Mis-

312 2992 413 3025 sam
435 2978 693 3028 celebravit
719 2979 973 3028 cardinalis
994 2979 1169 3027 Montis
1191 2980 1407 3043 Regalis3
1434 2980 1494 3027 ad
1514 2980 1815 3044 evangelium
1828 2983 1956 3044 Pape
1978 2996 2078 3028 car-

311 3060 493 3110 dinales
530 3078 627 3110 non
664 3066 923 3111 tenuerunt
958 3062 1181 3110 candelas
1219 3078 1307 3125 per
1341 3062 1739 3111 inadvertentiam
1760 3079 1938 3111 meam.
1973 3063 2079 3111 Alia

312 3142 564 3193 observata
582 3151 692 3195 sunt
713 3162 846 3194 more
867 3145 1024 3194 solito.

379 3229 636 3291 Postquam
669 3230 817 3277 missa
854 3229 941 3276 fuit
972 3228 1121 3288 finita,
1155 3232 1283 3293 Papa
1318 3229 1366 3276 in
1403 3244 1594 3278 camera
1628 3230 1864 3294 papagalli
1902 3230 2077 3277 dimisit

363 3357 395 3393 1.
425 3357 516 3406 Voy.
540 3359 588 3395 M.
613 3359 765 3405 Sanuto,
786 3371 822 3407 p.
847 3360 927 3397 198.

359 3417 394 3451 2.
423 3415 471 3453 Le
490 3418 571 3463 149,
593 3419 712 3456 donne
733 3419 767 3456 la
787 3419 898 3455 forme
917 3418 1095 3464 francaise
1117 3433 1135 3453 «
1156 3419 1200 3456 de
1221 3420 1319 3456 Este.
1344 3435 1361 3453 »
