2216 3886
128 302 334 344 [Deeembre
356 302 449 342 1499]
566 300 737 339 RERUM
771 295 1075 339 URBANARUM
1108 299 1460 339 COMMENTARII.
1833 306 1905 342 589

132 404 393 452 instantem
427 419 607 452 annum
633 403 803 468 jubilei
834 402 1131 452 remissionis
1158 407 1206 451 et
1234 403 1393 467 gaudii
1425 408 1473 452 et
1499 403 1903 453 reconciliationis

131 487 329 535 humani
352 487 545 551 generis
563 491 728 536 nostro
749 486 965 551 piissimo
987 487 1298 551 Redemptori
1323 502 1430 536 esse
1451 503 1616 536 verum
1634 487 1768 536 illum
1790 504 1907 536 cen-

132 572 360 620 tesimum
383 587 581 630 annum,
605 571 684 635 qui
703 571 762 620 ab
784 572 889 635 ipsa
907 571 1116 636 primera
1137 571 1437 620 ordinatione
1464 570 1619 620 fuerat
1641 571 1903 631 institutus,

133 660 179 703 et
206 655 253 702 in
276 670 370 718 quo
393 670 562 702 omnes
588 655 973 719 quibuscumque
1000 655 1146 704 etiam
1168 655 1461 719 gravissimis
1483 655 1670 704 delictis
1692 655 1905 715 obnoxii,

134 754 245 787 vere
266 738 536 802 penitentes
558 742 606 786 et
626 737 856 797 confessi,
874 737 1117 786 visitantes
1132 738 1385 786 beatorum
1405 738 1532 786 Petri
1552 742 1600 786 et
1618 737 1752 786 Pauli
1773 754 1911 802 apos-

135 821 342 870 tolorum
370 821 591 869 basilicas
626 826 674 869 et
709 823 1084 869 Lateranensem
1116 825 1164 869 et
1198 820 1421 868 b.Ma1·ie
1455 820 1649 883 Majoris
1686 820 1745 868 de
1783 820 1910 869 dicta

134 904 259 953 Urbe
281 903 529 962 ecclesias,
547 903 838 967 illarumque
856 904 1044 967 majora
1061 903 1230 951 altaria
1245 903 1293 950 in
1311 903 1484 966 quibus
1500 903 1722 951 videlicet
1743 906 1913 952 Beato-

131 1004 238 1035 rum
266 987 395 1036 Petri
423 991 468 1035 et
501 987 633 1034 Pauli
663 991 711 1035 et
738 986 1068 1051 apostolorum
1096 986 1305 1034 basilicis
1334 1001 1535 1050 corpora
1556 985 1766 1049 gloriosa
1787 991 1834 1035 et
1863 986 1912 1034 in

132 1071 339 1120 ecclesia
360 1071 671 1120 Lateranensi
693 1071 850 1134 capita
870 1086 1040 1119 eorum
1064 1070 1312 1118 recondita
1335 1073 1695 1125 conservantur,
1717 1070 1779 1118 ob
1807 1086 1913 1134 pas-

133 1154 320 1202 sionem
349 1156 405 1202 D.
430 1157 486 1202 N.
512 1157 624 1203 Jesu
649 1153 823 1203 Christi
851 1158 899 1202 et
921 1153 1204 1202 eorumdem
1229 1152 1577 1217 apostolorum,
1609 1152 1911 1216 aliorumque

133 1242 399 1302 martyrum
431 1242 480 1286 et
509 1242 788 1286 sanctorum
815 1238 989 1286 merita
1008 1237 1337 1301 plenissimam
1358 1236 1575 1284 omnium
1595 1240 1909 1300 peccatorum

131 1321 480 1385 indulgentiam
516 1326 892 1384 consequantur,
923 1326 971 1369 et
1000 1323 1258 1384 propterea
1284 1335 1312 1367 a
1347 1319 1533 1366 cunctis
1563 1319 1784 1368 fidelibus
1816 1336 1914 1368 non

131 1404 375 1452 immerito
414 1404 586 1469 majori
625 1404 881 1453 devotione
919 1419 975 1452 ac
1020 1402 1292 1467 frequentia
1332 1402 1698 1451 celebrandum.
1735 1403 1916 1452 Volen-

132 1492 302 1551 tesque
335 1491 386 1536 ut
417 1487 592 1535 Christi
622 1487 790 1536 fideles
818 1487 879 1535 ad
903 1488 1083 1537 Urbem
1110 1488 1264 1552 ipsam
1290 1489 1348 1537 de
1377 1488 1575 1538 diversis
1606 1488 1773 1536 mundi
1805 1504 1915 1552 par—

134 1570 280 1630 tibus,
317 1586 404 1635 pro
444 1571 789 1634 consequenda
822 1571 1101 1635 hujusmodi
1141 1571 1421 1636 plenissima
1456 1572 1758 1636 indulgentia
1796 1586 1915 1620 con-

135 1653 357 1712 ssuenteS,
398 1653 547 1702 ceteri
583 1653 632 1700 in
675 1653 756 1702 illa
794 1658 1152 1703 commorantes
1186 1659 1233 1703 et
1274 1655 1540 1704 residentes
1582 1656 1804 1704 eamdem
1842 1654 1915 1702 in-

135 1735 432 1800 dulgentiam
470 1736 653 1784 facilius
691 1737 881 1786 valeant
918 1739 1205 1801 promereri,
1249 1743 1297 1788 et
1331 1755 1393 1788 ne
1428 1739 1619 1788 defectu
1658 1738 1911 1804 potestatis

134 1819 414 1869 absolvendi
448 1820 574 1879 illos,
611 1820 692 1884 qui
729 1820 969 1884 aliquibus
1009 1821 1201 1869 casibus
1237 1822 1377 1870 nobis
1420 1827 1468 1871 et
1501 1822 1603 1870 sedi
1646 1822 1912 1886 apostolice

135 1903 387 1952 reservatis
408 1903 579 1952 irretiti
600 1904 774 1963 forent,
792 1904 986 1952 illorum
1001 1904 1160 1952 anime
1178 1905 1431 1975 illaqueate
1450 1910 1731 1955 remaneant
1750 1906 1912 1954 debite

136 1987 389 2050 providere
410 1987 722 2051 ipsorumque
745 1992 874 2051 (cum
896 2003 1090 2052 semper
1110 1988 1170 2037 ad
1189 2004 1278 2037 nos
1308 1988 1357 2036 in
1377 1989 1515 2038 dictis
1537 1990 1728 2039 casibus
1756 2005 1915 2038 reser-

139 2070 257 2117 vatis
278 2086 502 2119 recursus
516 2071 696 2119 habere
716 2078 995 2137 nequeant),
1014 2072 1346 2121 commoditati
1361 2076 1409 2121 et
1427 2073 1697 2121 animarum
1719 2087 1915 2121 suarum

140 2153 281 2202 saluti
302 2158 503 2218 paterna
528 2155 762 2203 charitate
793 2156 1065 2216 consulere,
1092 2156 1279 2205 dilectis
1300 2156 1410 2203 filiis
1437 2156 1756 2221 infrascriptis
1778 2155 1918 2220 peni-

137 2238 371 2287 tentiariis
417 2239 467 2286 in
514 2239 643 2288 dicta
686 2240 883 2289 basilica
928 2239 1155 2304 principis
1194 2241 1524 2305 apostolorum
1570 2240 1810 2305 deputatis
1857 2239 1917 2288 de

138 2337 342 2385 quorum
369 2323 687 2386 providentia,
716 2324 992 2388 integritate
1020 2327 1068 2372 et
1095 2324 1290 2373 solertia
1317 2325 1367 2372 in
1389 2323 1466 2372 his
1495 2328 1542 2373 et
1570 2324 1676 2372 aliis
1704 2324 1918 2389 gerimus

138 2406 186 2453 in
214 2405 421 2453 Domino
449 2392 672 2454 fiduciam
704 2407 964 2470 specialem
993 2422 1163 2456 omnes
1187 2412 1233 2456 et
1261 2408 1476 2472 singulos
1498 2407 1746 2471 utriusque
1776 2422 1918 2456 sexus

143 2487 316 2536 Christi
335 2488 503 2537 fideles
525 2489 586 2537 ad
603 2490 781 2538 dictam
809 2490 985 2539 Urbem
1011 2507 1098 2555 pro
1126 2491 1469 2554 consequenda
1491 2491 1617 2539 dicta
1636 2490 1919 2555 plenissima

143 2571 441 2635 indulgentia
461 2573 780 2631 confluentes,
802 2579 847 2622 et
874 2574 993 2622 alios
1020 2574 1069 2621 in
1097 2574 1220 2622 dicta
1244 2574 1370 2623 Urbe
1394 2578 1753 2623 commorantes
1773 2578 1820 2622 et
1840 2589 1918 2621 re-

140 2654 369 2714 sidentes,
392 2656 473 2718 qui
495 2655 731 2718 aliquibus
753 2656 942 2705 casibus
963 2658 1100 2705 nobis
1124 2662 1171 2705 et
1186 2658 1312 2706 dicte
1332 2657 1434 2705 sedi
1455 2655 1729 2715 reservatis,
1752 2672 1845 2720 que
1867 2655 1913 2704 in

141 2737 217 2786 die
241 2754 361 2787 cene
395 2738 586 2786 Domini
615 2739 815 2802 singulis
842 2741 981 2788 annis
1009 2741 1239 2805 publicari
1268 2745 1563 2789 consuerunt
1584 2739 1843 2798 contentis,
1869 2743 1928 2806 et·

140 2821 286 2870 etiam
317 2821 488 2869 talibus
515 2823 822 2886 presentibus
856 2823 1116 2887 specialem
1145 2829 1392 2888 oporteret
1424 2825 1582 2873 facere
1616 2816 1915 2873 mentionem

140 2904 509 2968 conspirationis
552 2905 599 2952 in
639 2921 899 2970 personam
941 2907 1013 2955 vel
1063 2911 1241 2956 statum
1287 2907 1473 2956 romani
1515 2906 1785 2966 Pontificis,
1830 2922 1915 2954 seu

143 2987 308 3035 sedem
330 2988 615 3051 predictam,
641 2989 857 3038 falsitatis
885 2990 1151 3040 litterarum
1182 2991 1585 3055 supplicationum
1613 2995 1662 3039 et
1688 2989 1919 3038 commis-

143 3070 332 3118 sionum
359 3071 750 3134 apostolicarum,
785 3074 1039 3123 delationis
1066 3090 1311 3123 armorum
1339 3079 1385 3123 et
1418 3075 1621 3122 aliorum
1648 3071 1919 3136 prohibito-

141 3168 247 3200 rum
268 3153 329 3200 ad
348 3158 508 3216 partes
526 3154 811 3217 infidelium,
840 3157 1113 3220 injectionis
1135 3174 1366 3206 manuum
1387 3158 1702 3206 violentarum
1721 3155 1771 3203 in
1793 3154 1917 3218 epis-

140 3250 288 3299 copos
322 3239 370 3283 et
405 3235 524 3283 alios
551 3238 762 3300 prelatos
792 3239 1065 3303 superiores
1093 3240 1285 3288 casibus
1314 3240 1560 3289 dumtaxat
1589 3238 1820 3302 exceptis,
1854 3236 1915 3285 ad

144 3319 371 3368 effectum
399 3319 553 3382 ipsam
588 3320 918 3384 plenissimam
954 3322 1302 3386 indulgentiam
1334 3321 1681 3385 consequendi,
1714 3324 1761 3369 et
1786 3319 1914 3369 dicto

146 3417 274 3450 anno
295 3401 464 3466 jubilei
494 3402 716 3464 durante,
738 3405 786 3453 in
815 3406 918 3453 foro
946 3405 1242 3455 conscientie
1270 3404 1564 3465 absolvendi,
1587 3404 1752 3467 eisque
1779 3403 1913 3467 peni-
