2216 3886
297 325 365 361 476
903 325 1135 361 JOHANNtS
1170 324 1360 362 BURCHA
1370 326 1463 370 RDt,
1859 329 1952 369 [Juin
1976 330 2069 369 1498]

364 427 681 476 Thesaurario
704 428 1000 476 notariorum
1023 434 1146 487 rote,

364 511 698 574 Computatori
721 515 1084 575 procuratorum
1101 509 1452 573 penitentiarie.

363 616 385 638 «
421 597 490 642 De
524 594 752 641 mandato
789 595 872 641 SS.
906 596 962 640 D.
991 596 1046 641 N.
1076 608 1216 655 pape,
1251 592 1506 640 mandatur
1532 593 1730 657 singulis
1760 594 2070 659 infrascriptis

298 676 586 724 officialibus
610 679 848 738 quatenus
871 675 946 723 die
963 674 1084 738 jovis
1111 678 1166 722 14
1189 675 1425 738 presentis
1450 676 1630 742 men-sis
1646 677 1786 740 junii,
1810 677 2071 726 festivitatis
2106 718 2110 721 .

300 758 610 806 sacratissimi
652 758 869 821 corporis
913 757 1102 817 Christi,
1138 758 1224 806 sub
1257 773 1383 821 pena
1414 759 1622 822 quinque
1657 759 1937 808 ducatorum
1972 762 2073 809 auri

299 844 357 891 de
385 857 582 890 camera
616 857 808 890 camere
838 841 1103 904 apostolice
1132 841 1526 890 irremissibiliter
1551 843 1965 906 applicandorum,
1989 844 2074 892 de-

238 952 243 956 -
296 928 441 975 beant
462 926 582 974 hora
604 941 749 984 nona,
776 925 822 972 in
845 925 1019 988 palatio
1042 924 1304 988 apostolico
1323 926 1450 988 apud
1472 931 1689 974 sanctum
1712 930 1925 987 Petrum,
1951 928 2074 976 intra

294 1011 498 1074 primam
529 1014 719 1073 portam
748 1008 927 1056 ibidem
956 1024 1067 1055 cum
1095 1008 1293 1071 singulis
1322 1009 1419 1056 suis
1450 1009 1699 1074 intorticiis
1728 1010 1945 1059 honestis
1964 1027 2074 1075 pre-

302 1100 465 1144 sentes
496 1111 619 1152 esse,
647 1099 691 1144 et
720 1094 891 1142 exinde
921 1091 1346 1157 processionaliter
1375 1108 1432 1140 eo
1460 1092 1626 1141 'ordine
1654 1094 1916 1157 procedere
1936 1100 2075 1157 prout

300 1181 466 1227 RmuS.
503 1182 559 1227 D.
594 1177 887 1226 camerarius
916 1174 1170 1232 ordinabit,
1201 1179 1246 1223 et
1273 1174 1695 1239 processionaliter
1722 1192 1806 1224 sua
1835 1176 2076 1225 intorticia

300 1261 511 1322 deferre,
537 1266 584 1310 et
607 1277 759 1325 usque
778 1260 838 1309 ad
858 1259 1221 1324 processionem
1243 1258 1532 1321 completam
1555 1259 1641 1307 sub
1663 1261 1830 1308 eadem
1852 1276 2005 1324 pena:

369 1345 794 1393 Abbreviatoribus
815 1344 873 1392 de
895 1359 1039 1407 parco
1062 1342 1250 1406 majori,

368 1428 689 1493 Scriptorihus
711 1427 1003 1491 apostoliciS,

365 1512 787 1562 Abbreviatoribus
803 1512 860 1559 de
882 1527 1028 1575 parco
1051 1511 1221 1559 minori
1243 1515 1290 1558 et
1306 1511 1462 1573 prima
1481 1511 1679 1563 visione,

363 1595 759 1645 sollicitatoribus
780 1595 1027 1643 literarum
1047 1595 1435 1658 apostolicarum,

367 1678 760 1728 Procuratoribus
783 1678 1204 1736 contradictarum,

365 1763 608 1826 Magistris
629 1762 831 1825 plumbi,

365 1846 701 1904 Bullatoribus,

366 1929 716 1978 Collectoribus
739 1929 939 1992 plumbi,

367 2013 607 2076 'Magistris
633 2013 880 2076 utriusque
900 2014 1109 2077 registri,

372 2096 694 2161 Scriptoribus
716 2096 1073 2160 penitentiarie,

371 2180 576 2229 Notariis
598 2184 721 2239 rote,

364 2263 569 2313 Notariis
592 2263 821 2310 auditoris
840 2279 1050 2312 camere.

372 2369 393 2391 «
434 2350 502 2395 De
543 2346 769 2394 mandato
805 2348 887 2394 SS.
929 2349 983 2394 D.
1024 2349 1080 2395 N.
1118 2362 1240 2410 pape
1277 2347 1525 2395 intimetur
1555 2345 1902 2393 locumtenenti
1942 2348 1997 2393 R.
2031 2345 2079 2392 in

302 2431 492 2478 Christo
514 2433 566 2478 P.
595 2433 650 2478 D.
675 2430 951 2477 Sanctitatis
975 2446 1057 2478 sue
1087 2431 1132 2477 in
1163 2430 1289 2478 alma
1316 2430 1443 2478 Urbe
1475 2435 1522 2477 et
1550 2429 1654 2492 ejus
1683 2428 1900 2476 districtu
1921 2428 2081 2476 vicarii

303 2513 542 2577 generalis
573 2513 720 2576 quod,
753 2513 829 2560 die
858 2513 980 2576 jovis
1017 2517 1072 2560 14
1106 2514 1286 2561 mensis
1314 2513 1435 2576 junii
1471 2500 1739 2560 festivitatis
1775 2510 2082 2559 sacratissimi

306 2597 522 2660 corporis
563 2596 762 2655 Christi,
796 2596 918 2644 hora
952 2612 1100 2655 nona,
1134 2597 1498 2660 processionem
1538 2595 1653 2643 cleri
1688 2594 1828 2643 Urbis
1864 2610 1891 2642 a
1926 2594 2086 2658 platea

307 2680 502 2728 basilice
523 2679 752 2743 principis
783 2680 1109 2743 apostolorum
1142 2697 1229 2743 per
1256 2680 1380 2729 viam
1411 2679 1677 2728 ordinatam
1712 2683 1759 2726 et
1789 2682 2004 2741 paratam
2026 2676 2085 2724 ad

307 2763 530 2811 eamdem
562 2762 810 2810 basilicam
841 2778 928 2810 suo
957 2763 1122 2812 ordine
1143 2764 1438 2819 immediate,
1464 2768 1574 2810 ante
1603 2761 1968 2824 processionem
1998 2760 2080 2806 SS.

309 2849 365 2893 D.
390 2848 446 2893 N.
473 2861 595 2908 pape
628 2845 893 2908 procedere
921 2846 1081 2893 faciat.
1106 2846 1359 2894 Mandatur
1389 2845 1533 2893 etiam
1556 2843 1819 2892 camerario
1841 2841 1954 2890 cleri
1974 2856 2084 2904 pre-

309 2928 422 2975 dicti
465 2932 700 2990 quatenus
739 2928 826 2974 sub
864 2944 989 2991 pena
1024 2929 1233 2990 quinque
1270 2929 1553 2975 ducatorum
1590 2941 1780 2974 camere
1823 2924 2085 2988 apostolice

310 3010 710 3058 irremissibiliter
740 3010 1134 3074 applicandorum
1174 3010 1536 3074 processionem
1570 3009 1683 3058 cleri
1718 3007 1938 3072 predicti,
1966 3007 2086 3054 hora

285 3098 358 3156 =et
388 3093 555 3142 ordine
595 3093 893 3157 prescriptis,
925 3093 1147 3141 sollicitet
1181 3097 1227 3140 et
1254 3093 1396 3140 faciat
1419 3093 1653 3157 premissa
1694 3092 1896 3139 firmiter
1928 3088 2088 3138 obser-

309 3180 424 3226 vari.
1586 3233 1590 3235 ‚

383 3283 404 3305 «
443 3265 512 3311 De
547 3262 775 3309 mandato
807 3263 891 3308 SS.
929 3263 982 3308 D.
1016 3263 1069 3309 N.
1099 3277 1220 3325 pape
1254 3261 1508 3308 mandatur
1542 3260 1741 3322 singulis
1774 3256 2086 3320 infrascriptis

312 3383 344 3418 le
366 3384 479 3419 t'orcer
500 3384 546 3419 de
570 3383 743 3420 restituer
761 3395 806 3420 au
827 3395 919 3431 pape
939 3383 991 3419 les
1019 3383 1150 3428 ›HLOOO
1170 3382 1297 3418 (lueats
1318 3382 1403 3429 qu'il
1424 3381 1472 3418 lui
1492 3382 1589 3418 avait
1608 3381 1766 3418 enleves.
1789 3380 1908 3429 Voyez
1929 3391 1988 3415 ces
2010 3378 2084 3413 ins-

311 3442 487 3478 tructions
508 3446 526 3478 {1
549 3443 784 3490 l’appendice.
805 3450 846 3478 n⁰
867 3443 924 3480 31.
