2216 3886
282 326 351 361 468
887 322 1117 358 JOHANNIS
1154 320 1446 361 BURCHARDI,
1855 321 1937 361 [Mai
1960 322 2061 360 1498]

284 424 502 473 canonici
533 440 621 472 nec
649 424 814 481 civilis,
846 423 1005 470 necin
1034 422 1192 484 aliquo
1225 419 1503 468 authentico
1529 418 1653 465 libro
1686 421 1814 481 quod
1843 422 1922 483 qui
1945 423 2060 470 dixit

286 524 336 556 se
359 523 468 555 cum
492 510 591 555 Deo
611 506 760 569 loqui,
792 506 1014 569 puniatur
1038 521 1047 550 :
1074 504 1273 550 stultum
1295 502 1439 548 etiam
1462 506 1591 549 esset
1613 507 1661 548 et
1682 502 1880 565 impium
1902 504 2059 552 facere

287 592 428 639 talem
450 591 627 653 legem,
653 605 762 636 cum
782 588 939 635 nullus
961 587 1113 649 possit
1136 586 1385 648 imponere
1407 584 1566 647 legem
1591 587 1690 633 Deo
1717 602 1726 633 :
1752 590 1911 649 potest
1933 587 2060 635 enim

286 675 388 738 ipse
417 673 546 735 loqui
574 687 684 719 cum
706 671 878 733 quibus
899 669 996 717 vult
1017 673 1064 716 et
1093 668 1161 717 eis
1189 668 1457 731 precipere,
1484 673 1535 715 ut
1556 668 1717 716 dicant
1743 687 1750 715 :
1782 690 1803 713 α
1826 669 1934 717 Hoc:
1954 671 2064 718 dicit

289 758 526 804 Dominus
546 756 677 802 Deus
701 773 744 811 »,
771 754 894 800 sicut
916 752 1150 815 prophete
1174 751 1430 799 faciebant.
1466 754 1585 799 Item
1609 758 1954 816 suggesserunt
1985 771 2062 803 me

289 839 463 887 dixisse
502 838 660 901 ipsum
701 839 854 883 Deum
894 834 1176 882 crucifixum
1214 834 1426 893 mentiri,
1453 835 1491 882 si
1524 851 1613 898 ego
1653 836 1913 894 mentirer,
1952 852 2063 885 cum

289 937 446 985 neque
479 920 572 968 hoc
599 919 814 967 absolute
847 918 1048 966 dixerim
1083 917 1216 980 quasi
1249 920 1349 965 Deo
1386 917 1617 966 voluerim
1650 934 1728 967 me
1759 919 2059 983 equiparare,

290 1005 375 1053 sed
400 1005 449 1052 in
479 1020 593 1052 casu
620 1007 802 1061 tamen,
831 1002 961 1050 verbi
990 1001 1143 1065 gratia
1165 1001 1203 1048 si
1228 1001 1334 1064 quis
1357 1001 1538 1050 diceret
1566 1011 1703 1050 erunt
1730 1003 1868 1066 δέμνια
1896 1004 1945 1050 in
1973 1004 2065 1050 sole

291 1097 334 1136 et
354 1089 467 1135 lema
489 1095 533 1135 et
552 1087 723 1145 stellis;
751 1090 798 1134 et
826 1085 998 1134 deinde
1031 1085 1174 1144 dicat,
1206 1085 1246 1131 .ςὶ
1272 1101 1357 1148 eqo
1385 1086 1601 1144 mentior,
1640 1086 1857 1134 Clnfvistus
1885 1103 2066 1150 quoque

291 1171 532 1230 mentitur,
560 1168 794 1232 numquid
812 1169 905 1216 hoc
934 1166 1217 1215 execrabilis
1245 1166 1555 1230 adjurationis
1578 1170 1760 1232 genus?
1782 1170 1847 1218 ita
1868 1187 1958 1233 ego
1979 1170 2066 1218 ali-

289 1269 432 1316 quam
460 1253 706 1301 veritatem
736 1268 880 1316 quam
910 1252 1100 1300 locutus
1132 1256 1204 1298 est
1233 1250 1467 1309 Christus,
1497 1251 1753 1315 aliquando
1785 1269 1893 1301 cum
1921 1253 2066 1301 dixis-

291 1353 410 1397 sem,
449 1336 673 1401 subjunxi
711 1352 721 1383 :
758 1336 799 1382 si
835 1351 919 1397 eqo
949 1335 1164 1393 mentior,
1200 1342 1246 1381 et
1280 1334 1514 1381 Christus.
1551 1338 1621 1383 Ita
1649 1336 1698 1383 in
1732 1336 1903 1386 eodem
1937 1336 2068 1385 brevi
2110 1346 2116 1352 '

290 1420 614 1483 subsequitur,
637 1428 771 1467 eoetra
792 1426 967 1465 statum
993 1417 1158 1464 salutis
1176 1433 1458 1481 quemquam
1475 1417 1595 1477 fieri,
1623 1420 1752 1466 ranis
1774 1421 1897 1468 illius
1916 1437 2067 1468 asser-

292 1503 493 1551 tionibus
533 1519 627 1550 non
651 1502 910 1550 credentem
939 1518 952 1547 .·
978 1501 1071 1548 hoc
1111 1516 1201 1563 ego
1241 1517 1488 1563 nunquam
1526 1501 1651 1561 dixi;
1688 1502 1773 1551 sed
1811 1504 1935 1552 bene
1973 1505 2066 1553 hoc

294 1585 439 1633 modo
459 1585 649 1633 locutus
673 1599 797 1642 sum,
823 1582 951 1646 quod
971 1597 1080 1630 cum
1103 1581 1251 1628 sciam
1273 1581 1423 1628 multa
1443 1597 1535 1644 que
1553 1582 1739 1646 predixi
1767 1599 1873 1633 esse
1895 1601 1923 1633 a
1943 1588 2062 1645 Deo,

293 1669 372 1732 qui
394 1669 640 1716 obstructa
666 1684 779 1716 aure
808 1667 878 1715 eis
902 1682 1000 1715 non
1020 1666 1117 1713 vult
1138 1666 1336 1713 credere
1359 1665 1444 1713 sed
1466 1665 1662 1716 omnino
1690 1667 1852 1715 statuit
1875 1672 2067 1716 contra-

292 1753 470 1811 dicere,
496 1752 686 1815 signum
721 1754 793 1798 est
820 1749 949 1812 quod
975 1749 1014 1796 is
1046 1753 1230 1797 extram
1253 1749 1457 1812 gratiam
1489 1748 1564 1795 sit.
1593 1749 1846 1809 Quoniam,
1881 1755 1932 1798 ut
1952 1751 2064 1810 dixi,

291 1836 444 1899 gratia
471 1840 544 1883 est
573 1835 738 1883 lumen
768 1832 900 1891 fidei,
927 1848 1119 1896 semper
1146 1832 1404 1880 inclinatur
1433 1831 1492 1879 ad
1513 1831 1818 1891 fidelitatem,
1850 1834 1958 1882 ideo
1989 1835 2068 1898 qui

292 1924 364 1968 est
395 1920 442 1966 in
470 1917 622 1980 gratia
648 1932 746 1965 non
775 1920 934 1980 potest
963 1922 1267 1988 esse'contra
1296 1915 1545 1964 veritatem
1573 1931 1666 1978 que
1695 1934 1723 1966 a
1752 1920 1853 1966 Deo
1881 1924 1954 1967 est
1989 1920 2069 1966 tir-

291 2008 437 2052 mata.
476 2006 658 2052 Verum
694 2001 774 2064 qui
811 2001 988 2049 nostris
1025 2001 1372 2049 assertionibus
1409 2018 1507 2050 non
1544 2002 1746 2050 credunt
1781 2018 1871 2050 nec
1909 2006 2070 2051 tamen

294 2086 534 2134 obstinato
568 2084 729 2133 animo
763 2084 1116 2143 contradicunt,
1153 2084 1247 2132 dixi
1279 2089 1326 2133 et
1355 2085 1545 2149 publice
1578 2085 1746 2150 scripsi
1777 2085 1905 2149 quod
1935 2091 2071 2150 pote—

295 2175 406 2218 runt
433 2185 539 2218 esse
567 2169 616 2216 in
643 2167 796 2231 gratia
830 2173 877 2216 et
909 2167 1076 2215 salvari
1108 2168 1518 2228 contradicentes3
1554 2184 1669 2232 ergo
1698 2185 1794 2217 non
1819 2170 1914 2217 dixi
1943 2170 2070 2232 quod

295 2255 553 2315 peccarent
575 2251 660 2299 sed
681 2251 826 2314 quod,
852 2252 996 2299 modo
1018 2267 1112 2314 quo
1142 2267 1302 2314 supra,
1327 2251 1519 2300 illorum
1541 2252 1856 2301 contradictio
1878 2253 2069 2316 signum

297 2341 399 2385 erat
419 2335 698 2399 privationis
720 2335 870 2399 gratie
893 2335 941 2382 in
964 2336 1049 2384 eis.

363 2422 589 2467 Preterea
619 2417 799 2466 ibidem
829 2417 1003 2465 dicitur
1027 2434 1036 2465 :
1060 2417 1175 2464 Alia
1206 2417 1417 2482 deinceps
1445 2419 1578 2466 illum
1605 2435 1698 2467 non
1728 2421 1886 2467 tainus
1915 2421 2071 2484 inepta

294 2505 455 2568 faeere
477 2510 521 2550 et
547 2502 696 2550 dicere
729 2518 783 2548 ae
803 2502 1014 2548 seribere.
1041 2503 1187 2549 Totus
1219 2501 1456 2564 siquidem
1486 2502 1691 2566 populus
1715 2503 1810 2552 ‘iste
1838 2504 1973 2552 testis
1999 2509 2072 2552 est

299 2603 376 2635 mc
404 2602 494 2635 nec
522 2585 682 2634 dicere
713 2601 803 2634 nec
833 2586 992 2633 facere
1022 2585 1186 2649 inepta
1218 2602 1308 2633 nec
1343 2586 1641 2646 scandalosa,
1668 2588 1754 2636 sed
1785 2604 1878 2651 que
1899 2605 2072 2652 magne

302 2675 411 2719 sunt
432 2670 616 2718 virtutis
638 2673 685 2718 et
705 2669 1006 2718 necessitatis
1034 2669 1080 2716 in
1104 2668 1287 2717 fructus
1309 2670 1484 2718 multos
1513 2674 1559 2718 et
1581 2671 1783 2720 salutem
1805 2672 2073 2721 animarum

304 2761 351 2804 et
371 2755 430 2803 ad
448 2770 617 2818 pacem
639 2754 688 2800 in
707 2753 896 2801 civitate
919 2752 1195 2800 Florentina
1220 2757 1266 2800 et
1294 2752 1354 2799 ad
1366 2753 1768 2802 'reformationem
1790 2755 2068 2818 spectantia.

305 2841 360 2885 Et
387 2853 498 2885 cum
526 2836 758 2899 scriptum
786 2836 843 2882 sit
871 2837 919 2882 in
949 2851 1026 2882 ore
1056 2836 1256 2882 datorum
1287 2835 1359 2881 rel
1384 2836 1526 2882 trium
1557 2838 1743 2884 testium
1773 2838 1915 2885 stabit
1939 2853 2074 2885 omne

309 2920 528 2976 rerbum;
567 2934 657 2982 ego
690 2934 788 2964 non
826 2918 981 2965 solum
1021 2917 1141 2965 duos
1177 2917 1250 2964 vel
1286 2921 1399 2976 tres,
1432 2918 1516 2965 sed
1546 2918 1664 2979 duo,
1700 2920 1790 2968 tria
1824 2920 1897 2968 vel
1928 2921 2073 2969 etiam

306 3005 476 3053 decem
507 3001 702 3051 testium
739 3000 886 3048 millia
923 3000 971 3047 in
1010 3000 1224 3048 medium
1258 3001 1517 3059 adducam;
1543 3018 1653 3050 cum
1683 3002 1856 3065 quibus
1893 3007 1940 3052 et
1971 3003 2075 3067 ipsa

307 3102 471 3151 opera,
495 3100 591 3133 non
614 3100 642 3132 a
661 3098 739 3131 me
762 3083 847 3131 sed
867 3099 895 3130 a
917 3085 1016 3131 Deo
1043 3099 1130 3146 per
1156 3099 1233 3130 me
1261 3083 1387 3132 facta
1414 3084 1687 3132 clamabunt
1706 3085 2073 3149 probabuntque

306 3188 382 3218 me
404 3183 649 3232 nunquam
670 3166 783 3215 talia
803 3165 978 3216 dixisse
1000 3171 1080 3215 aut
1097 3183 1182 3230 per
1201 3167 1376 3215 similia
1395 3183 1486 3230 que
1507 3167 1760 3217 adversum
1781 3185 1860 3219 me
1881 3169 2073 3233 reprobi

305 3255 528 3303 homines
559 3254 950 3315 composuerunt.
982 3253 1208 3298 Preterea
1232 3250 1279 3297 in
1312 3250 1415 3314 ipso
1442 3251 1572 3299 brevi
1601 3252 1818 3316 sequitur
1846 3252 1976 3316 quod
1997 3268 2075 3300 co-

306 3339 511 3401 gitamus
545 3337 689 3399 longa
727 3334 1032 3384 cunctatione
1068 3337 1114 3381 et
1153 3333 1378 3382 diuturna
1414 3335 1644 3398 patientia
1674 3339 1840 3383 nostra
1878 3334 2071 3383 efficere

309 3421 488 3469 fatuam
509 3420 638 3468 illam
657 3418 990 3482 propheticam
1013 3417 1362 3481 professionem
1387 3433 1397 3464 ι
1424 3434 1513 3481 ego
1535 3418 1742 3466 arbitror
1761 3416 1888 3480 quod
1915 3417 2071 3466 nullus
