2216 3886
915 281 1200 320 APPENDICE.
1876 283 1948 319 675

165 385 270 427 belli
290 384 429 426 moles
455 386 498 426 et
525 384 670 426 ltalice
694 387 737 426 et
766 384 927 426 Gallice
948 385 1188 438 nationisit
1206 385 1416 434 allatura;
1437 386 1480 425 et
1499 383 1620 436 quod
1648 384 1748 435 plus
1771 384 1947 425 calami-

168 451 268 492 tatis
293 454 337 493 et
363 450 544 492 infamie
575 461 709 503 quam
742 450 921 491 honoris
955 454 997 491 et
1026 451 1165 504 glorie
1197 462 1251 492 ex
1283 449 1539 504 hujusmodi
1574 450 1700 491 novis
1731 449 1946 491 bellorum

167 517 361 559 motibus
388 518 444 558 sit
471 519 764 569 susceptura3
792 516 902 557 nolit
928 527 1067 569 queso
1094 517 1309 569 primitias
1335 517 1462 570 regni
1488 515 1557 557 sui
1584 515 1820 557 christiane
1849 516 1946 556 reli-

167 582 314 635 gionis
340 583 615 624 desolatione
638 594 818 624 causam
844 585 1058 635 prestare.
1078 583 1203 634 Quod
1231 583 1288 624 ad
1311 583 1388 636 jus
1422 593 1555 634 super
1587 582 1749 624 ducatu
1775 581 1946 633 attinet,

167 647 446 700 imperatoris
479 651 629 700 partes
660 659 759 689 esse
790 648 844 689 de
876 648 949 689 illo
977 648 1225 690 discernere
1257 660 1387 690 nemo
1418 651 1569 690 autem
1593 647 1793 701 ambigit,
1817 645 1946 688 officii

167 713 306 754 nostri
339 724 440 754 esse
473 714 752 756 concordiam
786 714 900 755 inter
933 725 1236 767 quoscumque
1270 714 1487 767 principes
1519 717 1562 755 et
1593 713 1798 765 precipue
1830 712 1945 753 inter

168 779 443 831 Majestatem
464 791 592 821 suam
615 783 656 822 et
678 781 834 823 ducem
848 779 1082 832 prefatum,
1098 791 1231 832 quem
1248 780 1370 833 regie
1390 791 1550 821 corone
1571 790 1650 820 sue
1667 778 1830 820 scimus
1848 789 1948 820 esse

167 843 508 895 deditissimum,
532 856 620 897 quo
640 847 866 897 possimus
881 845 1027 887 studio
1048 848 1091 887 et
1111 845 1337 898 diligentia
1359 856 1526 886 curare.

225 925 246 947 «
276 909 320 950 Si
341 910 396 951 de
415 911 551 951 rebus
579 912 732 952 Genue
760 911 893 953 verba
914 910 1056 961 faciet,
1075 910 1397 962 respondebitis
1417 921 1702 963 nequaquam
1722 922 1805 953 nos
1826 909 1948 952 dubi-

167 978 261 1016 tare
284 975 392 1028 quin
426 976 516 1017 dux
547 977 778 1018 Mediolani
803 988 882 1030 pro
908 976 1102 1018 dominio
1130 977 1280 1017 Genue
1310 979 1353 1017 et
1380 978 1550 1019 Savone
1581 980 1624 1018 et
1650 975 1949 1029 adiacentium

166 1044 385 1083 terrarum
410 1053 496 1095 que
518 1054 544 1084 a
565 1044 829 1085 Francorum
848 1043 1029 1096 regibus
1049 1041 1095 1083 in
1117 1041 1301 1083 feudum
1323 1043 1508 1094 obtinet,
1530 1042 1764 1085 feudatarii
1781 1045 1949 1095 prestet

169 1108 399 1160 obsequia.

227 1189 247 1211 «
271 1175 495 1225 Quantum
515 1173 571 1215 ad
596 1173 869 1215 Florentinos
890 1174 1061 1224 attinet,
1089 1174 1127 1215 si
1151 1174 1206 1216 de
1221 1175 1285 1216 eis
1306 1174 1434 1217 faciet
1450 1175 1602 1227 verba,
1624 1174 1949 1228 respondebitis

165 1240 286 1292 quod
317 1251 416 1281 cum
450 1240 506 1282 ad
536 1240 833 1282 universalem
861 1251 1016 1292 pacem
1050 1240 1172 1282 Italie
1197 1252 1248 1282 ac
1278 1241 1415 1283 totius
1440 1241 1682 1294 reipublice
1715 1240 1950 1282 christiane

165 1306 326 1346 mentis
356 1307 509 1347 nostre
536 1305 733 1346 studium
760 1305 1019 1359 dirigamus,
1049 1317 1225 1347 omnem
1251 1317 1432 1348 causam
1457 1318 1543 1359 que
1562 1307 1708 1359 ipsam
1735 1305 1948 1358 impedire

163 1374 316 1423 posset
336 1370 390 1413 de
409 1371 556 1412 medio
579 1371 820 1412 tollendam
843 1371 1066 1422 duximuS,
1090 1376 1133 1413 et
1153 1376 1384 1424 propterca
1415 1372 1631 1425 populum
1656 1372 1782 1413 illum
1807 1370 1949 1412 nostri

163 1439 207 1477 et
227 1436 347 1478 sedis
367 1436 608 1488 apostolice
628 1436 965 1478 devotissimum
984 1438 1030 1478 in
1049 1437 1251 1480 libertate
1273 1441 1317 1479 et
1334 1439 1591 1480 auctoritate
1613 1449 1695 1480 sua
1714 1440 1947 1491 protegere

162 1501 404 1554 plurimum
443 1504 511 1542 est
547 1505 672 1550 cure}
711 1512 763 1543 ac
796 1501 988 1543 libenter
1024 1502 1230 1544 audimus
1268 1503 1388 1556 quod
1423 1505 1633 1558 Majestas
1673 1515 1754 1546 sua
1794 1514 1948 1544 eorum

162 1578 337 1620 quoque
359 1568 491 1609 saluti
510 1568 744 1610 nobiscum
763 1567 1019 1609 incumbere
1038 1568 1159 1610 velit.

220 1649 241 1671 «
265 1635 328 1675 De
361 1633 535 1675 civitate
550 1634 708 1675 Pisana
727 1633 764 1674 si
783 1634 961 1686 quando
981 1645 1127 1676 sermo
1145 1646 1225 1687 per
1240 1635 1518 1689 Majestatem
1536 1647 1664 1677 suam
1681 1634 1774 1686 fiet,
1794 1635 1946 1677 dicetis

162 1710 244 1740 nos
266 1701 469 1751 prompto
489 1699 637 1740 animo
658 1702 836 1751 paratos
855 1703 902 1741 ut
921 1700 1157 1741 Florentini
1174 1701 1220 1741 in
1241 1712 1396 1742 eorum
1409 1702 1514 1754 jure
1535 1704 1875 1756 remtegrentur,
1898 1705 1948 1743 ut

163 1764 309 1806 omnia
330 1764 434 1807 belli
454 1764 622 1806 semina
642 1765 820 1817 penitus
841 1765 1104 1817 evellentur;
1127 1769 1171 1807 et
1190 1766 1374 1819 proinde
1397 1766 1673 1818 Majestatem
1697 1778 1823 1807 suam
1841 1766 1946 1807 hor-

160 1834 308 1873 tamur
326 1835 376 1873 ut
395 1843 495 1873 cum
511 1832 688 1873 Venetis
716 1834 758 1872 et
786 1831 884 1872 aliis
910 1843 1010 1872 cum
1031 1831 1194 1884 quibus
1216 1836 1518 1884 opportunum
1539 1832 1817 1885 judicaverit,
1839 1843 1945 1884 ope-

160 1909 254 1939 ram
277 1898 384 1939 dare
402 1898 506 1940 velit
520 1897 641 1950 quod
657 1897 905 1939 Florentina
924 1898 1188 1950 Respublica
1209 1899 1429 1940 civitatem
1451 1910 1578 1940 suam
1593 1898 1808 1951 prefatam
1822 1897 1944 1939 Pisa-

161 1975 275 2014 rum,
294 1974 428 2016 quam
447 1966 627 2016 propter
648 1963 889 2005 adventum
907 1963 1050 2004 Caroli
1068 1963 1187 2016 regis
1208 1963 1253 2004 in
1266 1964 1434 2005 Italiam
1458 1965 1717 2015 amiserunt,
1736 1963 1943 2015 auspiciis

163 2040 243 2070 sue
263 2029 508 2083 Majestatis
532 2029 660 2082 cujus
684 2029 951 2081 Respublica
978 2029 1052 2070 illa
1080 2040 1256 2081 semper
1277 2029 1561 2071 devotissima
1582 2029 1665 2071 fuit
1684 2041 1943 2082 recuperare

159 2095 313 2147 valeat,
337 2095 487 2148 sicque
506 2095 739 2137 nobiscum
765 2095 811 2136 in
845 2098 1044 2136 sanctam
1071 2098 1220 2136 contra
1248 2096 1412 2137 Turcas
1433 2095 1759 2148 expeditionem
1783 2096 1942 2137 adesse

159 2161 316 2214 possit.

218 2243 239 2265 «
267 2226 393 2279 Quod
412 2226 469 2268 ad
490 2227 688 2276 Ursinos,
712 2226 1030 2269 Columnenses
1051 2229 1095 2267 et
1120 2226 1230 2267 alios
1258 2226 1512 2268 domicellos
1539 2227 1730 2268 Ecclesie
1760 2238 1941 2269 romane

161 2293 398 2346 subjectos,
420 2293 696 2347 Majestatem
714 2303 843 2334 suam
856 2292 1036 2333 nomine
1049 2294 1202 2333 nostro
1218 2292 1455 2335 monebitis
1469 2304 1525 2334 ne
1539 2293 1639 2334 illos
1656 2294 1751 2334 sine
1766 2293 1939 2334 licentia

159 2360 311 2398 nostra
325 2357 382 2398 ad
399 2357 618 2409 stipendia
633 2369 713 2399 sua
731 2357 947 2399 conducat
960 2368 1104 2410 neque
1121 2351 1270 2398 minus
1289 2357 1530 2400 conductos
1547 2361 1711 2408 teneat,
1731 2370 1787 2399 ne
1806 2359 1940 2399 simul

159 2434 259 2464 cum
281 2422 495 2464 militibus
518 2423 760 2476 Majestatis
783 2434 862 2465 sue
884 2423 1076 2464 dominia
1096 2426 1264 2475 nostra,
1290 2424 1610 2475 venientesque
1632 2423 1689 2464 ad
1708 2433 1938 2464 romanam

159 2489 325 2530 curiam
344 2489 609 2531 molestandi
630 2490 694 2531 eis
716 2487 887 2530 occasio
908 2487 1160 2539 prebeatur.

217 2571 238 2592 «
266 2557 330 2597 De
350 2554 542 2607 prefecto
569 2555 698 2596 Urbis
727 2554 765 2595 si
791 2555 1059 2594 mentionem
1084 2552 1248 2603 fecerit,
1280 2552 1585 2606 significabitis
1613 2553 1831 2606 Majestati
1859 2564 1939 2594 sue

159 2621 279 2674 quod
314 2620 531 2673 prefectus
565 2632 654 2662 non
687 2620 831 2661 solum
863 2619 1065 2671 rapinam
1095 2619 1316 2671 publicam
1348 2619 1395 2659 in
1427 2619 1556 2660 terris
1591 2619 1756 2659 nostris
1789 2621 1939 2659 contra

157 2686 344 2727 nuncios
364 2689 541 2727 nostros
562 2697 675 2738 quos
699 2686 745 2726 in
765 2695 982 2726 carcerem
1007 2684 1219 2725 conclusit
1238 2687 1280 2725 et
1307 2687 1456 2725 contra
1477 2685 1675 2737 legatum
1700 2685 1940 2725 Turcarum

157 2751 366 2804 principis
387 2751 619 2803 commisit,
641 2751 702 2792 illi
727 2763 793 2792 xz.
816 2762 875 2791 m.
898 2750 1168 2792 florenorum
1190 2750 1286 2791 auri
1306 2761 1386 2802 pro
1409 2750 1617 2802 expensis
1637 2749 1784 2790 fratris
1805 2761 1938 2802 quem

157 2817 276 2869 apud
295 2827 378 2858 nos
397 2827 561 2870 magna
581 2828 681 2858 cum
701 2816 902 2869 impensa
922 2815 1128 2857 custodiri
1149 2814 1435 2866 faciebamus,
1461 2818 1504 2856 et
1521 2815 1632 2856 alias
1652 2815 1940 2868 pecuniarum

157 2885 201 2924 et
218 2883 438 2924 bonorum
454 2882 605 2935 magni
618 2882 780 2924 valoris
796 2881 1066 2934 quantitates
1079 2880 1335 2932 auferendo,
1353 2892 1510 2923 verum
1525 2880 1657 2922 etiam
1671 2881 1817 2933 copias
1832 2892 1938 2922 nos-

137 2942 249 2989 'tras
269 2959 319 2989 ac
342 2948 699 2990 Bartholomeum
720 2949 892 2989 Seri-am
911 2947 1085 2988 illarum
1108 2948 1339 2988 ductorum
1364 2958 1414 2987 ex
1435 2947 1656 3000 sanguine
1681 2946 1811 2988 nobis
1832 2957 1938 2987 con-

152 3013 372 3066 Junctum‚
402 3026 481 3065 per
504 3016 645 3054 terras
671 3015 846 3053 nostras
872 3013 954 3052 iter
980 3011 1191 3053 facientes
1219 3012 1487 3061 invadendo,
1513 3012 1744 3063 spoliando
1778 3014 1820 3052 et
1840 3022 1936 3062 cap-

157 3078 270 3119 tivos
301 3078 553 3128 detinendo,
580 3088 628 3118 se
652 3077 698 3117 in
722 3075 1009 3117 defectionem
1037 3075 1267 3117 manifeste
1295 3076 1544 3125 constituit;
1576 3078 1620 3115 et
1647 3075 1767 3127 quod
1794 3074 1936 3127 magis

156 3144 342 3185 moleste
380 3143 578 3193 tulimus,
609 3141 732 3182 falsis
760 3141 1158 3182 machinationibus
1189 3140 1352 3182 famam
1383 3143 1583 3181 nostram
1614 3140 1835 3181 maculare
1864 3151 1936 3180 co-

156 3212 289 3251 natus
314 3212 396 3258 est,
425 3211 575 3250 contra
601 3218 684 3248 nos
704 3205 878 3259 fingens
906 3206 1026 3258 quod
1050 3218 1149 3247 cum
1174 3206 1335 3252 Turcis,
1354 3205 1638 3246 sentiremus.
1671 3206 1778 3246 Cum
1804 3204 1938 3257 igitur

157 3287 236 3328 per
256 3274 521 3317 sententiam
540 3283 710 3314 camere
724 3272 961 3325 apostolice
975 3271 1104 3324 Juxta
1117 3272 1272 3313 merita
1287 3281 1551 3312 excessuum
1568 3281 1751 3310 suorum
1766 3281 1935 3311 excom-

157 3341 405 3383 municatus
433 3339 563 3381 fuerit
590 3350 641 3380 ac
672 3337 915 3390 prefecture
945 3337 1156 3390 dignitate
1187 3337 1330 3378 feudIS
1364 3339 1407 3377 et
1439 3336 1537 3376 aliis
1572 3335 1701 3376 bonis
1736 3335 1935 3387 privatus

159 3407 363 3459 extiterit,
389 3406 498 3448 nolit
528 3404 735 3458 Majestas
764 3414 858 3453 sua,
886 3414 985 3444 cum
1010 3403 1078 3444 hic
1106 3403 1160 3444 de
1192 3403 1356 3443 honore
1390 3404 1541 3442 nostro
1578 3404 1754 3454 agatur,
1791 3400 1934 3442 eidem
