2216 3886
195 308 282 349 [Mai
305 309 398 347 1499]
648 303 815 340 RERUM
850 301 1149 338 [JRBANARL'M
1177 302 1525 339 COMMENTAHH.
1909 309 1975 344 531

265 410 351 458 Die
369 409 492 473 jovis
511 412 763 471 sequente,
787 406 874 455 fuit
892 406 1042 454 missa
1063 406 1294 454 solemnis
1318 406 1364 454 in
1384 407 1582 456 basilica
1602 425 1640 456 s.
1665 411 1810 471 Petri,
1837 428 1979 474 quani

199 493 461 543 celebravit
492 495 655 539 Rinus.
694 493 751 538 D.
786 489 1039 538 cardinalis
1077 489 1351 549 Grimanus,
1390 492 1518 554 Papa
1552 492 1696 540 etiam
1726 499 1975 557 presente:

197 591 475 626 sermonem
510 574 622 623 fecit
654 578 710 622 D.
746 573 1068 623 Bernardinus
1099 573 1157 621 de
1192 573 1416 638 Piperno,
1455 576 1728 639 capellanus
1760 579 1884 627 Rmi.
1917 583 1974 628 D.

195 659 449 709 cardinalis
471 676 509 707 s.
535 658 717 707 Crucis.
742 657 896 705 Finita
916 657 1081 716 missa,
1107 656 1194 704 fuit
1215 661 1467 705 ostensum
1493 658 1738 707 sudarium
1762 662 1971 721 Domini,

193 761 307 808 quo,
340 744 388 792 in
423 744 526 808 ejus
557 743 683 802 navi,
713 757 802 806 per
829 744 912 789 SS.
945 743 1002 788 D.
1035 743 1090 788 N.
1124 740 1242 799 viso,
1282 741 1520 790 Sanctitas
1555 758 1641 791 sua
1672 745 1889 794 ascendit
1917 746 1977 794 ad

190 826 351 875 locum
401 825 594 890 publice
634 823 1006 881 benedictionis,
1050 822 1127 869 ubi
1169 823 1346 886 populo
1386 823 1632 874 benedixit
1674 827 1970 887 solemniter,

191 925 326 957 more
348 908 506 957 solito.

255 993 369 1041 Heri
418 1008 639 1056 vespere,
678 991 739 1038 ad
773 1005 1025 1054 vesperaS,
1064 989 1123 1037 de
1161 990 1347 1054 capella
1385 992 1604 1055 [minore]
1641 994 1702 1041 ad
1739 995 1973 1059 capellam

192 1075 480 1141 {majoremL
526 1078 651 1138 Papa
690 1072 1007 1137 precedente,
1052 1072 1112 1119 de
1151 1073 1379 1121 mandato
1421 1075 1698 1124 Sanctitatis
1739 1093 1823 1125 sue
1864 1078 1971 1127 dedi

188 1161 348 1208 locum
371 1162 510 1207 Rmo.
538 1161 593 1205 D.
620 1157 863 1216 Silvestro,
889 1155 1116 1219 episcopo
1137 1156 1446 1220 vigorniensi
1467 1157 1594 1207 inter
1614 1159 1733 1208 alios
1757 1164 1971 1210 oratores

189 1250 236 1292 et
257 1244 486 1307 prelatOS,
513 1258 656 1305 quem
678 1244 732 1288 R.
755 1243 808 1288 P.
832 1243 888 1288 D.
915 1240 1174 1299 Robertus,
1200 1240 1457 1305 episcopus
1477 1244 1788 1292 Trecorensis
1810 1249 1974 1293 orator

185 1328 376 1376 ducisse
414 1326 678 1384 Britannie,
719 1324 883 1388 regine
918 1323 1117 1372 Francie
1154 1341 1300 1388 supra
1335 1341 1387 1373 se
1427 1326 1609 1390 recepit
1648 1331 1695 1376 et
1728 1327 1773 1374 ei
1806 1328 1967 1388 cessit,

184 1412 297 1460 licet
319 1415 522 1474 uterque
544 1425 714 1459 eorum
734 1425 821 1473 per
841 1424 919 1457 me
941 1408 1000 1457 de
1022 1424 1191 1456 eorum
1218 1408 1326 1457 1000
1348 1409 1519 1457 fuisset
1547 1410 1853 1458 certioratus.
1881 1414 1965 1459 SS.

187 1499 242 1543 D.
268 1497 348 1554 N„
378 1495 472 1543 hoc
493 1494 676 1552 videns,
700 1492 963 1541 admiratus
985 1496 1056 1541 est
1077 1492 1135 1540 de
1158 1493 1442 1541 Trecorensi
1469 1498 1517 1541 et
1539 1493 1690 1542 doluit
1712 1494 1771 1542 de
1804 1511 1966 1543 errore

192 1595 296 1639 suo,
329 1584 393 1636 et,
423 1583 533 1643 post
559 1593 784 1642 vesperas
806 1593 883 1625 me
912 1577 1092 1640 rogavit
1116 1580 1167 1623 ut
1195 1576 1238 1625 ei
1266 1577 1476 1624 faverem
1503 1593 1591 1640 pro
1613 1577 1838 1627 habendo
1856 1578 1964 1627 loco

186 1679 297 1721 suo3
330 1663 457 1726 quod
487 1666 535 1710 et
564 1661 658 1709 feci
686 1662 736 1709 in
763 1677 905 1711 mane
937 1662 1176 1726 sequenti,
1200 1662 1279 1710 ubi
1304 1662 1353 1710 in
1383 1663 1568 1727 capella
1598 1663 1641 1712 ei
1670 1664 1814 1712 cessit
1836 1664 1963 1728 epis-

188 1762 337 1810 copus
354 1745 706 1809 Vigorniensis,
732 1750 782 1793 ut
802 1745 990 1804 debuit3
1022 1750 1069 1794 et
1091 1746 1321 1810 deinceps
1346 1746 1552 1795 obtinuit
1569 1747 1780 1810 priorem
1800 1747 1962 1796 locum

187 1829 314 1877 idem
333 1829 587 1893 episcopus
608 1828 937 1888 Trecorensis,
958 1833 1010 1877 ut
1031 1834 1192 1878 orator
1219 1830 1403 1893 regine,
1431 1846 1487 1877 eu
1490 1831 1570 1894 jus
1592 1846 1800 1894 persona
1821 1848 1849 1879 a
1870 1832 1959 1879 du-

186 1912 310 1961 cissa
338 1912 550 1976 separari
577 1927 674 1960 non
696 1916 873 1976 potest,
893 1916 938 1961 et
963 1929 990 1960 a
1017 1913 1235 1977 digniore
1264 1913 1486 1962 facienda
1512 1918 1584 1961 est
1610 1914 1956 1963 denominatio.

246 1996 383 2044 Feria
410 2000 596 2060 quarta,
633 2000 688 2044 15
718 1996 849 2055 maii,
883 1996 973 2044 fuit
1001 1997 1352 2045 consistorium>
1373 2003 1633 2058 secretum,
1672 1999 1718 2045 in
1749 2015 1845 2062 quo
1880 1999 1966 2046 fuit

178 2081 420 2144 provisum
453 2080 658 2128 ecclesie
688 2079 1041 2143 Andegavensi,
1080 2084 1194 2127 tunc
1225 2085 1358 2129 certo
1374 2081 1520 2129 modo
1554 2082 1760 2145 pastoris
1792 2082 1963 2131 solatio

178 2162 421 2223 destitute,
456 2164 514 2212 de
542 2179 750 2227 persona
783 2166 838 2210 R.
878 2166 929 2210 P.
963 2166 1018 2210 D.
1053 2163 1311 2228 [Francisci
1339 2164 1398 2212 de
1427 2165 1632 2228 Rohanj,
1665 2165 1794 2214 sedis
1822 2182 1964 2230 apos-

179 2247 317 2296 [olice
350 2247 685 2312 protonotarii,
723 2246 806 2294 filii
840 2247 1123 2295 marescalci
1157 2248 1323 2312 regine
1358 2249 1576 2307 Francie,
1617 2254 1666 2298 et
1700 2249 1749 2297 in
1790 2250 1961 2298 eodem

177 2332 464 2381 consistorio
505 2332 728 2396 expedite
768 2331 918 2391 bulle,
954 2347 1046 2394 que
1087 2335 1230 2380 antea
1269 2332 1444 2397 scripte
1484 2337 1639 2392 erant,
1677 2339 1728 2381 nt
1763 2325 1961 2397 possent

176 2421 287 2464 ante
323 2415 608 2479 vigesimam
649 2415 862 2478 quintam
898 2414 1027 2462 diem
1062 2416 1280 2479 ejusdem
1318 2417 1499 2464 mensis
1532 2417 1960 2480 Andegavensibus

174 2499 462 2562 presentari,
487 2498 617 2562 quod
637 2498 863 2547 eumdem
885 2498 1014 2546 diem
1036 2498 1237 2562 singulis
1259 2501 1505 2548 canonicis
1526 2501 1836 2565 prefixerant.

243 2583 380 2632 Feria
400 2582 583 2645 quinta,
610 2585 670 2629 22
695 2581 826 2640 maii,
858 2584 912 2629 R.
943 2581 993 2628 in
1017 2581 1206 2629 Christo
1236 2584 1287 2629 P.
1321 2585 1378 2630 D.
1412 2583 1669 2642 Robertus,
1701 2583 1955 2647 episcopus

173 2666 498 2725 Trecorensis,
529 2665 788 2714 celebravit
817 2680 1038 2729 vesperas
1070 2664 1314 2712 solemnes
1347 2666 1394 2712 111
1426 2665 1650 2725 ecclesia,
1686 2683 1724 2713 s.
1761 2667 1952 2727 Yvonis,

171 2749 422 2814 hospitalis
445 2748 714 2809 Britannie3
739 2749 798 2798 de
821 2748 995 2798 eodem
1017 2752 1183 2797 sancto
1205 2748 1381 2797 festum
1404 2750 1491 2797 fuit
1511 2749 1756 2814 dominica
1778 2752 1956 2800 Pente-

171 2839 347 2893 costes,
388 2838 445 2881 19
479 2833 643 2898 huJ'US,
684 2833 811 2882 etin
844 2833 1102 2882 crastinam
1139 2833 1268 2881 diem
1306 2834 1618 2893 translatum3
1658 2835 1773 2883 dixit
1808 2852 1954 2884 unani

172 2915 440 2966 orationem
463 2922 665 2966 tantum.
695 2918 1021 2966 Interfuerunt
1051 2917 1215 2964 RRmi.
1246 2917 1344 2965 DD.
1376 2918 1645 2967 cardinales
1675 2920 1951 2970 Gurcensis.

174 3003 424 3065 Capuanus
446 3005 494 3050 et
515 3002 573 3050 de
597 2986 789 3066 Borgia.

237 3084 324 3132 Die
361 3089 610 3147 sequente,
639 3085 769 3133 idem
797 3086 1054 3149 episcopus
1081 3086 1342 3135 celebravit
1370 3070 1581 3134 missam
1600 3087 1871 3134 solemnem
1904 3086 1950 3134 in

171 3167 342 3216 eadem
370 3166 593 3228 ecclesia,
624 3183 735 3217 cum
762 3169 947 3218 decano
975 3173 1023 3217 et
1045 3168 1361 3228 subdiacone,
1393 3174 1441 3217 et
1468 3169 1744 3217 cantoribus
1766 3169 1950 3233 capelle

170 3254 364 3310 nostre3
407 3251 488 3314 qui
526 3255 747 3301 cantores
790 3252 936 3301 etiam
980 3252 1086 3301 heri
1128 3267 1356 3316 vesperas
1395 3252 1576 3300 ibidem
1616 3256 1945 3300 cantaverunt.

171 3333 496 3384 interfuerunt
515 3333 629 3383 huic
653 3335 799 3384 misse
825 3335 991 3384 RRmi.
1017 3337 1118 3383 DD.
1143 3327 1413 3385 cardinales
1437 3351 1476 3382 s.
1508 3334 1739 3399 Dionysii,
1766 3352 1806 3384 s.
1832 3339 1948 3385 Cru-

173 3417 259 3476 015,
286 3417 561 3476 Gurcensis,
594 3420 845 3481 Capuanus
870 3423 918 3465 ct
943 3418 1138 3481 Borgia3
1170 3424 1218 3467 et
1243 3417 1434 3467 fuerunt
1462 3422 1621 3482 caput,
1648 3423 1744 3468 tam
1765 3420 1871 3468 heri
1902 3420 1946 3466 in

1869 3630 1898 3655 m
