2216 3886
754 635 1393 725 APPENDICE

1063 1297 1080 1340 -1

232 1432 430 1475 Relation
447 1431 501 1471 de
514 1430 806 1481 Hieronymus
822 1429 1000 1469 Porcius
1021 1440 1099 1470 sur
1113 1428 1329 1471 l'election
1350 1429 1410 1470 du
1424 1428 1790 1470 vice-chancelier
1804 1429 1960 1482 Borgia

179 1496 204 1537 a
224 1497 267 1538 la
288 1495 496 1549 papaute.
518 1494 705 1536 Portrait
726 1493 784 1535 du
802 1492 1052 1535 Saint-Pere
1072 1507 1082 1543 ;
1104 1506 1186 1536 son
1203 1497 1568 1536 couronnement.

235 1621 256 1644 α
281 1636 360 1646 .....
394 1607 570 1646 Annum
607 1618 775 1647 nonum
814 1610 857 1647 et
892 1607 1312 1660 quinquagesimum
1338 1617 1493 1659 agens,
1532 1606 1768 1648 Rodericus
1807 1606 1964 1658 Borgia

182 1675 345 1712 sanctae
363 1671 422 1724 (1)
443 1672 655 1713 Romanae
670 1673 872 1713 Ecclesiae
892 1672 1288 1722 vicecancellarius,
1307 1672 1549 1713 Cardinalis
1560 1672 1820 1713 Valentinus
1843 1670 1966 1712 Inn'o-

181 1737 309 1777 centii
338 1738 477 1779 octavi
505 1737 726 1779 Pontificis
747 1738 921 1778 Maximi
946 1738 1099 1779 funere
1120 1738 1355 1787 celebrato,
1389 1737 1611 1778 communi
1634 1735 1966 1788 Cardinali[um]

176 1801 341 1854 Judicio
368 1802 566 1844 Pontifex
590 1804 809 1844 maximus
835 1804 1144 1852 conclamatur,
1172 1804 1323 1855 illique
1349 1802 1597 1843 Alexander
1623 1805 1777 1843 sextus
1802 1808 1965 1842 nomen

182 1867 431 1922 injungitur
445 1870 572 1911 tertio
587 1870 734 1911 idibus
749 1870 927 1923 augusti
941 1871 997 1911 ab
1020 1869 1334 1910 incarnationis
1351 1879 1468 1909 anno
1487 1867 1655 1910 MCCCC
1675 1867 1965 1920 nonagesimo

182 1935 405 1976 secundo:
439 1938 482 1976 et
511 1947 781 1988 quamquam
815 1939 858 1976 te
890 1935 1135 1988 intelligam
1165 1934 1421 1975 mutationis
1454 1933 1646 1974 nominis
1682 1933 1728 1973 in
1758 1931 1966 1974 Pontifice

181 2011 360 2041 causam
393 2011 483 2041 non
502 2001 721 2054 ignorare,
747 2013 847 2042 cum
881 2001 999 2042 enim
1030 2000 1108 2042 Dei
1139 2000 1255 2042 vices
1287 2011 1367 2052 per
1396 1998 1750 2050 assumptionem
1769 1999 1896 2050 gerat
1921 1996 1967 2036 in

179 2065 330 2116 terris,
350 2066 519 2119 Justius
554 2065 658 2117 fuit,
686 2070 857 2108 mutato
893 2078 1074 2119 corpore
1107 2077 1270 2108 nomen
1296 2068 1467 2106 mutare
1498 2062 1752 2105 Pontificem
1788 2062 1908 2115 quod
1929 2062 1966 2103 si

181 2131 393 2173 hactenus
428 2144 518 2174 non
549 2136 668 2174 esset
691 2133 795 2186 Jure
827 2133 1124 2185 permissum:
1147 2132 1229 2172 hoc
1253 2131 1403 2172 debuit
1432 2130 1479 2170 in
1505 2128 1754 2170 Alexandro
1782 2127 1964 2169 servari:

182 2207 262 2237 nec
281 2198 417 2239 Roma
448 2199 628 2240 mereris
650 2199 810 2240 summi
831 2198 1038 2250 principis
1058 2197 1317 2251 largitiones
1337 2197 1541 2249 ingentes
1563 2197 1606 2236 et
1625 2194 1847 2246 presentia
1867 2204 1964 2234 mu-

182 2273 289 2303 nera
312 2276 321 2304 :
342 2264 528 2317 largitus
555 2268 624 2306 est
648 2275 809 2317 magna
832 2265 979 2306 Caesar
1005 2275 1086 2304 nec
1112 2266 1179 2304 est
1206 2265 1425 2316 augustus
1454 2261 1624 2302 minora
1653 2259 1856 2313 largitus,
1889 2260 1966 2300 sed

183 2330 502 2372 consideranda
522 2342 573 2372 ac
604 2341 763 2372 censeo
793 2330 1033 2382 repetenda
1059 2328 1153 2370 fore
1184 2329 1354 2381 maj0ra
1379 2339 1479 2380 quae
1509 2326 1675 2368 cunctis
1704 2324 1967 2367 mortalibus

183 2396 420 2436 Rodericus
442 2397 601 2449 Borgia
620 2407 736 2436 nunc
757 2396 978 2437 maximus
998 2394 1246 2437 Alexander
1264 2394 1446 2435 contulit
1472 2391 1702 2441 beneficia,
1724 2390 1967 2432 innumeris

186 2460 379 2501 ecclesiis
412 2461 605 2513 praefecit
637 2462 857 2502 antistites
878 2473 932 2502 ex
967 2461 1126 2501 nichilo
1153 2460 1301 2512 plures
1335 2458 1602 2506 sublimavit,
1634 2458 1783 2509 plures
1816 2457 1862 2496 in
1893 2467 1965 2496 ec-

186 2525 318 2567 clesia
337 2527 414 2567 Dei
435 2527 649 2579 plantavit
666 2527 915 2568 sacerdotes
934 2529 1001 2567 :et
1016 2526 1173 2568 Christi
1187 2525 1304 2577 quod
1318 2525 1480 2565 milites
1499 2523 1709 2564 Roderico
1728 2521 1838 2562 duce
1859 2533 1965 2573 quo-

186 2604 284 2633 rum
303 2603 536 2634 numerum
557 2603 637 2634 nec
661 2592 823 2645 pagina
843 2592 972 2644 capit,
998 2592 1191 2632 victoriae
1217 2591 1411 2643 palmam
1440 2590 1720 2640 honoresque
1745 2586 1969 2639 amplissi-

186 2670 282 2699 mos
302 2662 596 2712 reportarunt,
613 2659 767 2700 omitto
788 2657 1124 2710 :magistratum
1137 2667 1371 2697 numerum
1387 2653 1610 2706 ampliavit
1627 2655 1844 2706 oportune
1857 2652 1969 2693 adeo

186 2727 233 2765 ut
254 2726 450 2766 Romana
470 2728 621 2767 cuncta
650 2724 833 2777 collegia
853 2724 910 2764 ab
929 2734 981 2764 eo
1009 2723 1196 2764 formam
1217 2721 1521 2774 originemque
1542 2719 1729 2760 traxisse
1755 2718 1967 2767 dicamus,

185 2801 286 2842 quae
303 2801 403 2831 cum
416 2791 647 2832 notiSsima
669 2790 756 2831 sint
778 2789 958 2830 minime
972 2789 1300 2842 distinguamus
1318 2789 1362 2828 et
1381 2798 1482 2838 quae
1496 2796 1659 2839 negare
1677 2795 1766 2826 non
1787 2795 1970 2836 possum

187 2856 281 2896 sine
300 2856 436 2898 livore
458 2856 678 2899 fateamur
698 2857 906 2909 ingenue.
933 2854 1136 2897 Referam
1162 2857 1334 2895 tantum
1353 2852 1646 2893 immaculatae
1666 2852 1831 2891 nostrae
1849 2849 1969 2902 ,iudi-

185 2921 300 2962 cium
323 2922 460 2972 Rotae,
484 2921 540 2962 ad
554 2934 688 2975 quam
706 2936 785 2966 sua
807 2925 948 2965 solum
965 2922 1239 2976 benignitate
1254 2920 1433 2973 perveni
1442 2948 1540 2959 ......

245 3082 259 3099 α
288 3093 370 3105 .....
394 3067 532 3106 Natus
562 3069 630 3107 est
662 3068 899 3108 Rodericus
935 3066 1092 3119 Borgia
1124 3067 1175 3106 111
1202 3065 1302 3106 idus
1333 3062 1537 3116 Augusti,
1568 3060 1751 3101 sedente
1787 3056 1970 3098 Martino

187 3130 346 3177 Quinto
364 3130 568 3172 Pontifice
583 3133 788 3182 maximo,
808 3143 924 3173 anno
939 3132 1058 3172 illius
1073 3131 1228 3172 ultimo
1244 3129 1301 3184 (2)
1319 3143 1328 3170 :
1344 3131 1471 3170 Pater
1488 3126 1547 3166 illi
1569 3124 1755 3166 lofridus
1770 3133 1795 3163 a
1806 3121 1966 3162 familia

227 3256 256 3287 1.
284 3255 329 3287 La
355 3255 574 3298 diphtongue
601 3267 640 3298 «τ’,
667 3268 696 3290 ω
723 3260 775 3290 ost
805 3256 1029 3299 representee
1055 3256 1141 3288 dans
1167 3256 1198 3288 le
1229 3257 1335 3294 texte,
1360 3253 1478 3285 tantcnt
1504 3258 1644 3283 commc
1672 3250 1727 3289 ici,
1757 3247 1872 3281 tantot
1904 3254 1969 3288 par

187 3317 203 3338 e
223 3307 365 3350 simple.

224 3363 255 3394 2.
278 3361 381 3394 Cotte
402 3361 482 3394 dato
503 3365 555 3395 est
578 3363 747 3398 inexactu.
772 3365 856 3405 Voy.
879 3363 1178 3406 precedemmeut‚
1200 3370 1289 3405 page
1314 3362 1384 3397 425,
1407 3361 1441 3392 et
1463 3359 1496 3391 la
1518 3361 1601 3391 note
1630 3359 1657 3389 1-
