2202 3926
308 343 375 379 126
911 343 929 380 J
935 343 1143 381 OHANNIS
1175 342 1470 389 BURCHARDI,
1881 348 1965 388 [Mai
1987 349 2081 389 1494]

309 459 392 493 sex
423 444 602 509 pedum
639 450 687 494 et
716 445 1027 510 longitudinis
1059 447 1236 511 pedum
1270 452 1380 495 octo
1412 461 1498 510 pro
1529 444 1795 493 faldistorio
1826 446 2080 495 cardinalis

305 527 450 592 legati
466 543 524 577 ex
540 528 712 577 tabulis
730 529 1019 592 composita3
1037 546 1186 594 prope
1206 529 1350 578 etiam
1369 528 1518 576 altare
1533 527 1819 591 predictum,
1833 532 1961 576 retro
1979 529 2080 577 dic-

307 613 403 659 tam
419 611 682 676 predellam
698 612 836 675 juxta
851 628 1001 660 cornu
1023 612 1223 675 epistole
1239 610 1399 659 altaris
1414 615 1579 674 parata
1593 610 1682 659 fuit
1696 627 1866 660 mensa
1878 627 1965 676 pro
1980 627 2082 661 cre-

309 694 474 744 dentia
492 694 806 758 longitudinis
823 694 1002 758 pedum
1022 711 1052 741 x
1074 698 1122 742 et
1137 694 1399 742 latitudinis
1414 695 1591 758 pedum
1609 695 1913 758 quatuor,vel
1932 695 2076 743 circa.
2154 683 2156 685 ¹

371 777 572 825 Planum
597 776 692 824 hoc
715 776 926 836 tribune,
950 777 1009 824 ab
1031 777 1136 841 ejus
1157 792 1361 825 ascensu
1381 793 1534 841 usque
1566 777 1627 826 ad
1647 778 1793 826 altare
1813 794 1900 842 pro
1923 779 2080 843 longi-

307 860 467 908 tudine
485 858 647 907 altaris
669 862 771 908 erat
785 859 1009 920 liberum,
1028 859 1087 907 ab
1105 858 1215 907 inde
1236 864 1398 908 autem
1420 860 1479 908 ab
1500 864 1703 924 utroque
1720 860 1872 909 latere
1890 862 2082 909 fuerunt

307 942 462 1007 posita
491 958 688 991 scamna
716 942 1047 1007 quintuplicia,
1080 942 1392 1006 longitudinis
1418 943 1597 1006 pedum
1625 959 1701 991 xv1
1730 942 1959 1007 quolibet,
1994 960 2080 1007 pro

304 1025 497 1090 prelatis
527 1024 705 1089 paratis
735 1025 1034 1074 coronationi
1071 1024 1488 1084 interessentibus,
1524 1030 1572 1074 et
1606 1029 1735 1074 retro
1773 1026 1995 1074 ultimum
2034 1030 2082 1075 et

304 1108 525 1173 quintum
558 1124 809 1158 scamnum
839 1124 868 1157 a
897 1124 1047 1157 cornu
1080 1108 1299 1171 epistole,
1334 1108 1429 1156 hoc
1462 1112 1534 1157 est
1568 1109 1628 1157 ad
1659 1109 1876 1157 dextram
1909 1125 2080 1159 ascen-

303 1191 500 1241 dentem
528 1192 707 1240 dictum
734 1192 950 1256 planum,
979 1191 1256 1240 continebat
1284 1191 1443 1256 ipsum
1469 1192 1666 1255 planum
1699 1193 1892 1242 tribuna
1915 1209 2082 1242 versus

300 1273 461 1323 locum
483 1280 736 1325 cantorum
755 1291 900 1340 supra
917 1275 1114 1340 planum
1135 1276 1291 1340 majus
1313 1275 1531 1340 superius
1552 1276 1748 1337 dictum,
1767 1293 1854 1340 per
1870 1276 2080 1341 longitu-

305 1358 468 1407 dinem
488 1359 668 1423 pedum
688 1375 764 1407 xv1
793 1363 841 1408 et
867 1359 1170 1408 latitudinem
1192 1359 1371 1423 pedum
1397 1376 1447 1419 v;
1478 1364 1526 1409 et
1552 1359 1731 1408 ibidem
1754 1360 1965 1424 positum
1992 1360 2081 1408 fuit

305 1457 556 1491 scamnum
584 1443 784 1508 longum
814 1459 926 1491 cum
955 1443 1186 1507 pectorali
1215 1459 1302 1507 pro
1330 1443 1600 1492 oratoribus
1628 1459 1798 1507 regum
1829 1450 1877 1492 et
1901 1443 2080 1507 princi-

304 1541 438 1589 pum,
474 1526 553 1590 qui
583 1526 881 1576 coronationi
913 1526 1203 1575 interessent
1233 1542 1242 1574 :
1272 1526 1429 1591 posita
1457 1526 1604 1576 etiam
1632 1527 1828 1575 fuerunt
1858 1526 1906 1574 in
1935 1526 2079 1590 plano

306 1609 464 1673 primo
487 1614 534 1658 et
554 1609 726 1674 maj0ri
748 1609 809 1658 ad
830 1610 1047 1658 dextram
1067 1610 1274 1658 intrante
1303 1610 1400 1659 sive
1427 1610 1737 1669 ascendente,
1764 1610 1900 1674 juxta
1917 1610 2078 1659 locum

308 1696 580 1752 cantorum,
614 1693 765 1741 multa
791 1709 1005 1752 scamna,
1034 1709 1121 1757 pro
1145 1693 1384 1741 nobilibus
1410 1697 1456 1742 et
1483 1693 1742 1742 baronibus
1764 1693 2078 1757 neapolitanis

307 1780 355 1824 et
376 1777 530 1841 regni.

370 1859 507 1908 Circa
527 1860 676 1909 altare
700 1877 788 1924 per
808 1861 1049 1910 tribunam
1071 1862 1131 1909 ab
1152 1865 1356 1925 utroque
1376 1861 1526 1910 latere
1546 1860 1702 1925 posita
1722 1860 1913 1909 fuerunt
1936 1860 2080 1925 pallia

302 1941 516 1991 bruccati
535 1944 690 2004 aurei;
714 1949 848 1993 extra
866 1944 1108 1992 tribunam
1128 1961 1214 2009 per
1229 1945 1348 1994 illud
1367 1948 1552 1993 tantum
1570 1960 1742 2008 corpus
1763 1945 2076 1993 transversale

301 2042 329 2072 a
348 2029 553 2089 quatuor
570 2027 817 2087 lateribus,
848 2034 896 2076 et
922 2029 982 2077 ab
1003 2033 1201 2093 utraque
1223 2033 1359 2093 parte
1390 2044 1478 2092 per
1498 2032 1648 2076 totam
1668 2043 1840 2077 navem
1867 2027 2076 2077 mediam

304 2108 508 2158 ecclesie
534 2110 692 2173 posita
721 2111 916 2160 fuerunt
946 2111 1090 2176 pallia
1122 2112 1267 2161 etiam
1294 2111 1509 2160 bruccati
1537 2115 1585 2160 et
1611 2111 1704 2159 alia
1728 2111 1966 2176 preciosa,
1990 2127 2077 2159 nu-

302 2207 436 2240 mero
464 2192 625 2241 forsan
652 2209 710 2242 cc
725 2194 801 2243 vel
821 2193 964 2255 circa,
997 2199 1044 2244 et
1070 2211 1243 2259 corpus
1275 2195 1393 2243 illud
1414 2194 1706 2243 tranversalc
1727 2194 1899 2258 pannis
1920 2194 2075 2242 celes-

303 2274 430 2323 tibus
466 2280 514 2324 et
549 2276 669 2324 albis
708 2277 917 2325 divisatis
951 2278 1162 2326 totaliter
1198 2283 1504 2342 coopertum3
1535 2283 1582 2325 et
1611 2277 1661 2325 in
1688 2292 1746 2325 ea
1776 2281 1907 2326 certe
1934 2293 2074 2341 spere

299 2374 510 2422 appense
537 2375 623 2423 pro
651 2365 840 2420 ornatu,
872 2364 919 2408 ut
946 2377 1091 2424 supra
1117 2362 1267 2410 altare
1294 2361 1452 2425 majus
1482 2360 1692 2425 positum
1727 2359 1845 2408 illud
1875 2359 2074 2423 pallium

299 2441 515 2491 bruccati
536 2442 685 2503 aurei,
711 2443 855 2492 etiam
878 2460 1046 2492 omnes
1067 2444 1192 2493 illius
1213 2444 1389 2508 gradus
1411 2443 1712 2508 cooperiens.

363 2527 419 2573 Et
455 2525 568 2589 quia
603 2542 724 2574 onus
761 2526 1074 2576 ordinationis
1115 2527 1408 2593 hujusmodi,
1450 2526 1620 2575 saltem
1659 2526 1818 2590 quoad
1854 2541 2073 2575 ceremo-

298 2608 459 2668 nialia,
483 2608 603 2658 mihi
622 2609 903 2660 incumbere
923 2611 1187 2671 videbatur,
1212 2616 1262 2659 ut
1283 2611 1500 2660 debitum
1522 2610 1667 2659 officii
1687 2609 1805 2658 mihi
1827 2608 2073 2658 commissi

298 2692 484 2741 facilius
516 2693 859 2757 persolverem,
895 2694 987 2743 feci
1021 2695 1233 2743 rotulum
1270 2694 1368 2744 sive
1409 2694 1692 2743 memoriale
1732 2692 1948 2742 omnium
1985 2707 2072 2756 pro

299 2791 372 2836 ea,
397 2791 507 2824 meo
526 2776 723 2840 judicio,
747 2777 1150 2838 necessariorum,
1174 2778 1452 2843 hujusmodi
1475 2777 1655 2827 tenoris
1679 2793 1689 2825 :

364 2859 646 2907 Necessaria
671 2877 757 2924 pro
786 2863 1096 2911 coronatione
1121 2860 1417 2910 serenissimi
1449 2860 1576 2925 regis
1602 2860 1837 2924 Alphonsi
1867 2860 1926 2908 de
1953 2862 2072 2908 Ara-
2104 2897 2108 2899 .

300 2940 444 3004 gonia
464 2942 681 3002 secundi,
706 2943 865 2993 Sicilie
889 2945 1034 3008 regis.

365 3024 661 3074 Triduanum
677 3026 919 3091 jejunium
941 3028 1161 3078 observet
1181 3045 1281 3089 rex,
1305 3026 1432 3077 etad
1455 3026 1845 3076 communionem
1866 3042 1917 3075 se
1937 3029 2071 3090 paret

303 3108 529 3174 (intellexi
552 3124 696 3174 super
721 3109 815 3159 hoc
846 3127 874 3160 a
898 3112 1146 3176 Majestate
1169 3128 1253 3161 sua
1283 3113 1366 3160 SS.
1388 3113 1445 3159 D.
1470 3113 1526 3159 N.
1551 3125 1717 3159 secum
1743 3110 2066 3174 dispensasse,

301 3192 431 3256 quod
451 3191 593 3241 unica
610 3197 797 3242 tantum
815 3194 891 3242 die
909 3195 1184 3261 jejunaret).

365 3275 582 3324 Ecclesia
615 3280 809 3340 paretur
852 3281 900 3326 et
938 3283 1135 3327 ornetur
1171 3277 1340 3342 pannis
1379 3282 1426 3327 et
1460 3278 1615 3342 palliis
1646 3276 1942 3327 solemnibus
1974 3291 2068 3340 quo

301 3358 446 3408 modo
467 3358 572 3407 fieri
593 3364 769 3423 potest,
795 3364 842 3410 et
861 3360 911 3409 in
931 3377 1004 3421 ea,
1030 3365 1274 3425 suggesta,
1297 3360 1537 3409 thalamus
1556 3366 1603 3410 et
1618 3361 1791 3426 gradus
1812 3376 1867 3409 ac
1888 3359 1997 3416 alia,
2020 3361 2069 3405 ut

304 3441 604 3493 commodius
621 3442 727 3491 fieri
748 3448 924 3507 potest.
