2202 3926
132 368 172 409 [Α
179 366 245 399 vril
261 367 354 406 1594]
583 361 752 400 RERUM
787 360 1090 410 URBANARUM
1122 360 1473 398 COMMENTARII.
1856 363 1922 399 107

136 469 261 518 rium
299 466 569 515 cardinales
603 465 711 529 ipsi,
748 480 872 511 unus
903 467 1012 527 post
1047 463 1213 521 alium,
1253 477 1418 510 coram
1453 461 1730 511 celebrante
1770 479 1924 527 genu-

132 552 243 600 flexi
278 550 558 599 obtulerunt
591 549 635 598 ei
668 549 787 597 duas
821 548 1003 596 faculas
1040 551 1247 605 tantum,
1282 547 1394 611 quia
1423 562 1520 595 non
1557 547 1777 596 fecerunt
1813 549 1919 597 fieri

135 634 401 693 intorticia,
439 634 615 682 bacilia
650 637 698 681 et
729 648 905 697 panes,
941 632 1055 681 licet
1090 647 1182 696 ego
1218 631 1300 679 illa
1330 631 1435 679 fieri
1470 630 1648 679 debere
1686 632 1756 680 eis
1792 633 1925 696 prius

137 718 358 766 dixerim.
394 717 654 765 Celebrans
681 717 813 766 dedit
839 733 1011 781 pacem
1040 716 1122 764 uni
1151 721 1261 780 post
1288 715 1435 763 alium
1464 716 1686 765 similiter
1712 720 1760 765 et
1790 732 1925 764 com-

138 803 420 851 munionem
443 802 558 866 ipsis
576 817 741 850 coram
764 816 822 849 eo
845 800 1114 864 genuflexis
1132 816 1218 864 per
1238 804 1385 848 totam
1409 801 1631 860 missam;
1657 802 1926 850 cardinales

139 888 230 951 ipsi
265 887 364 935 suis
399 886 699 949 temporibus
731 886 925 933 fuerunt
960 887 1072 931 ante
1105 883 1225 931 duas
1259 884 1399 932 sedes
1433 887 1561 932 retro
1597 885 1928 934 celebrantem

142 976 450 1036 competente
475 970 630 1034 spatio
652 968 914 1032 genuflexi,
941 971 989 1015 et
1009 966 1104 1014 alia
1124 968 1288 1019 omnia
1309 967 1505 1015 suerunt
1531 983 1642 1015 cum
1664 969 1734 1016 eis
1763 969 1932 1017 obser-

139 1062 263 1114 vata,
289 1072 383 1120 que
406 1055 628 1119 superius
651 1054 700 1101 in
729 1038 1035 1101 ordinatione
1061 1051 1319 1100 cardinalis
1339 1051 1583 1101 Valentini
1605 1052 1822 1112 recitavi,
1847 1053 1933 1101 sed

139 1141 293 1205 magis
317 1140 562 1189 ferialiter.

206 1224 416 1274 Sabbato
453 1222 502 1270 in
537 1222 676 1281 albis,
718 1225 744 1270 5
782 1221 896 1269 dicti
931 1221 1115 1269 mensis
1150 1220 1333 1284 aprilis,
1370 1224 1538 1269 Rmus.
1576 1224 1634 1269 D.
1674 1219 1933 1269 cardinalis

141 1307 490 1359 Alexandrinus
526 1305 785 1355 celebravit
823 1305 1023 1353 missam
1062 1305 1303 1370 publicam
1342 1305 1392 1352 in
1432 1305 1709 1368 supradicta
1745 1304 1933 1368 majore

143 1392 344 1457 capella,
377 1395 505 1455 Papa
527 1394 755 1455 presente
788 1406 797 1437 :
830 1389 960 1437 dicta
985 1405 1073 1453 per
1101 1405 1213 1438 eum
1238 1393 1287 1437 et
1314 1392 1537 1437 cantores
1566 1388 1930 1446 communione,

143 1476 343 1525 recessit
373 1475 431 1524 de
460 1475 599 1523 altari
628 1478 675 1523 et
697 1474 821 1522 sedit
847 1473 896 1521 in
918 1473 1186 1521 faldistorio
1209 1489 1319 1521 cum
1346 1474 1488 1522 mitra
1519 1477 1568 1521 et
1595 1471 1866 1521 cardinales
1888 1475 1935 1518 et

140 1559 315 1625 prelati
342 1575 512 1607 omnes
538 1562 833 1622 acceperunt
862 1563 1146 1621 paramenta
1173 1562 1221 1606 et
1248 1557 1603 1621 superpellicia,
1643 1560 1746 1604 tum
1777 1555 1935 1618 impo-

142 1644 232 1692 sito
267 1659 356 1707 per
391 1645 572 1711 Papam
610 1643 829 1701 incenso,
870 1645 927 1690 D.
968 1641 1298 1689 Bernardinus
1322 1641 1576 1700 Gambara,
1608 1640 1936 1688 subdiaconus

141 1726 456 1790 apostolicus,
493 1725 699 1789 portavit
731 1741 853 1789 pape
888 1725 1043 1773 bacile
1078 1741 1188 1772 cum
1214 1726 1369 1788 agnis.
1395 1725 1575 1782 Tertio,
1613 1723 1753 1771 dictis
1785 1723 1937 1770 Pater

141 1818 318 1869 sancte,
353 1813 468 1867 etc.,
502 1813 645 1872 prout
675 1809 721 1855 in
754 1809 1085 1866 ceremoniali,
1121 1811 1248 1872 Papa
1275 1814 1476 1873 accepto
1505 1807 1740 1871 gremiali,
1774 1806 1936 1855 distri-

146 1893 247 1941 buit
277 1908 455 1955 agnos3
489 1892 812 1940 cardinalibus
846 1893 978 1940 dedit
1007 1892 1200 1940 circiter
1228 1893 1396 1955 viginti
1440 1892 1659 1956 superius
1690 1891 1861 1955 positis
1892 1894 1937 1938 et

147 1991 244 2023 non
286 1974 417 2023 dedit
459 1974 819 2038 penitentiario‚
858 1974 1256 2022 vicecancellario
1303 1978 1351 2022 et
1388 1975 1658 2022 camerario
1695 1974 1936 2037 duplicem

147 2058 436 2124 portionem,
471 2056 667 2120 prelatis
701 2061 865 2105 autem
898 2057 1029 2105 dedit
1058 2057 1224 2121 viginti
1256 2058 1468 2120 quinque
1498 2057 1572 2106 vel
1602 2057 1766 2121 plures
1795 2062 1937 2120 prout

151 2141 357 2200 volebat,
382 2141 495 2203 quia
523 2157 619 2188 non
651 2144 789 2188 erant
810 2141 857 2187 in
880 2141 1101 2188 cumulos
1130 2141 1331 2200 redacti,
1364 2143 1563 2190 sacriste
1582 2141 1775 2206 pigritia
1795 2146 1843 2189 et
1864 2141 1938 2188 in-

147 2225 284 2273 curia
307 2224 356 2272 id
383 2229 631 2283 causante,
665 2239 762 2272 non
785 2224 887 2271 sine
915 2223 1124 2271 maxima
1152 2239 1396 2287 pressura,
1426 2225 1493 2273 ita
1512 2225 1642 2288 quod
1666 2224 1938 2273 distributio

147 2325 244 2357 non
264 2309 354 2356 fuit
373 2309 604 2372 perfecta.

212 2395 265 2440 In
294 2391 410 2449 fine,
443 2407 570 2454 papa
598 2391 711 2439 lavit
737 2408 929 2451 manus,
963 2398 1189 2441 senatore
1221 2409 1395 2456 aquam
1427 2392 1735 2440 ministrante
1763 2396 1810 2440 et
1840 2407 1943 2440 car-

152 2476 310 2524 dinale
338 2475 656 2539 Neapolitano
683 2476 839 2540 ipsum
869 2477 1123 2541 adjuvante
1154 2493 1243 2541 per
1271 2492 1507 2536 errorem,
1541 2493 1652 2524 cum
1683 2493 1780 2525 non
1814 2480 1942 2524 esset

153 2575 294 2608 suum
329 2559 415 2606 sed
445 2559 700 2607 cardinalis
734 2577 772 2607 s.
810 2561 1071 2609 Clementis
1106 2561 1338 2609 officium.
1378 2561 1509 2608 Lotis
1539 2560 1782 2618 manibus,
1817 2560 1943 2608 cele-

155 2644 300 2691 brans
329 2643 535 2690 accessit
561 2642 621 2690 ad
649 2644 817 2702 altare,
852 2644 967 2692 dixit
993 2645 1232 2693 Dominus
1261 2647 1494 2694 vobiscum
1522 2651 1569 2694 et
1598 2646 1867 2693 orationem
1895 2651 1943 2692 et

156 2730 358 2794 perfecit
378 2730 595 2777 missam.
622 2732 752 2792 Papa
772 2728 904 2777 dedit
924 2729 1314 2796 benedictionem
1337 2733 1385 2777 et
1407 2734 1594 2792 septem
1616 2744 1768 2776 annos
1790 2727 1944 2775 indul-

157 2813 429 2878 gentiarum
451 2829 571 2875 quas
592 2812 842 2861 celebrans
871 2812 1144 2876 publicavit.
1177 2813 1454 2861 Cardinales
1476 2817 1523 2861 et
1543 2812 1713 2876 prelati
1735 2811 1944 2859 retinue-

154 2902 264 2943 runt
286 2900 569 2960 paramenta
590 2912 742 2959 usque
766 2895 827 2942 ad
849 2898 1048 2945 missam
1071 2896 1258 2944 finitam
1275 2902 1320 2944 et
1336 2896 1730 2944 benedictionem
1752 2896 1938 2953 datam;

156 2980 408 3028 celebrans
429 2980 617 3043 accepit
637 2996 786 3043 agnos
811 2982 894 3029 Dei
918 2982 967 3028 in
987 2982 1095 3028 loco
1119 2997 1205 3028 sue
1227 2980 1545 3044 promotionis
1565 2998 1575 3038 3
1601 2984 1647 3028 et
1669 2980 1762 3028 alia
1782 2979 1945 3027 omnia

158 3063 410 3111 observata
431 3069 541 3111 sunt
562 3079 697 3111 more
720 3069 972 3113 consueto.

225 3146 357 3194 Licet
385 3147 714 3210 superioribus
747 3148 932 3208 diebus,
968 3148 1196 3196 defuncto
1221 3147 1350 3195 clare
1378 3147 1613 3195 memorie
1641 3146 1944 3194 Ferdinando

162 3228 220 3275 de
249 3229 491 3291 Aragonia
515 3230 676 3278 Sicilie
705 3236 750 3278 et
782 3231 1083 3279 Hierusalem
1116 3247 1228 3295 rege
1257 3232 1583 3295 neapolitano,
1608 3230 1944 3278 serenissimus

160 3312 436 3375 Alphonsus
455 3315 696 3363 secundus
715 3317 859 3364 etiam
877 3317 935 3364 de
954 3318 1198 3380 Aragonia
1216 3315 1569 3380 primogenitus
1587 3329 1720 3371 suuS,
1741 3328 1801 3360 ex
1819 3312 1901 3359 ord
1911 3312 1943 3357 i-

163 3395 361 3443 natione
390 3398 438 3442 et
463 3395 739 3447 intitutione
774 3400 926 3448 felicis
957 3400 1307 3448 recordationis
1339 3397 1607 3446 Innocentii
1637 3411 1760 3459 pape
1792 3395 1941 3442 octavi

162 3479 211 3526 in
237 3493 387 3545 regno
416 3479 729 3547 Neapolitano
755 3483 852 3536 sive
878 3483 1040 3537 Sicilie
1065 3483 1183 3536 citra
1205 3482 1415 3536 Pharum
1444 3480 1751 3538 successerit,
1769 3483 1942 3526 ‘tamen
