2216 3886
134 349 288 389 [FssVPlffl'
310 349 403 387 1498]
579 348 747 384 RERUM
783 347 1082 383 URBANARUM
1115 347 1466 384 COMMENTARII.
1842 352 1910 386 433

136 451 367 514 preteriti,
396 455 423 498 8
460 450 622 514 hujus,
655 450 704 497 in
743 454 910 507 nocte,
941 449 1115 498 cecidit
1148 449 1196 496 in
1236 448 1460 512 Tyberim
1493 463 1590 496 non
1615 447 1837 506 libenter,
1864 450 1911 496 in

136 534 308 582 eodem
344 534 540 583 flumine
582 537 800 597 repertus
833 536 931 592 est,
964 533 1023 581 de
1067 548 1162 596 quo
1202 531 1355 580 multa
1392 531 1519 579 dicta
1553 535 1664 579 sunt
1699 548 1786 595 per
1825 535 1913 580 Ur-

133 617 245 666 bem
268 620 349 680 (1).

200 702 338 749 Feria
358 705 542 764 quarta,
569 704 622 747 21
651 699 831 748 mensis
853 699 1100 759 februarii,
1124 700 1290 747 RRmi.
1313 702 1414 748 DD.
1439 700 1706 749 cardinales
1727 704 1775 748 et
1795 703 1914 748 Bor-

134 785 212 847 gia
253 785 527 847 equitarunt
570 799 629 830 ex
666 782 793 831 Urbe
833 783 882 830 in
919 783 1086 831 habitu
1124 782 1279 831 laicali
1322 783 1517 847 gallico,
1553 800 1699 832 causa
1737 784 1910 843 solatii,

134 868 314 916 Ostiam
338 867 629 926 Tiberinam,
652 872 698 915 et
719 867 849 924 inde,
868 866 943 914 die
966 866 1150 914 sabbati
1172 869 1234 913 24
1256 865 1371 914 dicti
1388 867 1589 926 mensis,
1614 883 1724 915 cum
1742 867 1912 915 iisdem

131 951 372 1000 habitibus
391 956 498 999 sunt
519 950 580 998 ad
602 951 779 999 Urbem
800 949 993 998 reversi.

197 1038 251 1082 In
283 1034 376 1083 hoc
405 1034 734 1098 carnisprivio,
765 1033 948 1081 nullum
976 1033 1170 1092 festum,
1202 1033 1383 1081 nullum
1411 1034 1661 1097 publicum
1690 1036 1914 1084 solatium

133 1118 351 1167 habitum
374 1121 446 1166 est
466 1117 515 1164 in
539 1117 663 1165 Urbe
685 1132 839 1180 neque
861 1116 909 1163 in
931 1118 1099 1180 Agone
1120 1133 1275 1181 neque
1297 1119 1346 1166 in
1371 1120 1647 1180 Testacci03
1672 1136 1770 1169 non
1791 1122 1916 1170 facte

133 1201 403 1249 maschare.

200 1284 452 1332 Dominica
471 1282 688 1346 proxime
712 1284 961 1346 preterita,
987 1299 1080 1347 que
1100 1283 1189 1332 fuit
1215 1287 1269 1331 18
1298 1284 1441 1348 hujus
1467 1286 1667 1346 mensis,
1691 1286 1814 1335 Julio
1832 1287 1917 1336 Vi-

136 1369 342 1417 telliensi
372 1371 659 1426 Cornetano,
686 1367 809 1414 Rmi.
836 1370 894 1415 D.
919 1367 1176 1415 cardinalis
1208 1384 1247 1415 s,
1273 1368 1534 1435 Clementis
1568 1370 1799 1418 servitore
1831 1370 1918 1418 do—

134 1452 352 1510 mestico,
377 1451 426 1498 in
448 1450 654 1499 ecclesia
681 1455 943 1499 conventus
971 1451 1172 1499 fratrum
1194 1450 1550 1514 predicatorum
1572 1467 1719 1515 super
1737 1452 1918 1501 Miner-

135 1551 240 1582 vam
271 1535 470 1582 missam
500 1533 744 1593 audiente,
767 1533 1006 1581 intrarunt
1029 1533 1254 1598 [quidam]
1278 1533 1500 1582 eamdem
1528 1535 1786 1583 ecclesiam
1807 1551 1918 1583 cum

134 1619 303 1667 decem
319 1618 390 1666 vel
407 1618 535 1665 circa
553 1617 695 1665 sociis
713 1617 928 1676 armatis,
948 1616 1143 1664 balistas
1165 1616 1269 1664 telis
1292 1622 1534 1677 oneratas,
1554 1633 1713 1678 enses,
1731 1618 1915 1682 gladios

135 1702 307 1761 nudos,
333 1701 556 1765 cuspides
586 1705 633 1749 et
661 1700 856 1749 rotellas
878 1699 1188 1759 habentibus,
1214 1704 1261 1747 et
1283 1699 1464 1747 dictum
1484 1700 1662 1748 Julium
1684 1705 1730 1749 et
1745 1701 1918 1750 fratres

137 1799 248 1832 suos
264 1784 312 1830 in
333 1783 518 1847 capella
539 1782 759 1830 Crucifixi
779 1782 1086 1830 vulnerarunt
1106 1785 1154 1830 et
1171 1782 1447 1830 invaserunt
1466 1783 1725 1843 hostiliter,
1745 1800 1804 1832 ex
1822 1800 1919 1848 qua

136 1866 338 1926 lesione,
365 1867 521 1914 dictus
540 1865 690 1914 Julius
721 1870 769 1913 et
795 1864 889 1912 duo
918 1865 1022 1928 ejus
1050 1864 1225 1914 fratres.
1251 1865 1377 1913 infra
1404 1882 1584 1930 paucos
1611 1867 1714 1916 dies
1739 1867 1799 1915 ab
1826 1868 1918 1915 hac

138 1950 229 1998 vita
254 1950 582 1998 decesserunt.
618 1952 730 1997 Post
756 1948 1010 2012 prandium
1044 1948 1168 1996 dicte
1203 1949 1297 1997 diei
1331 1950 1591 2010 dominice,
1625 1951 1920 2014 gubernator

140 2034 278 2082 Urbis
299 2034 525 2098 equitavit
546 2049 657 2081 cum
679 2036 821 2096 gente
844 2031 996 2080 multa
1015 2031 1075 2079 ad
1102 2033 1301 2081 domum
1329 2033 1586 2082 dictorum.

204 2118 290 2166 Die
325 2118 557 2175 cinerum,
584 2116 702 2165 feria
734 2121 920 2179 quarta,
949 2118 1010 2163 28
1042 2115 1154 2163 dicti
1181 2116 1362 2164 mensis
1393 2117 1638 2177 februarii,
1664 2119 1747 2167 SS.
1775 2121 1831 2167 D.
1857 2122 1916 2168 N.

142 2202 187 2249 in
221 2201 405 2265 capella
437 2201 623 2265 majore
656 2199 819 2263 palatii
854 2198 1129 2262 supradicta
1160 2199 1407 2248 benedixit
1439 2201 1627 2249 cineres
1660 2217 1795 2265 quas,
1826 2202 1919 2250 illis

139 2285 228 2332 sibi
255 2301 341 2349 per
368 2287 560 2332 Rmum.
588 2287 645 2331 D.
671 2282 966 2331 cardinalem
995 2299 1033 2330 s.
1057 2283 1272 2347 Dionysii
1300 2283 1627 2333 celebrantem
1647 2286 1806 2349 primo
1827 2286 1918 2333 im-

137 2368 322 2432 positis,
351 2367 524 2417 deinde
546 2366 774 2431 imposuit
801 2371 848 2414 et
875 2366 1115 2415 distribuit
1146 2367 1306 2415 eidem
1335 2367 1567 2415 cardinali
1593 2368 1915 2427 celebraturo,

138 2457 307 2514 postea
332 2451 454 2511 aliis,
479 2466 614 2499 more
643 2450 802 2498 solito.
829 2451 998 2497 Orator
1017 2453 1317 2499 Venetorum
1339 2450 1470 2499 dedit
1495 2466 1670 2514 aquam
1697 2452 1920 2500 manibus

141 2538 267 2598 Pape
288 2539 395 2598 post
416 2534 591 2582 cineris
620 2516 979 2597 impositionem
1000 2538 1047 2581 et
1073 2534 1355 2582 Gullielmus
1378 2536 1536 2594 Serra,
1561 2534 1740 2582 ordinis
1762 2535 1920 2583 mino-

142 2635 266 2678 rum,
285 2619 467 2668 electus
488 2619 759 2681 imponens,
779 2623 972 2682 paratus
994 2617 1331 2681 superpellicio
1354 2621 1400 2666 et
1421 2617 1612 2680 pluviali
1632 2618 1735 2665 sine
1757 2618 1916 2679 mitra,

192 2757 224 2794 1.
325 2770 340 2790 α
362 2756 389 2792 Ε
410 2755 502 2792 altra
520 2754 618 2791 volta
639 2754 816 2802 (Cesare),
833 2757 1012 2790 ammazzo
1026 2754 1062 2790 di
1083 2764 1150 2790 sua
1170 2765 1276 2790 mano
1291 2757 1385 2790 sotto
1406 2753 1429 2788 il
1444 2756 1566 2790 manto
1587 2753 1645 2790 del
1659 2765 1764 2803 papa,
1781 2766 1923 2792 messer

142 2815 321 2861 Pierott03
350 2815 381 2852 si
407 2815 473 2852 che
497 2814 521 2850 il
548 2826 687 2862 sangue
714 2813 806 2850 salto
833 2814 903 2850 alla
923 2813 1035 2850 faccia
1061 2813 1118 2850 det
1151 2825 1257 2861 papa,
1285 2813 1343 2849 del
1369 2813 1475 2861 quale
1508 2825 1654 2850 messer·
1675 2813 1835 2851 Pierotto
1862 2827 1923 2852 era

140 2875 305 2912 favorito.
330 2890 348 2909 »
376 2874 536 2923 Capello,
563 2875 683 2911 Relaz.
712 2875 810 2919 (leoli
836 2875 972 2910 ambas.
1006 2875 1144 2917 Veneti,
1172 2874 1212 2907 2ε
1245 2872 1352 2917 serie,
1380 2876 1406 2909 t.
1444 2873 1506 2917 III,
1535 2885 1570 2920 p.
1601 2873 1646 2909 10
1671 2876 1708 2909 et
1733 2874 1790 2910 11.
1820 2872 1922 2910 Cette

140 2935 301 2981 version,
323 2934 385 2983 qui
406 2935 530 2971 differe
550 2935 595 2970 de
616 2933 703 2970 celle
731 2934 775 2970 de
796 2933 998 2979 Burchard,
1020 2938 1077 2970 est
1102 2933 1283 2969 conforme
1310 2935 1331 2968 a
1354 2931 1440 2968 celle
1468 2932 1530 2980 qui
1557 2944 1597 2969 se
1622 2936 1750 2970 trouve
1776 2933 1869 2970 dans
1889 2934 1922 2971 la

142 2993 245 3031 lettre
264 2994 404 3031 celebre
431 2995 603 3030 adressee
623 2995 644 3029 a
664 2992 799 3030 Silvius
816 2993 861 3029 de
881 2992 1037 3029 Sabellis
1061 2994 1120 3039 (15
1140 2992 1335 3029 novembre
1359 2992 1478 3038 1501),
1501 2996 1528 3029 t.
1551 2992 1600 3028 111
1620 2992 1664 3028 de
1685 2997 1778 3029 cette
1799 2992 1885 3030 edit.
1912 3004 1921 3029 ε

143 3068 162 3086 «
250 3053 342 3090 alius
369 3054 531 3102 ejusdem
557 3052 739 3101 pontificis
766 3052 1010 3089 cubicularius
1037 3053 1208 3089 Perottus
1233 3052 1269 3087 in
1294 3052 1372 3100 ejus
1403 3051 1542 3099 gremio
1569 3051 1783 3088 trucidatus.
1806 3067 1825 3085 »
1853 3053 1922 3088 Sa-

141 3116 244 3157 nuto,
259 3111 321 3160 qui
339 3117 507 3160 rapporte
527 3112 558 3148 le
579 3112 642 3148 fait
661 3124 798 3148 comme
813 3113 1014 3156 Burchard,
1031 3111 1151 3159 ajoute
1175 3123 1245 3159 que
1264 3111 1414 3147 Perotto
1435 3111 1489 3147 fut
1507 3114 1635 3148 trouve
1662 3113 1755 3158 noye
1776 3111 1868 3147 dans
1889 3111 1921 3147 le

142 3170 250 3206 Tibre
264 3182 351 3206 avec
373 3182 441 3205 une
451 3171 561 3218 jeune
581 3171 667 3214 fille,
688 3175 851 3207 creature
871 3172 919 3207 du
940 3182 1045 3219 pape.
1069 3181 1216 3218 «...per
1235 3169 1360 3206 lettere
1381 3169 1416 3205 di
1437 3171 1483 3206 20
1503 3169 1539 3205 di
1560 3169 1757 3214 l'instante,
1780 3169 1811 3205 si
1832 3170 1922 3207 have

146 3240 246 3264 come
272 3228 404 3265 Peroto
430 3228 603 3264 camarier
628 3234 664 3265 et
688 3229 840 3267 favorito
865 3230 914 3266 dil
942 3242 1049 3278 papa,
1070 3233 1109 3265 za
1135 3229 1222 3266 boni
1242 3230 1277 3264 di
1304 3240 1376 3264 non
1405 3229 1436 3264 si
1465 3240 1599 3275 sapeva
1625 3229 1716 3264 dove
1742 3229 1857 3274 fusse,
1886 3235 1923 3266 et

143 3288 208 3323 che
232 3287 316 3323 l'era
344 3291 400 3323 sta
427 3291 584 3334 anegato
609 3287 667 3323 nel
687 3288 796 3325 fuime
823 3289 872 3325 dil
892 3289 1039 3325 Tevere.
1062 3289 1106 3324 Et
1124 3291 1232 3324 etiam
1252 3287 1429 3324 manchoe
1450 3298 1522 3321 una
1543 3286 1691 3322 donzeta
1710 3286 1746 3321 di
1766 3288 1922 3324 madona

141 3346 311 3383 Lucrecia
329 3345 413 3382 fiola
433 3345 481 3381 dil
507 3357 614 3394 papa,
636 3345 670 3382 la
695 3347 778 3395 qual
803 3350 913 3384 etiam
939 3348 972 3383 so
999 3351 1139 3384 trovata
1165 3359 1233 3384 con
1261 3346 1353 3382 ditto
1377 3346 1523 3393 Pyrone
1549 3349 1718 3392 zmegma,
1741 3346 1920 3383 chiamata

141 3406 296 3442 madona
316 3404 564 3449 Panthasilea,
586 3403 675 3441 alias
695 3411 861 3443 creatura
880 3406 915 3442 di
937 3418 1021 3442 esso
1035 3407 1227 3453 pontefice,
1243 3410 1279 3442 et
1299 3404 1333 3441 la
1352 3405 1505 3452 cagione
1519 3415 1591 3440 non
1613 3403 1644 3439 si
1666 3416 1719 3442 sa.
1743 3420 1761 3438 »
1782 3408 1919 3451 Dim-ii,

142 3469 167 3502 t.
193 3465 219 3509 Ι,
240 3464 307 3502 col.
330 3465 413 3500 883.

332 3559 365 3582 T.
389 3559 424 3582 ιι.
1685 3549 1731 3583 28
