2202 3926
317 364 363 399 3⁷2
928 364 1162 402 JOHANNIS
1195 365 1489 412 BURCHARDI,
1834 367 1989 409 [danvier
2008 369 2101 411 1493]

309 466 448 530 juxta
467 471 656 531 portam
679 467 826 515 sancti
847 468 979 516 Pauli
999 470 1104 533 ejus
1126 485 1373 517 recessum
1389 469 1722 532 expectabant,
1742 472 1792 517 ut
1805 469 1916 518 inde
1939 470 2099 534 ipsum

315 547 376 595 ad
411 549 572 612 galeas
608 553 849 614 predictas
889 554 1201 612 associarent,
1248 553 1590 601 intellexerunt
1622 551 1808 600 nullum
1840 554 2011 602 adesse
2042 571 2101 603 ex

317 634 510 683 RRmis.
550 639 652 685 DD.
696 636 1020 685 cardinalibus
1055 637 1251 684 nomine
1286 636 1478 699 collegii
1509 635 1825 684 cardinalium
1864 641 1910 685 et
1942 654 2099 701 neque

316 718 492 766 Montis
515 720 705 783 Regalis
727 735 884 782 neque
909 720 1187 780 Ascanium,
1217 720 1297 783 qui
1320 720 1436 767 alias
1457 735 1545 782 pro
1568 719 1845 782 receptione
1867 721 2100 771 adventus

320 801 391 847 sui
413 801 473 848 ad
493 802 587 850 hoc
609 803 799 852 fuerunt
819 819 907 867 per
929 805 1012 851 SS.
1045 807 1103 852 D.
1136 807 1192 852 N.
1226 808 1273 852 et
1301 802 1558 866 collegium
1578 802 1849 866 predictum
1866 804 2096 868 deputati,

319 885 669 934 commiserunt
690 885 829 945 mihi,
853 890 1088 949 quatenus
1111 886 1171 934 ad
1197 885 1428 950 palatium
1455 886 1729 949 predictum
1761 887 1820 935 ad
1843 889 2099 952 Apostolos

319 968 587 1031 equitarem
607 975 654 1018 et
675 970 925 1019 veritatem
950 971 1020 1019 rei
1047 970 1369 1034 intelligerem
1396 986 1457 1017 an
1485 974 1532 1017 et
1553 969 1634 1033 qui
1656 970 1926 1019 cardinales
1944 971 2100 1035 ipsum
2174 1004 2180 1010 -

320 1057 484 1100 essent
523 1053 714 1118 collegii
754 1054 952 1102 nomine
993 1070 1145 1118 usque
1190 1054 1251 1102 ad
1292 1053 1432 1102 Urbis
1465 1058 1656 1118 portam
1693 1055 1976 1104 associaturi
2014 1073 2101 1121 pro

316 1150 451 1184 more
488 1153 499 1185 :
537 1137 617 1185 ubi
651 1154 762 1186 cum
792 1138 1139 1187 intellexissem
1178 1138 1237 1187 ab
1275 1137 1597 1186 illustrissima
1636 1138 1977 1188 Dominatione
2018 1157 2103 1189 sua

317 1217 473 1282 ipsam
499 1221 627 1270 circa
649 1222 866 1285 quintam
887 1222 1060 1270 horam
1093 1222 1248 1270 noctis
1279 1221 1507 1285 preterite
1537 1238 1564 1269 a
1585 1223 1668 1269 SS.
1692 1224 1749 1270 D.
1771 1224 1828 1270 N.
1852 1223 2100 1272 licentiam

318 1304 580 1367 recepisse,
619 1310 667 1354 et
698 1321 857 1369 neque
891 1310 1022 1365 tunc,
1063 1321 1220 1369 neque
1254 1321 1407 1368 usque
1442 1304 1492 1352 in
1519 1305 1651 1353 illam
1678 1305 1849 1353 horam
1879 1322 2100 1355 recessus

319 1387 389 1435 sui
411 1388 559 1437 fuisse
575 1390 787 1454 aliquem
809 1406 868 1439 ex
890 1390 1212 1439 cardinalibus
1239 1389 1399 1452 ipsum
1427 1388 1799 1448 associaturum,
1838 1390 2100 1454 significavi

319 1470 368 1519 id
388 1472 580 1521 RRmis.
607 1476 707 1522 DD.
742 1474 1057 1539 Neapolitano
1086 1477 1132 1522 et
1158 1472 1360 1522 Senensi
1387 1472 1728 1531 cardinalibUS,
1762 1473 1889 1522 intra
1910 1478 2099 1538 portam

318 1555 457 1603 Urbis
493 1557 631 1621 juxta
673 1563 911 1617 montem,
954 1557 1178 1606 omnibus
1220 1561 1349 1605 terra
1390 1556 1775 1620 expectantibus,
1817 1558 1895 1621 qui
1934 1558 2103 1607 decre-

315 1644 485 1689 verunt
514 1641 785 1706 principem
821 1642 1064 1706 prefatum
1105 1641 1273 1689 subtus
1308 1640 1566 1689 ecclesiam
1607 1641 1760 1689 sancti
1786 1641 1940 1689 Alexii
1962 1642 2010 1689 in
2030 1642 2104 1690 via

312 1723 450 1786 juxta
470 1724 652 1774 flumen
682 1726 919 1790 recipere,
952 1730 1017 1786 et,
1050 1730 1100 1773 ut
1127 1725 1440 1790 premittitur,
1471 1724 1729 1772 associare.
1768 1726 1868 1787 Ego
1897 1724 1957 1772 ad
1975 1724 2104 1788 prin-

316 1807 475 1870 cipem
497 1809 633 1870 redii,
666 1815 714 1859 et
742 1811 963 1859 ordinato
995 1811 1099 1874 ejus
1130 1826 1345 1869 recessu,
1380 1813 1608 1873 pervento
1645 1808 1705 1857 ad
1730 1809 1894 1857 locum
1916 1808 2101 1872 predic-

317 1895 439 1952 tum,
482 1894 750 1943 cardinales
790 1894 964 1958 prefati
1012 1893 1193 1942 ibidem
1237 1893 1396 1957 ipsum
1443 1897 1748 1956 receperunt,
1798 1897 1845 1940 et
1883 1892 2008 1940 inter
2046 1909 2096 1941 se

315 1977 527 2025 medium
567 1978 871 2026 deduxerunt
909 1993 1062 2041 usque
1100 1977 1160 2025 ad
1198 1976 1362 2040 galeas
1403 1975 1449 2023 in
1486 1975 1594 2024 loco
1636 1991 1781 2039 supra
1820 1975 2098 2040 specificato

310 2059 469 2123 ipsum
497 2066 827 2125 expectantes.
863 2064 915 2109 ln
947 2061 1066 2110 locis
1099 2060 1275 2109 strictis
1303 2059 1539 2124 precessit
1571 2059 1815 2123 princepS,
1857 2063 1905 2108 et
1944 2060 2095 2108 cardi-

310 2144 444 2191 nales
463 2145 622 2208 ipsum
643 2146 796 2195 secuti
825 2150 953 2205 sunt,
985 2146 1110 2194 facta
1138 2149 1302 2193 tamen
1329 2159 1417 2207 per
1443 2143 1599 2207 ipsum
1628 2142 1899 2206 principem
1917 2143 2096 2192 hones-

311 2225 497 2275 tissima
524 2228 815 2277 resistentia.
853 2228 1131 2277 Associatus
1160 2227 1249 2275 fuit
1282 2243 1310 2274 a
1344 2225 1536 2274 familiis
1571 2230 1619 2274 et
1654 2225 1848 2289 prelatis
1871 2227 2089 2275 omnium

310 2310 622 2359 cardinalium
657 2316 701 2360 et
740 2312 843 2360 aliis
879 2312 1095 2376 prelatis,
1127 2309 1488 2374 quampluribus
1519 2309 1779 2358 curialibus
1814 2313 1862 2358 et
1895 2314 2087 2360 oratore

307 2393 716 2443 Florentinorum.

375 2481 720 2527 Precesserunt
741 2480 898 2543 ipsum
920 2484 1029 2528 octo
1050 2479 1177 2543 pagii
1201 2479 1293 2538 sui,
1317 2493 1454 2526 more
1476 2475 1746 2525 alemanico
1771 2480 1818 2525 et
1841 2477 2089 2541 ungarico,

308 2579 363 2610 ac
391 2563 647 2611 bohemico
674 2564 848 2624 vestiti,
875 2580 1058 2622 arcum,
1084 2568 1350 2626 scopetam,
1377 2577 1546 2610 ensem
1573 2565 1622 2609 et
1649 2560 1743 2607 alia
1772 2560 1981 2623 quedam
2013 2578 2092 2610 01·-

305 2651 532 2696 namenta
561 2648 706 2712 perlis
741 2652 789 2696 et
820 2647 1024 2711 gemmis
1050 2646 1283 2711 preciosis
1312 2650 1498 2705 ornata,
1522 2645 1572 2692 in
1601 2643 1824 2692 manibus
1853 2643 2086 2694 ferentes.

308 2734 542 2780 Pervento
574 2733 634 2781 ad
663 2732 816 2797 ripam
839 2731 1069 2790 fluminis,
1096 2731 1176 2778 ubi
1203 2730 1427 2778 triremes
1450 2729 1552 2778 sive
1583 2727 1721 2792 galee
1751 2728 2088 2792 expectabant,

305 2816 573 2864 cardinales
593 2816 798 2880 principi
819 2816 867 2863 in
894 2815 1036 2863 mulis
1062 2814 1167 2863 vale
1195 2814 1442 2872 dixerunt3
1468 2812 1642 2876 quibus
1673 2811 2090 2861 retrocedentibus

306 2904 352 2947 et
377 2900 438 2947 ad
459 2899 637 2948 Urbem
659 2899 1028 2958 revertentibus,
1051 2899 1276 2962 princeps
1304 2897 1498 2945 intravit
1519 2897 1772 2945 triremem
1795 2899 1842 2943 et
1862 2895 2084 2955 recessit,

304 2983 519 3031 remissis
550 2983 611 3030 ad
636 2983 814 3031 Urbem
842 2998 967 3046 equo
997 2998 1083 3029 suo
1113 2986 1160 3030 et
1188 2980 1292 3028 aliis
1323 2979 1404 3043 qui
1431 2976 1530 3044 per
1549 2985 1728 3028 terram
1762 2978 1984 3040 sequenti
2010 2977 2086 3025 die

302 3066 460 3129 ipsum
483 3066 671 3129 sequuti
694 3070 821 3114 sunt.

371 3151 597 3210 Sabbato,
624 3154 680 3197 12
697 3149 923 3213 januarii,
947 3149 1068 3196 hora
1098 3161 1428 3212 vesperarum,
1453 3146 1687 3193 venerunt
1713 3158 1837 3192 nova
1858 3146 1996 3192 Rmo.
2023 3147 2080 3193 D.

301 3234 530 3284 cardinali
545 3233 764 3292 Senensi,
787 3232 912 3280 bone
928 3232 1163 3280 memorie
1181 3230 1443 3278 Antonium
1457 3226 1869 3275 Piccolomineum
1884 3227 1942 3276 de
1964 3229 2083 3276 Ara-

301 3332 447 3380 gona,
473 3317 646 3366 ducem
672 3315 1084 3379 Amalphitanum,
1116 3315 1316 3363 fratrem
1349 3327 1491 3360 suum
1522 3315 1637 3359 natu
1667 3310 1922 3374 majorem,
1949 3311 2078 3360 diem

298 3398 532 3447 clausisse
555 3403 824 3448 extremum
846 3398 895 3445 in
920 3403 1061 3447 nocte
1085 3397 1306 3461 sequenti
1334 3396 1463 3444 diem
1481 3395 1603 3460 jovis
1625 3391 1843 3459 proxime
1859 3393 2076 3458 preteriti

301 3482 351 3529 in
367 3482 494 3531 Urbe
512 3483 608 3543 ubi,
628 3483 703 3532 die
725 3482 950 3532 mercurii
971 3486 997 3530 2
1019 3482 1182 3547 hujus,
1202 3482 1435 3532 inciderat
1454 3479 1782 3529 infirmitatem
1798 3475 2075 3540 quamdam,
