2222 3926
145 333 469 375 [Decembre1494]
592 330 760 368 RERUM
794 330 1096 368 URBANARUM
1129 330 1475 368 COMMENTARII.
1853 336 1925 371 205

149 434 470 483 intentionem
498 436 713 481 nostram
740 432 789 481 in
829 437 1059 496 quantum
1099 432 1185 480 sibi
1217 432 1526 497 promisimus
1557 432 1759 482 firmiter
1786 438 1923 483 tene-

148 518 325 578 bimus,
350 523 397 567 et
419 532 662 581 nunquam
684 516 1101 566 contraveniemus
1123 516 1172 564 in
1188 516 1349 580 aliqua
1369 532 1445 575 re3
1465 516 1562 565 imo
1578 521 1742 566 nostre
1764 516 1924 566 inten-

150 602 292 651 tionis
314 606 386 650 est
421 616 700 651 accrescere
723 605 770 651 et
791 601 1045 650 meliorare
1067 605 1280 650 nostram
1302 600 1478 650 bonam
1492 600 1777 659 amicitiam3
1801 601 1925 651 bene

149 690 336 750 gratum
360 685 496 734 nobis
513 701 619 735 esse
642 690 689 734 et
704 686 869 734 dehoc
890 685 1094 734 multum
1110 700 1364 749 precamur
1379 690 1426 734 et
1440 685 1693 734 hortamur
1703 685 1928 734 Domina-

151 769 333 817 tionem
355 784 490 817 suam
511 769 639 832 quod
669 784 755 833 pro
774 768 935 832 aliquo
958 772 1175 832 tempore
1215 784 1310 818 non
1332 768 1561 833 impediat
1594 784 1751 834 neque
1773 769 1929 834 impe-

152 853 252 902 dire
274 853 519 918 permittat
550 853 844 916 Hungariam
877 868 1033 916 neque
1068 852 1114 900 in
1143 853 1302 917 aliqua
1324 858 1458 918 parte
1480 853 1857 913 christianitatiS,
1883 858 1931 902 et

152 938 360 986 maxime
379 937 427 985 in
443 936 630 986 Croatia
652 939 698 985 et
713 935 979 984 civitatibus
1000 936 1206 999 Regusie
1230 944 1276 985 et
1293 937 1472 1000 Legine
1493 936 1623 1000 quod
1641 936 1862 986 faciendo
1885 941 1931 985 et

152 1022 449 1070 observando
477 1036 566 1069 nos
596 1020 827 1068 faciemus
849 1019 977 1082 quod
1000 1022 1255 1082 Huugarus
1285 1035 1382 1067 non
1405 1020 1654 1069 interferet
1676 1020 1718 1068 ei
1740 1019 1931 1083 aliquod

151 1105 382 1153 damnum
410 1109 456 1153 et
491 1104 539 1152 in
570 1103 664 1151 hoc
685 1103 911 1167 Majestas
933 1119 1018 1150 sua
1037 1102 1233 1151 habebit
1256 1103 1564 1152 occasionem
1597 1102 1929 1167 complacendi

153 1188 310 1247 nobis,
329 1192 511 1238 attento
530 1187 738 1235 maxime
752 1191 885 1236 motu
896 1187 1192 1234 Francorum
1211 1190 1258 1235 et
1273 1186 1475 1236 aliorum
1488 1186 1776 1251 principum.
1794 1187 1932 1244 Quod

154 1272 191 1319 si
219 1271 267 1319 in
296 1271 516 1320 bellando
537 1275 920 1335 perseverarent,
943 1269 1121 1318 habeat
1141 1285 1226 1334 pro
1260 1274 1511 1334 comperto
1534 1286 1621 1319 sua
1648 1269 1930 1335 Magnitudo

155 1355 284 1419 quod
309 1355 357 1403 in
388 1370 555 1403 eorum
585 1354 761 1403 auxilio
789 1358 953 1403 essent
980 1369 1125 1418 quam
1150 1354 1314 1418 plures
1337 1352 1579 1418 principes
1605 1353 1853 1402 christiani
1885 1359 1933 1403 et

152 1439 336 1487 doleret
355 1443 527 1503 postea
547 1439 776 1503 Majestas
807 1454 895 1487 sua
913 1453 1012 1486 non
1033 1437 1227 1498 fecisse,
1250 1437 1518 1487 secundum
1540 1437 1795 1486 consilium
1819 1453 1931 1486 nos-

156 1527 279 1572 trum
301 1522 430 1586 quod
446 1523 615 1570 damus
636 1523 723 1570 sibi
738 1522 896 1586 primo
910 1538 969 1572 ex
984 1522 1164 1580 officio,
1178 1521 1369 1586 quando
1385 1536 1551 1570 sumus
1568 1524 1704 1585 pater
1717 1525 1766 1570 et
1778 1520 1933 1569 domi-

155 1621 246 1653 nus
269 1606 484 1654 omnium
498 1605 889 1666 christianorum,
905 1609 1077 1670 postea
1094 1605 1424 1654 desideramus
1443 1604 1655 1671 quietem
1671 1605 1933 1670 Majestatis

157 1702 242 1738 sue
264 1689 326 1738 ad
345 1689 521 1738 bonam
544 1694 591 1738 et
608 1694 827 1739 mutuam
842 1689 1102 1739 amicitiam
1121 1708 1129 1738 z
1150 1689 1378 1754 quoniam
1395 1689 1434 1737 si
1449 1689 1674 1754 Majestas
1693 1704 1780 1738 sua
1797 1689 1935 1738 aliter

158 1777 387 1823 statueret
411 1774 639 1838 prosequi
662 1778 708 1823 et
730 1774 988 1823 molestare
1011 1774 1319 1833 christianoS,
1341 1788 1630 1838 cogeremur
1650 1774 1794 1823 rebus
1825 1787 1938 1822 con-

77 1859 85 1864 ’
162 1856 339 1917 sulere,
373 1873 484 1906 cum
532 1857 672 1906 aliter
705 1873 802 1906 non
850 1873 1105 1922 possemus
1145 1858 1338 1907 obviare
1380 1857 1601 1906 maximis
1629 1857 1935 1923 apparatibus

158 1940 238 2004 qui
269 1940 390 1990 fiunt
423 1944 590 1989 contra
618 1941 923 2005 Majestatem
959 1957 1110 1990 suam.
1150 1941 1378 1990 Dedimus
1410 1941 1495 1989 tibi
1530 1940 1625 1990 duo
1656 1941 1816 1990 brevia
1841 1957 1933 2004 que

156 2023 405 2073 exhibebis
426 2026 579 2073 Turce
602 2041 611 2072 :
638 2024 687 2073 in
711 2040 808 2073 uno
830 2025 1106 2074 continetur
1124 2025 1253 2089 quod
1273 2025 1415 2074 faciat
1456 2025 1540 2074 tibi
1567 2025 1681 2073 dare
1705 2029 1753 2074 et
1773 2024 1934 2073 consi-

155 2120 302 2171 gnare
325 2107 642 2172 quadraginta
663 2107 813 2156 millia
835 2108 1120 2157 ducatorum
1145 2124 1232 2173 pro
1261 2114 1438 2157 annata
1456 2108 1690 2173 presenti,
1713 2108 1842 2157 aliud
1864 2112 1936 2157 est

155 2192 448 2241 credentiale
470 2196 521 2240 ut
551 2196 735 2256 prestet
761 2192 844 2241 tibi
874 2192 1020 2241 fidem
1054 2192 1103 2240 in
1125 2192 1367 2252 omnibuS,
1393 2205 1699 2256 quecumque
1735 2191 1933 2241 nomine

154 2279 320 2323 nostro
344 2274 432 2323 sibi
452 2275 750 2339 exposueris,
775 2274 961 2323 Habitis
983 2285 1080 2322 me
1100 2275 1284 2325 ducatis
1306 2276 1354 2324 in
1373 2275 1483 2325 loco
1505 2279 1757 2334 consuetO,
1788 2275 1936 2325 facies

154 2357 468 2421 quietantiam
513 2358 779 2407 secundum
816 2360 1238 2421 consuetudinem,
1283 2366 1331 2410 et
1369 2361 1549 2410 venies
1574 2365 1707 2409 recto
1747 2359 1937 2409 tramite

153 2443 403 2490 Anconam
435 2456 545 2491 cum
568 2442 672 2491 navi
707 2447 825 2504 tuta,
862 2449 927 2503 et,
958 2459 1067 2493 cum
1095 2445 1207 2494 illuc
1235 2442 1565 2510 applicaveris,
1593 2444 1827 2494 certiores
1849 2459 1939 2493 nos

155 2523 329 2574 reddes
357 2530 403 2575 et
438 2527 715 2590 expectabis
752 2541 1042 2593 responsum
1075 2534 1313 2578 nostrum.
1347 2532 1552 2578 Presens
1582 2534 1665 2579 tua
1699 2529 1938 2578 itineratio

156 2609 375 2657 consistit
404 2609 453 2657 in
483 2610 858 2672 acceleratione3
884 2612 1031 2662 facies
1062 2628 1178 2677 ergo
1206 2613 1507 2678 diligentiam
1530 2613 1598 2662 sic
1621 2613 1670 2662 in
1692 2613 1851 2663 eundo
1879 2612 1939 2661 ad

156 2693 362 2740 Turcam
384 2691 506 2741 sicut
523 2692 572 2740 in
587 2694 894 2757 expeditione
918 2700 965 2744 et
986 2696 1034 2744 in
1056 2696 1303 2745 redeundo
1323 2697 1561 2746 similiter.

226 2777 327 2839 Ego
346 2775 576 2840 Georgius
592 2778 853 2838 RusarduS,
876 2779 1073 2828 nuntius
1092 2783 1137 2828 et
1160 2780 1407 2828 familiaris
1428 2781 1617 2845 prefate
1641 2779 1935 2839 SanctitatiS,

158 2871 246 2924 per
265 2871 465 2924 presens
488 2860 720 2925 scriptum
742 2866 789 2912 et
813 2864 1105 2928 suscriptum
1128 2880 1274 2912 manu
1296 2880 1404 2913 mea
1434 2862 1794 2930 propria‘fidem
1817 2865 1938 2914 facio

162 2948 210 2991 et
242 2944 476 2993 confiteor
506 2961 651 3010 supra
680 2946 807 2996 dicta
834 2946 1147 3015 habuissein
1177 2949 1520 2997 commissione
1552 2949 1611 2998 ab
1645 2965 1727 2999 ore
1756 2949 1939 3014 prefate

163 3024 454 3087 SanctitatiS,
477 3032 646 3090 Rome,
672 3030 730 3079 de
753 3044 920 3082 mense
937 3030 1045 3097 julii
1065 3033 1588 3093 MCCCCLXXXXlIlI,
1613 3038 1660 3083 et
1682 3038 1939 3082 executum

164 3106 311 3158 fuisse
344 3110 403 3159 ad
438 3114 666 3178 Magnum
701 3117 907 3164 Turcam
943 3115 992 3164 in
1023 3121 1255 3180 quantum
1287 3117 1376 3167 fuit
1409 3117 1527 3166 mihi
1559 3117 1852 3177 ordinatum,
1892 3122 1942 3165 ut

167 3207 310 3256 supra
338 3208 348 3240 τ
382 3199 430 3242 et
459 3203 691 3258 quantum
725 3199 785 3247 ad
812 3204 1055 3248 oratorem
1075 3216 1221 3264 quem
1242 3201 1487 3265 requisivit
1521 3201 1759 3249 Sanctitas
1793 3216 1880 3249 sua
1916 3216 1943 3247 a

162 3275 316 3324 Turca
345 3275 631 3327 mittendum
661 3283 891 3332 Venetias
921 3285 1294 3343 estobtentum,
1330 3284 1410 3347 qui
1442 3300 1468 3332 e
1498 3283 1699 3347 vestigio
1735 3283 1943 3332 debebat

164 3358 394 3409 recedere
416 3376 444 3408 a
466 3362 879 3430 Constantinopoli
900 3365 960 3415 de
988 3383 1156 3416 mense
1186 3366 1474 3432 septembris
1495 3369 1602 3430 post
1623 3382 1720 3425 me,
1745 3363 1805 3414 ad
1827 3381 1940 3414 exe-

162 3444 407 3506 quendum
428 3444 476 3492 in
498 3451 728 3508 quantum
759 3453 862 3497 erat
888 3449 1107 3498 voluntas
1139 3451 1322 3514 prefate
1356 3448 1629 3498 Sanctitatis
1661 3463 1772 3496 cum
1803 3448 1940 3495 illus-
