2202 3926
311 351 377 387 124
916 350 1151 388 ιΙΟΗΑΝΝΙΞ
1179 350 1473 397 BURCHARDI,
1881 349 1963 393 [Mai
1985 350 2074 392 1494]

312 470 507 503 crucem
539 456 799 504 osculatus.
839 457 1082 514 Venerunt
1114 453 1225 501 inde
1259 453 1347 500 sub
1379 452 1667 500 baldachino
1699 451 1886 513 legatus
1922 456 1970 499 et
1994 467 2077 500 rex

308 554 461 602 usque
482 538 542 586 ad
564 538 819 587 ecclesiam
836 536 1270 600 metropolitanam.
1294 537 1471 582 Omnes
1492 532 1721 596 religiosi,
1744 537 1940 597 propter
1957 538 2079 582 tem-

304 638 393 685 pus
422 621 706 685 pluviosum,
743 622 802 669 ad
835 635 999 666 muros
1032 620 1316 683 platearum,
1355 616 1436 663 ubi
1469 621 1606 665 erant
1638 615 1781 676 firmi,
1818 620 2076 677 steterunt3

306 705 435 752 solus
463 704 620 752 clerus
647 705 871 753 secularis
896 704 1128 769 precessit
1154 718 1347 751 crucem
1370 702 1516 766 legati
1534 709 1642 768 post
1663 718 1830 752 omnes
1850 703 2076 761 barones,

306 792 352 835 et
385 802 579 834 crucem
609 786 762 849 ipsam
796 793 841 835 et
877 787 1022 835 alium
1053 786 1133 850 qui
1162 802 1330 834 ensem
1359 786 1487 850 regis
1517 787 1755 850 portabat,
1782 786 2082 848 ‘sequebatur

305 869 567 932 capitulum
609 870 815 918 ecclesie
854 870 1165 933 Neapolitane
1202 873 1249 917 et
1281 869 1672 932 archiepiscopus
1711 873 1922 933 paratus.
1958 871 2080 917 Ante

305 953 560 1002 ecclesiam
593 954 958 1016 Neapolitanam
992 953 1352 1013 baldachinum,
1396 953 1526 1016 quod
1558 953 1744 1002 nobiles
1788 952 1852 1000 illi
1894 951 2080 1000 sedium

302 1040 628 1100 portaverunt,
665 1037 753 1086 fuit
778 1037 1116 1100 parafrenariis
1139 1036 1283 1100 legati
1310 1037 1470 1099 quiete
1496 1037 1816 1100 assignatum3
1844 1035 1925 1084 ubi
1948 1035 2082 1099 lega-

302 1125 394 1178 tUS,
429 1122 636 1183 peractis
672 1120 804 1183 prius
837 1120 1001 1183 gratiis
1040 1120 1160 1183 regi,
1197 1123 1244 1168 et
1276 1124 1325 1168 ut
1358 1120 1511 1169 abiret
1544 1136 1601 1168 eo
1635 1123 1821 1183 rogatO,
1865 1135 1924 1168 ex
1956 1135 2080 1182 equo

303 1202 550 1250 descendit
590 1207 637 1251 et
679 1218 789 1251 cum
831 1219 944 1266 rege
979 1203 1167 1251 intravit
1204 1204 1479 1263 ecclesiam,
1520 1207 1567 1252 et
1602 1207 1826 1267 porrecto
1875 1203 1962 1251 sibi
1994 1218 2081 1266 per

304 1283 721 1349 archiepiscopum
748 1290 968 1349 paratum
994 1286 1284 1349 aspersorio,
1316 1302 1499 1350 regem,
1529 1303 1578 1334 se
1607 1292 1654 1335 et
1685 1286 1802 1334 alios
1835 1286 2040 1349 aspersit
2065 1302 2075 1334 :

299 1372 418 1425 tum,
442 1367 668 1431 imposito
696 1369 914 1428 incenso,
946 1369 1036 1417 fuit
1055 1369 1157 1432 ipse
1182 1369 1370 1433 legatus
1399 1370 1675 1419 incensatus
1701 1384 1798 1417 non
1826 1385 1928 1428 reX,
1965 1383 2078 1432 rege

299 1454 461 1499 tamen
482 1451 612 1514 prius
635 1452 845 1501 invitato.

363 1534 699 1583 Ascenderunt
717 1535 777 1582 ad
798 1536 945 1584 altare
966 1537 1143 1600 majus,
1165 1537 1246 1584 ubi
1267 1553 1414 1600 super
1431 1537 1710 1584 faldistoriis
1728 1536 1907 1600 paratis
1930 1552 2081 1600 genu-

301 1616 538 1666 flexerunt
569 1635 578 1666 :
616 1619 729 1667 dicti
765 1624 876 1667 sunt
905 1620 1127 1668 versiculi
1164 1624 1211 1668 et
1244 1620 1398 1669 oratio
1431 1635 1519 1683 per
1559 1619 1994 1682 archiepiscopum,
2033 1623 2080 1667 et

300 1699 564 1763 antiphona
584 1717 692 1749 cum
717 1703 946 1751 versiculo
967 1719 1055 1767 per
1075 1703 1296 1762 chorum,
1330 1707 1376 1751 et
1403 1703 1556 1751 oratio
1585 1703 1643 1751 de
1666 1707 1832 1751 sancto
1851 1706 1875 1750 J
1881 1702 2079 1750 anuario

299 1798 385 1846 per
400 1783 612 1846 legatum
634 1786 715 1848 qui
734 1786 865 1834 dedit
884 1786 1077 1834 tandem
1097 1786 1488 1835 benedictionem
1513 1790 1560 1835 et
1583 1785 1905 1849 indulgentias
1933 1785 2078 1833 trium

302 1881 536 1914 annorum
569 1884 685 1931 quas
715 1869 971 1931 publicavit
1001 1870 1202 1918 sacrista
1236 1870 1359 1918 dicte
1391 1869 1596 1918 ecclesie
1631 1885 1690 1917 ex
1720 1869 1968 1927 schedula,
2001 1884 2079 1917 me

299 1948 430 1997 illam
458 1950 544 1997 sibi
574 1951 785 2013 legente,
821 1953 932 2015 quia
960 1953 1120 2002 videre
1164 1969 1249 2002 seu
1284 1953 1441 2017 potius
1474 1968 1581 2001 eam
1616 1952 1779 2016 legere
1809 1951 2073 2000 nesciebat.

299 2033 401 2079 Rex
448 2034 699 2082 associavit
737 2035 951 2099 legatum
996 2053 1147 2100 usque
1194 2037 1255 2084 ad
1298 2036 1529 2100 palatium
1571 2035 1981 2099 archiepiscopale
2010 2039 2078 2084 <et

298 2130 544 2164 cameram
567 2133 721 2178 suam,
745 2118 858 2167 licet
879 2124 989 2168 ante
1020 2120 1168 2168 altare
1190 2121 1364 2184 majus,
1391 2123 1438 2168 et
1459 2119 1507 2166 in
1529 2119 1684 2182 capite
1707 2118 1943 2167 scalarum
1965 2118 2078 2166 dicti

297 2198 460 2262 palatii
493 2200 680 2265 legatus
720 2206 772 2249 ut
810 2202 965 2251 abiret
999 2203 1157 2266 ipsum
1195 2206 1448 2266 rogaverat
1483 2218 1492 2250 :
1531 2202 1786 2250 cardinalis
1826 2201 2078 2250 associavit

298 2296 466 2345 regem
487 2299 639 2346 usque
662 2285 721 2332 ad
746 2289 933 2348 portam
961 2286 1116 2349 prime
1144 2301 1336 2334 camere
1357 2301 1507 2349 prope
1539 2287 1716 2346 aulam,
1740 2286 1840 2346 ubi,
1870 2302 1984 2350 rege
2007 2287 2076 2334 sic

295 2365 503 2426 volente,
528 2367 703 2415 mansit
732 2368 963 2427 cardinal,
995 2373 1043 2417 et
1070 2385 1154 2418 rex
1180 2369 1406 2432 equitavit
1434 2370 1494 2418 ad
1521 2374 1732 2419 castrum
1762 2386 1771 2418 :
1805 2370 1966 2418 omnia
1985 2370 2078 2418 alia

293 2448 484 2497 fuerunt
506 2450 755 2499 observata
775 2467 911 2501 more
932 2452 1091 2511 solito,
1115 2458 1255 2516 prout
1277 2454 1498 2516 superius
1519 2454 1633 2513 dixi,
1659 2453 1951 2502 ordinatum.

361 2535 452 2580 Pro
494 2534 805 2583 coronatione
849 2535 1128 2600 hujusmodi
1172 2541 1339 2599 parata
1383 2542 1432 2585 et
1472 2537 1697 2600 deputata
1738 2537 1826 2585 fuit
1871 2536 2078 2586 ecclesia

294 2617 680 2680 metropolitana,
705 2633 799 2681 que
819 2618 967 2667 habet
994 2623 1092 2667 tres
1121 2635 1283 2679 naves,
1310 2620 1520 2668 mediam
1541 2620 1782 2677 videlicet,
1807 2636 1899 2683 que
1920 2621 2078 2684 major

295 2703 385 2758 est,
420 2703 466 2748 et
499 2700 616 2748 duas
646 2701 895 2762 laterales;
933 2703 1111 2751 chorus
1147 2703 1492 2752 canonicorum
1523 2708 1597 2752 est
1626 2703 1676 2751 in
1703 2703 1863 2751 media
1891 2703 1996 2752 navi
2025 2704 2073 2751 in

294 2782 449 2845 capite
475 2783 661 2832 habens
692 2800 864 2848 corpus
893 2786 1209 2835 transversale
1233 2786 1282 2833 in
1303 2786 1501 2834 modum
1524 2786 1679 2834 crucis
1701 2787 1760 2834 ad
1780 2787 1931 2835 instar
1945 2786 2074 2834 basi-

293 2864 385 2912 lice
405 2865 558 2913 sancti
579 2868 707 2915 Petri
729 2869 787 2917 de
810 2869 955 2929 Urbe,
978 2870 1220 2918 tribunam
1239 2869 1423 2917 habens
1442 2869 1787 2933 amplissimam
1809 2885 1919 2918 cum
1936 2867 2071 2917 altari

297 2949 501 3011 majore,
527 2950 657 3012 quod
675 2951 884 3013 positum
912 2958 984 2999 est
1004 2952 1130 3000 intra
1150 2952 1391 3000 tribunam
1413 2953 1473 3000 ad
1495 2951 1699 3016 spatium
1720 2950 1898 3014 pedum
1918 2967 1980 2998 xx
1999 2949 2072 2998 vel

298 3031 445 3091 circa3
481 3032 614 3080 navis
646 3034 807 3082 media
836 3034 1097 3086 latitudinis
1130 3035 1307 3098 pedum
1340 3051 1402 3083 Lx
1430 3035 1505 3083 vel
1539 3034 1664 3082 circa
1697 3038 1744 3082 et
1774 3033 1986 3096 quelibet
2013 3049 2072 3082 ex

293 3113 569 3163 lateralibus
590 3116 764 3180 pedem
783 3134 898 3165 xxvi
921 3136 930 3165 z
954 3118 1038 3166 sed
1056 3122 1155 3166 tota
1172 3117 1655 3166 ecclesialatitudinis
1673 3115 1852 3180 pedum
1870 3131 2067 3175 cxxv111;

298 3196 539 3258 columne,
572 3215 716 3249 naves
747 3200 969 3249 laterales
1000 3216 1027 3249 a
1058 3201 1217 3249 media
1249 3200 1528 3259 dividenteS,
1563 3199 1738 3248 distant
1769 3214 1865 3247 una
1891 3199 1950 3247 ab
1978 3199 2070 3253 alia

299 3280 502 3343 pedibus
534 3298 622 3341 V113
656 3300 684 3332 a
711 3288 847 3347 porta
882 3284 1086 3333 ecclesie
1123 3300 1271 3348 usque
1309 3283 1369 3332 ad
1403 3287 1592 3348 portam
1620 3282 1755 3331 chori
1784 3289 1894 3331 sunt
1919 3282 2067 3347 pedes

292 3377 466 3421 cnxvm
487 3364 660 3412 chorus
679 3373 751 3415 est
767 3368 1078 3432 longitudinis
1096 3367 1273 3432 pedum
1290 3384 1351 3416 Lv
1368 3371 1415 3416 et
1431 3366 1694 3416 latitudinis
1711 3382 1787 3426 Lx,
1808 3381 1896 3430 pro
1914 3380 2065 3429 quan-

298 3446 434 3495 titate
463 3447 683 3497 videlicet
714 3451 860 3513 ipsius
894 3452 1024 3501 navis
1056 3469 1064 3500 :
1095 3468 1183 3516 per
1210 3451 1421 3500 medium
1449 3451 1583 3500 chori
1612 3454 1713 3499 erat
1738 3449 1932 3513 planum
1965 3449 2062 3496 sive
