2202 3926
307 336 353 374 98
921 337 1155 374 ΙΙΟΗΑΝΝΙΞ
1190 336 1486 384 BURCHARDI,
1874 339 1982 379 [Mars
2003 340 2100 380 1494]

373 439 625 488 Dominica
645 439 809 503 quinta
831 440 1218 504 quadragesime,
1240 442 1298 490 de
1317 441 1542 505 passione
1566 445 1860 504 nuncupata,
1891 446 1948 489 16
1975 453 2102 490 mar‘

309 525 377 584 tii,
397 527 451 572 R.
471 524 519 572 in
536 524 726 573 Christo
743 526 794 571 P.
816 526 872 571 D.
893 524 1195 584 Franciscus,
1212 526 1467 588 episcopus
1480 523 1818 583 Vulterranus,
1839 524 2099 574 celebravit

306 607 505 655 missam
535 607 779 671 publicam
815 608 864 654 in
895 609 1082 671 capella
1103 608 1337 671 predicta,
1361 611 1489 671 Papa
1512 614 1740 671 presente
1777 625 1787 656 z
1820 624 2099 657 sermonem

306 692 421 740 fecit
464 691 658 754 quidam
697 691 860 739 locum
900 695 1072 738 tenens
1111 691 1440 754 procuratoris
1466 690 1648 739 ordinis
1679 707 1931 743 servorum,
1957 692 2098 741 beate

303 776 471 823 Marie.
506 774 628 822 Dedi
658 774 821 822 locum
850 775 905 821 D.
940 776 1179 838 Prospero
1212 774 1270 822 de
1303 774 1537 822 Columna
1572 774 1707 822 fratri
1746 775 2004 823 cardinalis
2043 775 2102 824 de

306 858 555 917 Columna,
587 857 899 921 gubernatori
928 858 1147 920 gentium
1169 873 1415 905 armorum
1438 863 1604 906 sancte
1632 874 1834 906 romane
1864 859 2099 919 Ecclesie,

305 941 363 989 de
394 941 623 989 mandato
655 942 739 989 SS.
775 943 832 988 D.
866 943 922 989 N.
956 957 1098 1004 pape,
1127 941 1265 1005 juxta
1294 944 1352 989 D.
1388 941 1575 989 Pisauri
1609 943 1738 1005 apud
1768 958 1967 991 murum
1998 943 2103 991 solii

306 1027 450 1088 Pape,
491 1024 686 1072 bassum
722 1028 906 1082 tamen3
940 1024 1054 1072 licet
1086 1027 1214 1088 Pape
1250 1025 1465 1073 dicerem
1501 1025 1852 1088 gubernatores
1886 1027 2102 1090 gentium

304 1125 549 1157 armorum
571 1109 619 1156 in
637 1108 822 1171 capella
840 1108 1101 1171 specialem
1117 1108 1280 1156 locum
1300 1124 1398 1156 non
1419 1108 1615 1169 habere,
1645 1109 1794 1158 voluit
1813 1113 1871 1158 D.
1903 1113 1962 1159 N.
1982 1125 2108 1174 papa

304 1192 433 1256 quod
454 1192 521 1240 sic
542 1192 682 1240 fieret
707 1208 716 1239 :
741 1191 872 1240 venit
892 1191 1206 1255 postmodum
1232 1195 1426 1240 senator
1447 1192 1587 1240 Urbis
1610 1192 1691 1255 qui
1714 1209 1765 1241 se
1794 1193 1975 1242 locavit
1995 1198 2104 1258 post

306 1276 487 1324 dictum
509 1278 566 1324 D.
595 1278 888 1340 Prosperum
910 1275 986 1323 cui
1017 1275 1200 1323 dictum
1227 1275 1315 1324 fuit
1349 1274 1479 1338 quod
1506 1275 1634 1324 dicto
1663 1277 1875 1324 senatori
1907 1277 2104 1326 cederet

307 1364 355 1408 et
381 1360 546 1408 locum
580 1359 735 1418 daret,
773 1363 917 1422 prout
953 1363 998 1407 et
1037 1359 1152 1407 fecit
1183 1377 1191 1406 :
1229 1359 1320 1407 alia
1352 1358 1513 1406 omnia
1548 1363 1659 1407 sunt
1689 1360 1945 1409 observata
1968 1375 2104 1409 more

307 1442 470 1491 solit0.

375 1526 630 1575 Dominica
649 1526 938 1590 palmarum,
972 1528 1030 1573 23
1063 1524 1176 1573 dicti
1198 1525 1379 1573 mensis
1405 1526 1582 1585 martii,
1616 1527 1700 1575 SS.
1733 1529 1790 1575 D.
1823 1529 1880 1576 N.
1913 1532 2106 1592 paratus

309 1625 444 1658 more
483 1610 623 1658 solito
649 1610 779 1658 venit
809 1609 870 1657 ad
902 1608 1156 1673 capellam,
1192 1608 1437 1669 benedixit
1470 1609 1655 1672 palmas
1684 1615 1731 1659 et
1764 1627 1925 1659 ramos
1956 1612 2103 1661 oliva-

311 1709 416 1741 rum
442 1710 451 1741 :
479 1693 654 1742 deinde
685 1693 895 1757 receptis
927 1693 1078 1741 tribus
1113 1692 1213 1740 suis
1243 1708 1270 1739 a
1303 1692 1545 1740 cardinale
1572 1694 1909 1757 Neapolitano,
1942 1696 2106 1745 distri-

310 1776 412 1825 buit
441 1793 576 1826 more
607 1777 766 1826 solito.
800 1776 941 1825 Dedit
969 1776 1127 1824 eidem
1154 1775 1471 1839 Neapolitano
1496 1792 1641 1824 unam
1669 1777 1899 1840 palmam,
1932 1780 2108 1828 ceteris

311 1862 538 1909 omnibus
582 1862 820 1925 majorem
853 1860 914 1907 ad
945 1860 1038 1907 hoc
1075 1864 1292 1922 paratam
1330 1877 1338 1906 :
1377 1859 1563 1921 palmas
1595 1859 1712 1907 duas
1747 1877 1948 1924 magnas
1986 1878 2109 1926 pape

311 1949 572 1993 tenuerunt
598 1948 655 1992 D.
688 1943 958 1992 Ludovicus
987 1943 1046 1991 de
1068 1941 1331 2006 Aragonia,
1356 1942 1576 1990 marchio
1610 1943 1786 2004 Giraci,
1809 1961 1837 1993 a
1858 1944 2037 1994 dextris
2062 1951 2108 1994 et

313 2030 368 2075 D.
396 2028 580 2076 Pisauri
602 2044 631 2076 a
652 2027 875 2075 sinistris.

377 2116 479 2162 Hoc
515 2128 675 2170 mane,
709 2117 968 2175 antequam
1003 2114 1131 2175 Papa
1167 2112 1320 2160 exiret
1357 2127 1601 2160 cameram
1636 2114 1934 2176 paramenti,
1979 2129 2113 2162 com-

314 2197 445 2244 misit
478 2196 598 2243 mihi
629 2195 759 2258 quod
783 2195 947 2243 locum
974 2195 1141 2242 darem
1169 2195 1440 2243 marchioni
1465 2195 1684 2258 predicto
1711 2196 1759 2243 in
1781 2197 1924 2259 plano
1951 2197 2058 2245 solii
2085 2214 2113 2245 a

315 2279 512 2339 dextris,
544 2283 592 2327 et
621 2281 678 2326 D.
706 2278 888 2326 Pisauri
918 2278 1129 2326 facerem
1148 2284 1275 2326 stare
1298 2295 1326 2326 a
1347 2278 1570 2338 sinistris,
1605 2284 1652 2327 et
1681 2280 1812 2342 quod
1836 2285 1944 2343 post
1976 2297 2106 2329 mar-

317 2364 544 2412 chionem
578 2362 822 2426 prefatum
849 2362 1010 2410 locum
1040 2363 1185 2411 etiam
1213 2363 1378 2411 darem
1409 2363 1574 2411 comiti
1606 2364 1826 2413 Potentie
1855 2364 1905 2411 in
1935 2381 2112 2414 conve-

317 2447 468 2496 nienti
489 2446 658 2511 gradu,
683 2446 909 2509 quodque
931 2446 991 2493 ad
1016 2446 1196 2510 primos
1221 2445 1342 2494 duos
1364 2445 1475 2506 feci,
1502 2461 1556 2494 ac
1583 2446 1813 2495 comitem
1837 2447 1964 2496 inter
1983 2464 2113 2496 mar-

319 2531 546 2579 chionem
580 2534 628 2579 et
659 2533 933 2578 senatorem
959 2529 1134 2588 locavi3
1168 2528 1296 2592 quod
1327 2528 1493 2577 videns
1515 2531 1646 2592 Papa
1673 2545 1751 2577 me
1780 2531 2109 2594 reprehendit,

319 2614 484 2662 dicens
519 2615 795 2662 senatorem
828 2611 1006 2660 comite
1036 2611 1225 2675 prefato
1256 2612 1494 2676 majorem
1526 2627 1656 2671 esse,
1687 2618 1944 2677 propterea
1973 2631 2116 2664 sena-

320 2703 476 2746 torem
515 2697 674 2760 ipsum
715 2711 861 2759 supra
906 2695 1137 2744 comitem
1182 2700 1308 2743 stare
1349 2695 1549 2744 debere.
1603 2696 1847 2760 Respondi
1888 2697 2109 2747 forenses

319 2780 629 2828 honorandos
664 2795 771 2827 esse
811 2795 820 2826 :
860 2781 1004 2842 Papa,
1041 2783 1092 2827 ut
1125 2779 1215 2827 sibi
1243 2778 1333 2842 ipsi
1353 2778 1670 2839 satisfaceret,
1705 2780 1945 2828 mandavit
1980 2780 2110 2844 quod

322 2867 598 2912 senatorem
632 2879 660 2910 a
695 2862 900 2910 sinistris
938 2862 1035 2910 suis
1069 2861 1130 2909 ad
1163 2861 1365 2926 gradum
1405 2861 1513 2908 solii
1547 2867 1656 2910 ante
1689 2878 1773 2911 seu
1799 2863 1937 2926 juxta
1966 2863 2113 2910 assis-

323 2950 479 2995 tentes
499 2946 736 3006 locarem3
762 2948 892 3010 quod
913 2950 960 2994 et
981 2946 1091 3003 seci,
1114 2944 1229 2992 licet
1249 2944 1392 2992 fuerit
1414 2943 1529 2991 satis
1552 2944 1916 2993 inconveniens.

391 3032 538 3078 Facta
567 3028 923 3087 distributione,
958 3043 1122 3077 comes
1157 3027 1403 3085 Potentie,
1439 3030 1603 3074 orator
1629 3027 1756 3091 regis
1787 3028 2107 3091 Neapolitani,

324 3113 455 3161 dedit
477 3127 652 3175 aquam
673 3111 894 3159 manibus
918 3114 1063 3174 Pape.
1089 3110 1286 3159 Missam
1306 3109 1551 3173 publicam
1573 3109 1831 3158 celebravit
1858 3094 2023 3158 Rmus.
2050 3113 2107 3158 D.

324 3194 579 3242 cardinalis
599 3194 657 3242 de
691 3194 891 3254 UrsiniS‚
927 3195 1023 3256 qui,
1058 3198 1255 3257 recepta
1278 3192 1457 3256 palma,
1478 3207 1577 3240 non
1609 3197 1681 3241 est
1703 3193 1763 3241 ad
1783 3193 1946 3241 locum
1969 3209 2108 3241 suum

325 3278 450 3325 inter
474 3277 592 3325 alios
615 3277 882 3325 cardinales
908 3291 1146 3336 reversus,
1171 3275 1258 3323 sed
1278 3275 1360 3323 ivit
1382 3274 1443 3323 ad
1464 3275 1803 3335 faldistorium,
1834 3276 1932 3336 ubi,
1957 3275 2108 3339 depo-

326 3360 415 3408 sita
446 3360 656 3424 planeta,
691 3363 891 3423 accepta
935 3374 1104 3423 cappa,
1147 3358 1329 3422 recepit
1373 3357 1587 3406 sandalia
1631 3364 1677 3406 et
1707 3358 1801 3407 alia
1825 3363 2106 3422 paramenta

325 3458 457 3491 more
481 3446 731 3492 consueto.
756 3442 1007 3491 Intellecto
1029 3442 1226 3505 insuper
1246 3456 1333 3505 per
1360 3443 1551 3489 Rmum.
1585 3444 1640 3489 D.
1669 3440 1962 3489 cardinalem
1986 3443 2106 3489 Nea-
