2222 3926
329 363 398 401 282
857 351 861 354 “
933 358 1166 396 JOHANNIS
1200 358 1497 402 BURCHARDL
1904 361 1987 400 [Mai
2009 359 2104 399 1496]

329 465 459 515 modi
495 464 893 513 commemoratio
926 478 1022 511 non
1063 462 1162 521 fiat,
1208 477 1320 508 cum
1372 460 1589 509 videatur
1624 461 1717 508 hoc
1755 461 1932 508 festum
1972 465 2103 514 tante

327 548 642 597 solemnitatis
665 563 771 596 esse
806 546 934 610 quod
969 545 1141 593 merito
1175 543 1573 592 commemoratio
1597 543 1838 592 dominice
1878 544 1927 592 in
1964 559 2022 594 eo
2044 545 2104 597 sit

328 631 609 679 omittenda.

390 714 530 763 Feria
550 714 708 770 tertia,
736 716 788 760 31
817 716 865 760 et
887 711 1055 763 ultima
1075 711 1256 759 mensis
1284 710 1415 771 maii,
1449 726 1508 761 ex
1535 709 1878 763 commissione
1902 713 1948 759 et
1966 725 2112 759 man-

327 797 438 845 dato
458 796 582 848 Rmi,
600 799 655 844 D.
673 795 928 845 cardinalis
951 811 989 843 S.
1017 794 1225 858 Georgii,
1242 794 1451 843 intimari
1469 794 1663 858 feciper
1680 810 1901 846 cursores
1924 793 2104 845 officia-

326 880 449 928 libus
469 879 784 943 infrascriptis
812 895 904 943 que
938 882 1204 943 sequuntur
1228 894 1313 942 per
1346 879 1540 928 cedulas
1568 878 1709 942 sigilli
1742 877 1871 942 parvi
1894 877 2018 931 Rmi,
2045 879 2102 930 D.

327 963 580 1012 cardinalis
596 963 767 1027 prefati
788 963 835 1010 in
850 962 1212 1026 processionem
1231 962 1443 1026 signatas
1466 979 1476 1011 :

394 1051 463 1097 De
490 1047 718 1095 mandato
749 1049 832 1095 SS.
875 1049 932 1096 D.
974 1049 1030 1095 N.
1073 1062 1195 1110 pape
1232 1045 1487 1094 mandatur
1538 1045 1738 1108 singulis
1790 1041 2108 1105 infrascriptis

328 1136 583 1195 quatenUS,
621 1131 708 1179 sub
741 1146 867 1194 pena
902 1130 1073 1178 decem
1110 1130 1392 1178 ducatorum
1428 1128 1532 1177 auri
1566 1129 1624 1178 de
1659 1144 1870 1187 camera,
1912 1141 2103 1178 camere

328 1215 588 1279 apostolice
604 1213 1422 1277 irremissibiliterapplicandorum,
1438 1228 1526 1276 per
1537 1217 1690 1261 totum
1707 1212 1835 1262 diem
1845 1210 2108 1260 crastinum

330 1303 377 1347 et
399 1314 484 1362 per
500 1302 655 1347 totum
675 1298 966 1349 hodiernum
986 1297 1132 1357 diem,
1158 1301 1205 1346 et
1226 1301 1492 1359 exequatur
1518 1295 1743 1344 mercurii
1774 1299 1884 1344 ante
1903 1293 2109 1357 vigiliam

330 1382 546 1446 corporis
581 1381 772 1440 Christi,
797 1381 953 1445 prima
982 1381 1163 1430 mensis
1187 1379 1327 1444 junii,
1354 1379 1543 1428 dedisse
1577 1379 1625 1427 in
1660 1379 1848 1442 scriptis
1876 1381 2015 1426 Rmo.
2048 1380 2104 1430 D.

330 1465 621 1516 cancellario
643 1465 842 1515 nomina
856 1468 903 1513 et
918 1464 1210 1528 cognomina
1225 1464 1442 1513 omnium
1459 1466 1506 1511 et
1521 1462 1817 1526 singulorum
1835 1461 2108 1510 officiorum

332 1547 504 1611 quibus
532 1549 622 1612 ipsi
650 1553 849 1612 presunt
885 1563 970 1597 seu
997 1563 1203 1611 quorum
1229 1547 1318 1610 ipsi
1345 1546 1578 1595 officiales
1603 1546 1699 1596 sive
1728 1545 1963 1608 capellani
1982 1544 2109 1597 exis-

329 1635 450 1691 tunt,
477 1633 591 1682 etin
611 1632 826 1695 margine
862 1632 1119 1680 denotasse
1143 1630 1182 1677 si
1213 1630 1294 1693 qui
1317 1629 1600 1678 eorumdem
1627 1628 1904 1677 officialium
1933 1627 2027 1679 sint
2048 1627 2108 1677 ab

331 1715 456 1763 Urbe
475 1716 699 1767 absentes
717 1715 791 1764 vel
809 1715 1003 1766 infirmi.

395 1798 794 1850 Rescribendario
818 1798 1121 1861 capellanum
1139 1797 1448 1861 scriptorum,

398 1882 736 1932 Penitentiarie
757 1886 960 1942 secrete,

399 1964 656 2029 Capellano
675 1964 1077 2021 abbreviatorum,

400 2049 659 2113 Capellano
681 2047 1066 2105 sollicitatorum,

399 2133 659 2197 Capeliano
679 2132 993 2181 collectorum
1020 2129 1222 2194 plumbi,

401 2217 718 2269 Thesaurario
739 2215 1038 2266 notariorum
1056 2217 1183 2271 rote,

403 2299 596 2350 Sindico
616 2302 985 2362 procuratorum
1005 2297 1430 2357 contradictarum,

396 2382 724 2446 Computatori
746 2385 1110 2445 procuratorum
1131 2381 1488 2444 penitentiarie.

404 2467 471 2514 De
490 2464 717 2515 mandato
740 2467 824 2513 SS.
859 2468 915 2514 D.
944 2467 1001 2515 N.
1036 2480 1178 2529 pape,
1213 2465 1468 2514 mandatur
1491 2464 1806 2527 infrascriptis
1829 2464 2115 2514 officialibus

336 2553 574 2612 quatenus
595 2547 672 2596 die
690 2548 814 2611 Jovis
838 2552 864 2596 2
892 2548 1073 2597 mensis
1098 2547 1219 2612 junii
1247 2548 1464 2611 proxime
1494 2547 1660 2606 futuri,
1683 2548 1954 2596 festivitatis
1976 2563 2115 2597 sanc-

338 2633 509 2682 tissimi
538 2631 754 2696 corporis
780 2632 975 2690 Christi,
1000 2633 1087 2679 sub
1108 2648 1233 2696 pena
1255 2631 1536 2680 ducatorum
1565 2631 1664 2679 auri
1689 2631 1901 2695 quinque
1923 2646 2115 2683 camere

337 2716 601 2780 apostolice
638 2715 1034 2767 irremissibiliter
1062 2715 1457 2779 applicandorum
1492 2715 1700 2763 debeant
1751 2715 1874 2764 hora
1908 2730 2037 2767 nona
2068 2715 2117 2762 in

337 2799 514 2863 palatio
536 2799 800 2862 apostolico
822 2799 951 2863 apud
972 2803 1190 2849 sanctum
1220 2798 1420 2846 Petrum
1438 2798 1563 2846 intra
1589 2798 1794 2861 primam
1816 2801 2005 2860 portam
2026 2797 2115 2849 ibi-

339 2881 450 2929 dem
471 2881 520 2932 in
541 2881 675 2931 curia
694 2897 804 2931 cum
839 2882 1040 2945 singulis
1070 2881 1168 2931 suis
1199 2880 1450 2931 intorticiis
1472 2880 1692 2929 honestis
1713 2885 1964 2943 presentes
1989 2895 2115 2939 esse,

343 2980 398 3015 ac
426 2964 572 3014 etiam
608 2963 720 3015 inde
753 2964 1176 3027 processionaliter
1203 2968 1251 3012 et
1270 2963 1435 3013 ordine
1463 2962 1750 3026 procedere,
1774 2968 1915 3026 prout
1948 2966 2112 3015 Pauus,

342 3050 398 3096 D.
443 3047 738 3100 camerarius
783 3046 1022 3097 ordinabit
1063 3062 1118 3095 ac
1164 3046 1482 3110 personaliter
1531 3046 1590 3093 ad
1627 3045 1993 3110 processionem
2033 3062 2119 3098 sua

340 3131 572 3182 intortitia
609 3134 820 3195 portare,
853 3134 901 3179 et
934 3145 1086 3192 usque
1125 3129 1186 3179 ad
1231 3129 1596 3193 processionem
1641 3129 1939 3193 completam
1972 3130 2020 3178 in
2062 3145 2120 3177 ea

342 3229 628 3277 permanere
647 3214 735 3262 sub
755 3213 925 3264 eadem
948 3228 1090 3276 pena.

410 3296 837 3347 Abbreviatoribus
858 3296 917 3349 de
938 3311 1084 3359 parco
1105 3295 1296 3359 majori,

413 3380 740 3443 Scriptoribus
762 3379 1054 3445 apostoliciS,

412 3462 838 3512 Abbreviatoribus
853 3462 912 3511 de
933 3477 1080 3526 parco
1102 3462 1275 3511 minori
1294 3466 1343 3513 et
1362 3462 1516 3525 prima
1534 3462 1739 3520 visione,
