2248 3906
337 367 406 403 40'2
948 364 1181 402 JOHANNIS
1215 365 1509 409 ssURCHARDI,
1773 365 1991 406 [Septembre
2013 369 2107 408 1497]

314 469 437 515 .lum
459 467 658 530 recepit.
686 465 913 514 Senensis
935 466 1151 515 ascendit
1171 470 1278 529 post
1298 464 1606 515 Valentinum
1634 479 1720 511 seu
1747 464 1879 527 quasi
1911 480 2020 512 cum
2048 481 2105 513 eo

337 550 397 599 ad
419 553 614 614 Papam,
634 553 795 613 preter
814 565 851 597 S.
875 549 1068 612 Georgii
1085 548 1163 611 qui
1183 547 1359 595 mansit
1374 546 1572 594 inferius
1591 546 1651 594 ad
1665 546 1842 610 gradus
1857 547 1961 594 solii
1981 549 2107 611 Pape

338 639 614 698 expectanS‚
646 637 692 681 et
719 633 861 680 bene.
893 635 997 680 Non
1031 631 1148 679 dixit
1176 631 1375 679 verbum
1401 634 1528 695 Pape
1554 629 1837 680 Valentinus
1864 645 1953 679 nec
1981 633 2110 693 Papa

337 717 444 776 sibi,
470 716 556 764 sed
579 731 636 764 eo
669 714 968 774 deosculatO,
994 714 1242 763 descendit
1267 714 1326 762 de
1359 714 1506 773 solio;
1536 717 1582 762 et
1608 717 1716 777 post
1741 729 1851 761 eum
1881 713 2108 762 Senensis

336 804 383 848 et
407 816 444 847 s.
470 798 660 862 Georgii
682 801 918 847 steterunt
939 798 999 846 ad
1018 797 1126 846 loca
1150 813 1264 855 sua;
1287 796 1573 847 Valentinus
1591 801 1751 845 autem
1780 796 2029 845 descendit
2049 796 2110 844 ad

338 882 615 930 Grimanum
637 881 838 930 invitans
861 897 971 931 eum
991 881 1051 930 ad
1073 898 1216 946 supra
1234 896 1284 930 se
1304 881 1544 940 standum,
1570 886 1617 929 et
1635 880 1851 930 ascendit
1868 880 1928 928 ad
1946 881 2108 929 locum

337 982 475 1014 suum
501 982 510 1014 :
535 965 832 1021 moresolito
871 965 1100 1014 sederunt
1131 980 1319 1024 omnes,
1355 967 1402 1013 et
1423 967 1479 1012 D.
1504 964 1738 1012 Antonius
1765 964 1822 1012 de
1846 964 2104 1024 Leonibus,

336 1064 486 1098 novus
515 1048 790 1110 advocatus,
820 1049 1072 1113 proposuit
1104 1048 1291 1097 tertiam
1322 1047 1733 1096 commissionem.
1766 1051 1874 1111 Ipsa
1901 1047 2038 1096 finita
2063 1052 2110 1096 et

334 1147 421 1197 per
455 1135 633 1197 Papam
667 1133 878 1196 signata,
913 1135 1222 1181 surrexerunt
1261 1147 1430 1180 omnes
1467 1135 1514 1180 et
1550 1130 1796 1180 redierunt
1835 1131 1895 1179 ad
1930 1134 2112 1196 Papam

333 1207 473 1280 primi
501 1215 708 1275 diaconi,
743 1219 790 1264 et
809 1215 1091 1266 Valentinus
1121 1219 1167 1264 et
1195 1219 1291 1264 tres
1320 1214 1393 1263 vel
1416 1214 1578 1278 plures
1600 1218 1647 1263 et
1668 1214 1746 1262 alii
1776 1214 1977 1263 osculati
1999 1219 2110 1263 sunt

333 1299 481 1363 pedes
500 1302 651 1363 Pape;
677 1299 978 1348 consurrexit
999 1304 1046 1347 et
1069 1299 1149 1347 ivit
1174 1299 1234 1347 ad
1264 1313 1524 1347 cameram.
1549 1297 1764 1345 Interfuit
1789 1297 1913 1346 ultra
1941 1314 2109 1362 supra-

333 1381 606 1431 nominatos
629 1382 896 1431 cardinales
913 1382 1217 1442 consistorio,
1237 1381 1491 1430 cardinalis
1509 1380 1841 1444 Segobriensis
1854 1381 1950 1445 qui,
1968 1396 2108 1446 prop-

332 1470 408 1514 ter
438 1465 768 1515 infirmitatem
808 1482 960 1526 suam,
994 1482 1092 1514 non
1129 1465 1356 1530 equitavit
1393 1465 1454 1513 ad
1486 1481 1524 1512 s,
1557 1463 1756 1512 Mariam
1791 1479 1987 1524 novam,
2022 1464 2108 1513 sed

334 1547 474 1597 exivit
497 1563 607 1596 cum
635 1551 764 1613 Papa
787 1564 1047 1597 cameram.
1074 1549 1289 1598 Interfuit
1311 1548 1453 1596 etiam
1475 1550 1531 1596 D.
1555 1547 1795 1596 Marianus
1815 1547 1881 1596 de
1903 1547 2107 1596 Cocchi—

328 1630 421 1691 nis,
445 1630 730 1695 procurator
749 1631 944 1691 fiscalis,
969 1631 1017 1679 in
1038 1631 1198 1679 locum
1221 1633 1277 1678 D.
1303 1630 1485 1679 Nicolai
1507 1629 1566 1678 de
1592 1633 1763 1678 Parma
1788 1646 1797 1678 :
1823 1630 1988 1679 nescio
2010 1646 2106 1694 quo

331 1714 476 1763 modo
511 1719 735 1779 receptus
770 1719 814 1764 et
855 1715 1054 1763 effectus
1091 1719 1162 1763 est
1197 1713 1381 1777 primus
1414 1717 1548 1761 actus
1588 1713 1806 1777 publicus
1837 1713 1885 1760 in
1921 1727 2015 1776 quo
2046 1715 2102 1761 D.

330 1798 588 1858 Marianus,
618 1802 900 1862 procurator
935 1797 1131 1857 fiscalis,
1164 1796 1395 1844 interfuit.
1428 1795 1595 1859 Aptavi
1635 1793 1724 1844 sibi
1757 1795 2011 1860 capucium
2047 1794 2108 1844 ad

328 1881 504 1928 collum
534 1881 594 1929 ad
625 1881 776 1930 instar
810 1881 1167 1939 advocatorum,
1204 1881 1347 1943 prout
1378 1882 1661 1942 procurator
1699 1877 1875 1926 fiscalis
1911 1882 2103 1943 portare

331 1964 578 2014 consuevit
601 1964 649 2012 in
677 1965 955 2029 hujusmodi
982 1963 1184 2013 actibus,
1210 1964 1471 2026 Postquam
1501 1964 1628 2026 Papa
1654 1966 1936 2025 paramenta
1955 1962 2004 2010 in
2025 1977 2106 2011 ca-

331 2063 467 2095 mera
482 2048 719 2112 papagalli
742 2047 964 2112 deposuit
988 2053 1035 2097 et
1056 2048 1136 2097 ivit
1157 2048 1218 2097 ad
1239 2063 1500 2107 cameram,
1525 2047 1690 2094 RRmi.
1717 2049 1815 2095 DD.
1840 2045 2106 2096 cardinales

332 2130 588 2194 subscripti
634 2131 990 2180 associaverunt
1026 2135 1217 2180 Rmum.
1264 2135 1320 2180 D.
1365 2129 1658 2179 cardinalem
1697 2128 2007 2179 Valentinum
2045 2129 2105 2177 ad

332 2229 574 2262 cameram
597 2230 750 2275 suam,
776 2230 911 2263 more
935 2215 1074 2263 solito
1095 2231 1104 2275 ;
1128 2214 1300 2263 deinde
1322 2213 1568 2263 redierunt
1590 2212 1792 2276 quisque
1822 2213 1882 2260 ad
1908 2213 2103 2262 domum

332 2312 468 2345 suam
488 2296 583 2346 hoc
607 2297 751 2346 modo
774 2298 1030 2362 equitando
1050 2298 1109 2346 ad
1126 2298 1474 2346 monasterium
1494 2297 1635 2346 beate
1656 2298 1804 2346 Marie
1827 2313 1963 2355 nove,
1989 2301 2036 2345 et
2057 2297 2103 2344 in

333 2395 390 2429 eo
424 2380 611 2445 perdidi
647 2396 816 2430 zonam
855 2397 1015 2431 meam
1061 2398 1118 2431 ex
1152 2381 1305 2430 serico
1338 2381 1474 2429 viridi
1506 2381 1826 2445 pendentibus
1861 2381 2103 2444 argenteis

330 2464 578 2525 inauratIS‚
604 2480 747 2528 quam
776 2465 958 2513 dudum
984 2464 1211 2529 Magister
1233 2465 1441 2514 Thomas
1471 2465 1747 2515 Vulfsenior
1767 2463 1884 2512 mihi
1913 2463 2103 2513 donavit

331 2547 380 2594 in
407 2548 696 2597 memoriam
715 2549 898 2598 redit-us
918 2547 1178 2599 Valentini.

395 2631 534 2680 Feria
554 2636 704 2693 sexta,
733 2636 759 2680 8
779 2632 1086 2697 septembris,
1110 2632 1234 2681 sesto
1255 2631 1511 2680 nativitatis
1536 2630 1883 2696 gloriosissime
1907 2630 2102 2696 virginis

330 2713 498 2774 Marie,
519 2717 575 2762 R.
602 2717 657 2762 D.
681 2720 845 2776 Josue,
868 2716 1123 2780 episcopus
1142 2715 1426 2775 Asculanus‚
1452 2716 1710 2765 celebravit
1729 2713 1927 2764 missam
1944 2714 2103 2780 ponti-

330 2796 535 2845 ficaliter
551 2797 600 2844 in
621 2800 806 2862 capella
825 2800 1043 2864 ejusdem
1058 2801 1197 2847 beate
1216 2799 1383 2858 Marie,
1408 2815 1552 2863 quam
1575 2803 1739 2847 Rmus.
1768 2802 1825 2846 D.
1851 2795 2102 2847 cardinalis

329 2871 670 2943 Neapolitanus
694 2882 904 2930 fundavit
931 2887 979 2931 et
1009 2882 1275 2930 construxit
1297 2881 1346 2929 in
1370 2881 1576 2930 ecclesia
1603 2882 1742 2930 beate
1763 2880 1911 2929 Marie
1933 2879 1992 2928 de
2012 2878 2102 2927 Mi·-

328 2978 489 3023 nerva,
520 2968 746 3027 presente
775 2965 947 3014 eodem
975 2965 1219 3013 cardinale
1247 2969 1294 3014 et
1322 2965 1515 3014 circiter
1540 2965 1709 3014 decem
1738 2963 1953 3028 prelatis,
1978 2962 2104 3011 iuter

329 3062 450 3110 quos
483 3047 676 3095 suerunt
713 3047 854 3096 electi
886 3048 1240 3111 VigorniensiS‚
1269 3052 1432 3097 orator
1463 3048 1589 3111 regis
1626 3046 1815 3111 Anglie,
1840 3045 2104 3109 archiepis-

330 3145 479 3194 copus
506 3131 822 3191 PatracensiS,
853 3131 1083 3192 Nolanus,
1108 3131 1426 3191 ZamorensiS,
1449 3131 1740 3195 RapulanuS‚
1764 3128 2027 3179 Marcensis
2057 3132 2104 3177 et

330 3214 407 3261 alii
432 3230 441 3261 z
468 3214 680 3278 episcopi
708 3213 976 3264 cardinales
1012 3214 1241 3263 sederunt
1268 3215 1317 3262 in
1347 3214 1504 3278 capite
1533 3214 1674 3263 banci
1702 3213 1844 3278 positi
1873 3213 1921 3261 in
1953 3226 2101 3261 cornu

330 3296 561 3360 evangelii
582 3298 743 3347 altaris
761 3314 848 3363 per
866 3298 1064 3363 longum
1084 3298 1266 3362 capelle
1283 3315 1293 3359 3
1312 3297 1481 3362 prelati
1504 3297 1552 3345 in
1574 3297 1724 3345 tribus
1747 3296 1911 3346 baucis
1928 3295 2122 3365 positis·

326 3379 375 3427 in
397 3383 720 3429 transversum
739 3382 798 3429 ab
820 3382 942 3431 ostio
966 3381 1148 3446 capelle
1170 3381 1230 3429 ad
1251 3380 1492 3429 sinistram
1515 3380 1755 3440 intrantiS‚
1779 3377 2104 3444 quorum'qui-

323 3462 439 3511 libet
461 3467 562 3512 erat
584 3479 733 3529 capax
759 3480 846 3530 pro
874 3465 1083 3529 quinque
1104 3464 1341 3530 personis.
1368 3463 1512 3512 Primi
1537 3462 1764 3513 sederunt
1791 3463 1840 3511 in
1867 3461 2023 3533 primo
2043 3475 2101 3510 ex
