2216 3886
291 313 358 346 [ιι-,ω
896 313 1124 349 JOHANNJS
1160 313 1453 358 BURCHARDI,
1871 320 1952 358 [Mai
1976 322 2069 361 1498]

294 414 440 462 viensi
477 415 860 479 archiepiscopo,
897 415 945 462 in
975 431 1176 463 romana
1206 417 1340 464 curia
1360 416 1608 475 residenti,
1641 418 1984 469 committimus
2019 428 2067 471 et

290 497 575 546 mandamus
603 505 838 561 quatenus
859 499 1155 562 presentium
1174 503 1340 546 tenore
1360 499 1517 561 aliquo
1538 500 1781 548 dominico
1803 502 1876 550 vel
1897 502 2065 553 festivo

294 579 388 639 die,
414 580 462 627 in
481 580 590 628 loco
613 596 698 628 seu
719 580 927 629 ecclesia
949 579 1252 639 condecenti,
1274 580 1497 628 adhibitis
1515 586 1677 630 tecum
1693 582 1877 631 duobus
1895 584 1965 632 vel
1986 586 2067 634 tri-

289 661 377 710 bus
409 663 646 726 episcopis
680 663 881 726 gratiam
919 668 964 710 et
1001 663 1392 711 communionem
1429 664 1691 727 apostolice
1724 666 1851 713 sedis
1884 667 2065 716 haben-

290 747 434 805 tibus,
464 747 723 795 venerabili
754 747 887 794 fratri
918 751 1082 795 nostro
1110 746 1360 794 Dominico
1383 746 1505 794 tituli
1528 763 1568 794 s.
1595 747 1775 797 Nicolai
1799 749 1924 798 inter
1943 753 2063 806 Ima-

290 830 424 892 gines
449 832 731 896 presbytero
754 830 984 879 cardinali
1012 835 1060 878 ct
1083 830 1257 879 dilecto
1278 830 1394 890 filio,
1429 830 1656 894 Papheno
1685 831 1858 891 electo,
1885 848 2061 882 munus

290 915 669 963 consecrationis
700 914 866 963 electis
893 915 1106 978 impendi
1135 914 1328 963 solitum
1357 919 1404 963 et
1431 919 1715 963 consuetum
1742 915 1868 963 infra
1895 916 2063 965 missa-

292 1013 399 1045 rum
430 998 664 1046 solemnia
695 998 1006 1061 impenderis,
1043 998 1270 1062 ipsosque
1302 1014 1386 1046 seu
1417 999 1633 1061 ipsorum
1657 999 1923 1062 quemlihet
1950 1015 2063 1048 con-

290 1081 487 1128 secratis
509 1082 648 1146 juxta
679 1082 884 1130 formam
919 1086 966 1129 et
999 1082 1397 1130 consuetudinem
1426 1098 1463 1129 s.
1498 1099 1535 1129 r.
1568 1082 1781 1131 Ecclesie
1806 1083 2060 1137 inrtalibus

285 1165 462 1212 servari
489 1170 768 1223 consuetas;
804 1166 851 1213 in
886 1166 1180 1214 contrarium
1206 1166 1492 1214 facientibus
1513 1180 1610 1214 non
1639 1166 1939 1215 obstantibus
1961 1167 2063 1230 qui-

281 1246 596 1312 buscumque.
1560 1297 1562 1299 ,
1858 1261 1861 1263 ’

352 1351 373 1375 «
414 1331 591 1392 Placet,
617 1334 750 1382 etita
770 1338 904 1382 motu
926 1335 1119 1398 proprio
1151 1335 1496 1384 committimus
1525 1340 1572 1384 et
1600 1335 1902 1384 mandamus
1934 1338 1989 1384 R.
2034 1355 2055 1379 »

353 1417 491 1466 Feria
511 1419 694 1479 quarta,
721 1420 748 1464 2
771 1418 951 1465 mensis
975 1419 1104 1477 maii,
1133 1422 1187 1466 R.
1213 1418 1261 1465 in
1284 1418 1473 1467 Christo
1497 1421 1549 1466 P.
1577 1422 1632 1467 D.
1660 1419 1910 1479 Jeremias,
1936 1420 2059 1483 epis-

286 1520 436 1568 copus
465 1501 828 1551 Assisinatensis
852 1501 1108 1550 celebravit
1133 1503 1330 1550 missam
1350 1501 1594 1565 publicam
1615 1502 1949 1550 defunctorum
1971 1518 2058 1566 pro

286 1588 444 1635 anima
481 1586 606 1634 bone
643 1585 878 1633 memorie
916 1585 1070 1633 Caroli
1106 1587 1230 1644 Vlll,
1270 1587 1565 1633 Francorum
1606 1586 1750 1649 regis,
1794 1585 1843 1632 in
1876 1585 2060 1649 capella

288 1672 470 1735 majore
498 1669 730 1733 predicta,
768 1670 851 1716 SS.
890 1671 947 1716 D.
985 1670 1041 1716 N.
1075 1684 1200 1731 papa
1237 1668 1429 1731 pluviali
1460 1672 1625 1731 parato
1659 1672 1910 1731 presente;
1944 1668 2061 1716 dixit

288 1755 433 1802 unam
468 1752 736 1801 orationem
766 1755 970 1810 tantum,
1005 1751 1228 1799 videlicet
1255 1751 1461 1810 Inclinat,
1495 1751 1719 1810 Domine,
1757 1759 1862 1810 etc„
1904 1750 2063 1798 Caroli

286 1837 427 1900 rema,
453 1844 568 1892 elc.;
591 1838 719 1898 Papa
738 1835 785 1882 in
807 1834 903 1882 fine
927 1834 1145 1883 absolvit.
1175 1836 1470 1882 Annotatum
1492 1834 1577 1882 fuit
1598 1834 1647 1881 in
1677 1834 1893 1883 oratione
1924 1834 2062 1882 abso-

285 1920 477 1968 lutionis
504 1934 591 1983 per
611 1921 790 1982 Papam
815 1918 1057 1966 dicentem
1084 1935 1093 1966 :
1124 1918 1283 1965 Caroli
1307 1918 1430 1981 reglis
1450 1918 1770 1979 Francorum7·
1801 1917 1886 1966 sed
1913 1920 2057 1982 Papa,

288 2005 467 2052 omisso
487 2003 801 2060 Francorum,
827 2002 944 2050 dixit
963 2005 1145 2050 tantum
1168 2001 1327 2049 Caroli
1343 2002 1484 2064 remia,
1511 2005 1557 2050 et
1572 2002 1715 2050 bene.
1738 2001 2061 2050 Interfucrunt

288 2087 558 2136 octodecim
600 2085 885 2145 cardinales,
927 2085 1282 2144 Ulixbonensis,
1326 2085 1688 2144 Recanatensis,
1729 2101 1768 2132 s.
1813 2085 2056 2143 Praxedis,

288 2187 326 2218 s.
358 2170 590 2234 Dionysii,
617 2169 982 2227 Alexandrinus,
1011 2185 1049 2216 s.
1076 2169 1256 2225 CruciS‚
1286 2169 1646 2232 Agrigentinus,
1678 2169 1948 2226 Grimanus,
1975 2170 2060 2216 Pe-

288 2254 496 2312 rusinus,
522 2253 833 2312 camerarius,
859 2253 1107 2311 Columna,
1133 2251 1570 2311 vicecancellarius,
1599 2252 1827 2311 Medices,
1854 2267 1892 2298 s.
1919 2253 2059 2299 Seve-

287 2337 393 2396 rini,
419 2337 690 2396 Cesarinus,
716 2337 973 2385 Farnesius
996 2343 1042 2385 et
1067 2336 1240 2397 BOrgia
1269 2355 1277 2383 :
1308 2334 1469 2383 omnia
1495 2334 1747 2382 observata
1771 2341 1878 2383 sunt
1900 2335 1945 2382 in
1967 2336 2056 2384 hac
2078 2377 2083 2381 .

284 2421 434 2468 missa
454 2435 589 2468 more
613 2420 768 2468 solito.
1168 2466 1171 2469 Δ

352 2503 491 2551 Feria
520 2503 702 2566 quinta,
731 2507 788 2551 10
815 2503 927 2551 dicti
950 2503 1130 2551 mensis
1157 2503 1286 2563 maii,
1318 2501 1558 2550 celebrate
1583 2506 1694 2548 sunt
1719 2501 1921 2564 exequie
1947 2518 2062 2565 pre-

288 2586 402 2634 dicti
425 2585 667 2649 quondam
692 2586 818 2649 regis
843 2588 1138 2634 Francorum
1158 2586 1206 2632 in
1229 2585 1435 2634 ecclesia
1458 2583 1709 2647 hospitalis
1733 2599 1924 2643 eorum;
1951 2584 2062 2631 mis-

289 2685 391 2717 sam
420 2670 657 2733 majorem
685 2669 940 2718 celebravit
967 2669 1210 2733 predictus
1239 2672 1292 2717 D.
1324 2667 1576 2726 JeremiaS,
1608 2666 1862 2730 episcopus
1888 2666 2063 2714 Assisi-

289 2753 518 2812 natensis,
543 2754 619 2800 cui
641 2753 960 2801 interfuerunt
977 2754 1187 2816 quinque
1211 2751 1495 2810 cardinales,
1520 2750 1740 2798 videlicet
1759 2766 1798 2797 s.
1823 2749 2055 2813 Dionysii,

291 2835 566 2893 Perusinus,
592 2835 863 2894 Cesarinus,
890 2835 1102 2883 Medices
1129 2839 1176 2882 et
1203 2851 1242 2882 s.
1269 2833 1499 2882 Severini.
1526 2832 1838 2881 Sederunt'in
1859 2847 2057 2880 scamno

290 2916 532 2963 ordinario
550 2917 686 2980 juxta
706 2923 891 2980 partem
914 2917 1159 2967 dexteram
1181 2916 1340 2964 altaris
1362 2916 1579 2965 videlicet
1599 2915 1848 2978 evangelii,
1874 2931 1902 2963 a
1922 2916 2058 2980 cujus

292 2998 385 3047 line
407 2999 454 3046 in
481 3004 802 3047 transversum
823 3001 1030 3063 positum
1053 3000 1141 3047 fuit
1161 2999 1290 3047 aliud
1317 3013 1565 3046 scamnum
1586 2996 1768 3045 humile
1789 3013 1876 3060 pro
1898 3003 2059 3048 orato-

288 3083 436 3142 ribus,
462 3083 510 3129 in
534 3098 627 3145 quo
650 3083 873 3131 sederunt
896 3082 1243 3130 illustrissimus
1265 3084 1365 3130 DD.
1399 3080 1632 3130 Hem-icus
1660 3082 2055 3144 Brunswicensis,

290 3170 449 3214 orator
477 3166 603 3229 regis
631 3169 956 3214 Romanorum
985 3172 1031 3215 et
1058 3170 1275 3215 oratores
1303 3165 1396 3213 duo
1418 3164 1515 3223 alii,
1547 3181 1670 3212 unus
1698 3165 1825 3228 regis
1847 3168 2057 3214 Franco-

291 3266 413 3309 rum,
450 3250 570 3298 alius
604 3250 736 3298 ducis
769 3250 1004 3298 Sabaudie
1033 3250 1082 3298 in
1114 3250 1334 3314 opposito
1366 3248 1698 3307 cardinalium,
1722 3248 1942 3297 videlicet
1962 3263 2059 3297 non

288 3334 431 3396 longe
454 3333 512 3381 ab
534 3334 686 3382 altari.
714 3335 764 3381 ln
786 3338 920 3396 parte
947 3333 1138 3382 sinistra
1163 3333 1392 3382 sederunt
1412 3332 1580 3396 prelati
1601 3332 1649 3379 in
1672 3331 1822 3380 tribus
1850 3332 2057 3384 scamnis

289 3432 375 3480 pro
413 3417 482 3465 eis
520 3417 766 3478 ordinatiS,
807 3417 1125 3466 cardinalibus
1166 3417 1313 3466 facies
1349 3416 1642 3465 vertentibus
1680 3414 1808 3463 circa
1842 3414 2054 3462 medium
