2202 3926
122 359 208 402 [Mai
230 359 324 398 1493]
571 355 742 392 RERUM
776 353 1083 393 URBANARUM
1117 352 1471 390 COMMENTARII.
1877 357 1923 392 73

131 462 348 515 extensio
378 464 434 509 R.
459 461 509 508 in
531 459 722 508 Christo
744 462 796 507 P.
819 461 878 507 D.
904 458 1255 523 Christophoro
1274 457 1333 506 de
1358 459 1510 505 Latua
1531 456 1686 506 electo
1709 457 1920 506 Glanda—

130 549 255 599 tensi
278 552 352 597 est
369 546 650 596 commissa.

194 633 375 682 Eadem
404 631 498 690 die,
523 631 645 679 hora
668 646 732 678 xx
756 630 832 678 vel
864 630 1012 690 circa,
1036 645 1123 694 per
1152 633 1345 693 portam
1372 626 1599 678 Viridarii
1627 626 1925 677 intraverunt

130 723 335 783 quatuor
356 719 572 765 oratores
602 714 915 763 illustrissimi
945 714 1173 779 principis
1196 717 1253 762 D.
1288 712 1444 762 Caroli
1470 711 1704 761 Johannis
1725 711 1928 760 Amadei

131 801 265 850 ducis
294 799 553 857 Sabaudie,
578 798 799 847 videlicet
819 799 877 845 R.
901 798 950 845 in
972 798 1160 846 Christo
1180 801 1233 846 P.
1256 802 1314 846 D.
1342 797 1714 846 Bartholomeus
1744 797 1931 861 episco-

131 903 220 951 pus
257 883 510 942 Niciensis,
546 882 795 947 magnifici
827 885 930 931 DD.
965 883 1216 945 utriusque
1253 882 1377 946 juris
1416 881 1641 930 doctores
1681 881 1931 945 Philippus

135 973 398 1033 Vagnonus
419 967 558 1015 miles
584 966 819 1029 magister
839 966 1011 1014 domus
1033 965 1146 1013 dicti
1169 964 1324 1023 ducis,
1350 967 1522 1012 Petrus
1546 964 1605 1012 de
1627 966 1748 1012 Cara
1770 963 1931 1011 consi-

132 1054 296 1102 liarius
318 1056 367 1101 et
387 1050 677 1100 collateralis
699 1050 920 1114 ejusdem
950 1049 1086 1096 ducis
1108 1052 1412 1113 procurator,
1439 1052 1486 1097 et
1509 1050 1564 1096 R.
1591 1050 1644 1096 P.
1671 1051 1729 1096 D.
1753 1051 1776 1097 J
1782 1048 1932 1102 ohan-

132 1155 219 1187 nes
250 1137 417 1194 Orioli,
448 1135 758 1184 decretorum
787 1133 975 1193 doctor,
1009 1134 1138 1183 sedis
1166 1133 1432 1199 apostolice
1462 1131 1844 1196 protonotarius,
1879 1132 1928 1180 in

134 1237 333 1270 romana
359 1220 494 1269 curia
521 1218 742 1283 ejusdem
771 1218 905 1267 ducis
940 1222 1242 1282 procurator,
1272 1219 1353 1281 qui
1382 1234 1410 1266 a
1436 1217 1631 1281 prelatis
1661 1221 1709 1265 et
1738 1217 1934 1265 familiis

137 1310 223 1358 SS.
248 1310 306 1355 D.
339 1305 491 1353 nostri
523 1307 571 1353 et
604 1307 897 1352 RRmorum.
932 1302 1254 1351 cardinalium
1290 1317 1426 1351 more
1461 1302 1602 1350 solito
1634 1301 1835 1365 recepti,
1868 1301 1930 1350 ad

136 1391 500 1456 hospitiumque
538 1404 707 1437 eorum
746 1387 1080 1446 habitationis,
1118 1386 1249 1450 quod
1280 1391 1383 1435 erat
1422 1386 1471 1433 in
1512 1386 1712 1449 regione
1754 1385 1935 1449 Regule

133 1477 271 1540 juxta
301 1474 500 1522 domum
529 1473 773 1536 quondam
799 1475 858 1520 D.
884 1471 1014 1521 Petri
1043 1472 1103 1520 de
1131 1471 1353 1520 Perreria
1383 1469 1632 1534 scriptoris
1664 1469 1934 1533 apostolici,

140 1558 365 1607 associati
401 1558 628 1616 fuerunt;
663 1556 983 1620 equitavimus
1016 1560 1198 1615 autem,
1232 1556 1466 1619 magistro
1504 1554 1677 1603 domus
1711 1557 1838 1618 Pape
1871 1555 1938 1602 sic

141 1643 353 1703 volente,
373 1642 449 1691 via
471 1645 605 1691 recta
625 1640 686 1689 ad
704 1656 929 1704 campum
951 1640 1112 1701 Flore,
1139 1644 1186 1689 et
1207 1640 1390 1689 ibidem
1406 1640 1543 1705 juxta
1567 1639 1767 1688 domum
1789 1637 1941 1685 cardi-

142 1727 265 1775 nalis
289 1727 348 1776 de
377 1726 579 1775 Medicis
608 1725 669 1774 ad
699 1725 948 1774 dexteram
976 1724 1272 1774 divertentes
1293 1740 1380 1789 per
1406 1724 1615 1773 viculum
1643 1729 1692 1772 et
1711 1724 1761 1772 in
1782 1724 1939 1789 capite

145 1811 273 1860 illius
291 1812 430 1875 juxta
450 1811 650 1859 domum
671 1809 886 1858 Marcelli
912 1811 1040 1872 Capo
1062 1809 1110 1857 di
1138 1808 1285 1870 fert-0,
1310 1810 1487 1859 iterum
1509 1810 1571 1858 ad
1598 1809 1847 1859 dexteram
1867 1809 1943 1858 via

147 1896 277 1940 recta
297 1892 359 1940 ad
378 1893 578 1940 domum
599 1891 884 1955 predictam.

209 1976 496 2039 Equitarunt
518 1979 680 2022 autem
703 1974 959 2037 episcopus
982 1974 1238 2032 NiciensiS,
1263 1974 1447 2038 primus
1470 1979 1649 2035 orator,
1668 1977 1795 2026 inter
1815 1980 1936 2026 Are-

143 2061 383 2109 latensem
405 2063 453 2108 et
475 2058 796 2122 Saguntinum
819 2057 1214 2122 archiepiscopos
1242 2058 1456 2121 prelatos
1477 2059 1641 2123 palatii
1662 2077 1672 2120 3
1699 2062 1940 2109 secundus

144 2145 271 2197 inter
309 2143 732 2206 archiepiscopum
775 2141 1091 2189 Cusentinum
1131 2142 1371 2206 prelatum
1406 2143 1569 2206 palatii
1614 2160 1642 2192 a
1680 2145 1861 2194 dextris
1895 2152 1941 2196 et

145 2228 428 2292 episcopum
449 2226 851 2274 Lomhariensem
874 2231 1118 2275 oratorem
1142 2225 1270 2290 regis
1302 2226 1504 2275 Francie
1530 2242 1558 2274 a
1586 2227 1822 2288 sinistris;
1847 2234 1942 2278 ter-

143 2312 236 2360 tius
259 2311 387 2360 inter
413 2310 697 2375 episcopum
719 2310 1131 2359 Concordiensem
1156 2309 1403 2375 ¹prelatum
1430 2311 1596 2375 palatii
1618 2328 1647 2360 a
1667 2312 1867 2374 dextris,
1894 2320 1940 2364 et

143 2396 428 2460 episcopum
450 2394 837 2459 Forojuliensem
860 2398 1105 2443 oratorem
1127 2394 1350 2459 ejusdem
1370 2396 1501 2460 regis
1529 2397 1734 2445 Francie
1757 2413 1785 2446 a
1805 2398 1944 2447 sinis-

142 2480 263 2537 tris;
302 2483 520 2543 quartus,
557 2478 878 2533 videlicetD.
920 2478 1168 2527 Johannes
1206 2479 1379 2539 Orioli,
1413 2479 1527 2529 licet
1572 2480 1631 2528 de
1675 2497 1799 2530 novo
1841 2497 1939 2530 non

141 2564 361 2612 venisset
378 2562 465 2611 sed
484 2566 774 2625 procurator
793 2563 906 2611 dicti
929 2563 1064 2610 ducis
1086 2562 1136 2610 in
1157 2563 1284 2611 Urbe
1300 2564 1404 2628 jam
1422 2563 1640 2627 pluribus
1657 2565 1795 2613 annis
1819 2565 1939 2613 fuis-

143 2651 216 2695 set
234 2651 282 2696 et
303 2651 450 2704 esset,
475 2646 587 2710 quia
614 2646 807 2695 dicebat
838 2663 890 2695 se
922 2647 1069 2696 etiam
1100 2648 1149 2695 in
1171 2648 1401 2697 mandato
1422 2649 1726 2698 nominatum
1749 2666 1856 2699 esse
1879 2651 1940 2699 ad
1961 2648 1965 2652 ’

144 2730 455 2794 prestandam
485 2731 814 2779 obedientiam
856 2733 1004 2795 Pape,
1041 2732 1286 2794 equitavit,
1316 2735 1369 2780 ut
1401 2733 1569 2791 ceteri,
1601 2734 1789 2782 medius
1816 2734 1943 2783 inter

146 2813 428 2878 episcopum
462 2814 868 2877 Segorbicensem
895 2815 1135 2879 prelatum
1168 2816 1331 2879 palatii
1368 2821 1417 2864 et
1448 2817 1736 2881 magistrum
1764 2817 1937 2866 (lomus

145 2898 271 2960 Pape
294 2913 322 2945 a
345 2897 527 2946 dextris
557 2902 603 2945 et
634 2901 692 2946 D.
726 2899 997 2954 Johannem
1027 2898 1152 2947 della
1186 2900 1329 2948 Serra
1350 2899 1572 2959 militem,
1607 2900 1753 2949 etiam
1782 2905 1938 2949 orato-

144 2997 247 3031 rem
277 2982 407 3046 regis
441 2982 644 3031 Francie
674 2999 702 3031 a
728 2983 960 3043 sinistris;
989 2998 1110 3047 quos
1150 2983 1305 3032 secuti
1339 2987 1452 3032 sun't
1473 2983 1552 3032 alii
1580 2984 1751 3048 prelati
1774 2985 1937 3049 palatii

141 3069 189 3113 et
217 3069 434 3115 oratores
477 3066 580 3114 bini
617 3071 665 3116 et
703 3067 822 3127 bini,
856 3083 912 3115 ac
946 3068 1026 3116 alii
1064 3084 1201 3118 more
1238 3073 1494 3123 consueto.
1525 3071 1752 3118 Oratores
1773 3070 1938 3134 palatii

143 3154 375 3197 venerunt
413 3165 525 3198 cum
563 3151 896 3211 servitoribus,
935 3152 1031 3201 sive
1076 3153 1319 3216 equitibus
1356 3155 1527 3202 LXXX
1548 3154 1624 3202 vel
1654 3153 1801 3213 circa,
1832 3154 1935 3202 sine

147 3231 327 3279 salmis.

209 3315 435 3375 sabbato,
461 3321 521 3366 26
541 3320 674 3379 maii,
695 3321 857 3384 vigilia
877 3323 1210 3379 Pentecostes,
1234 3321 1435 3369 mutatio
1459 3336 1741 3385 capparum,
1769 3321 1853 3368 SS.
1875 3321 1934 3366 D.

143 3402 199 3448 N.
230 3404 426 3464 paratus
461 3417 596 3451 more
630 3405 771 3452 solito
798 3405 926 3453 venit
956 3405 1018 3453 ad
1045 3421 1287 3469 vesperas,
1323 3421 1418 3469 que
1450 3406 1499 3453 in
1528 3406 1716 3470 capella
1747 3405 1933 3467 majore

142 3483 269 3533 dicte
309 3488 436 3544 sunt,
465 3489 514 3532 et
548 3485 597 3532 in
626 3501 770 3535 mane
803 3488 1025 3549 sequenti
1060 3489 1188 3536 venit
1224 3489 1285 3537 ad
1321 3489 1573 3538 basilicam
1616 3488 1769 3536 sancti
1806 3484 1934 3532 Petri
