2222 3926
344 363 413 398 324
954 362 1185 399 JOHANle
1219 362 1509 406 BURCHARDI,
1897 365 2003 405 [Aout
2028 367 2120 405 1496]

340 464 477 527 juxta
511 463 750 511 indultum
783 464 962 512 tenoris
999 466 1281 528 infrascripti
1317 466 1530 512 inserere
1570 480 1666 511 non
1700 469 1925 512 tenemur
1958 466 2117 514 absol-

344 547 570 606 vendum,
606 551 653 595 et
688 547 863 594 dictam
897 531 1242 593 inhabilitatem
1282 546 1586 604 abolendam,
1618 546 1895 594 discretioni
1938 553 2112 606 vestre,

346 627 666 679 aucthoritate
701 630 962 692 apostolica
991 645 1086 691 qua
1111 628 1353 691 fungimur
1385 629 1432 676 in
1463 629 1553 677 hac
1581 634 1733 692 parte,
1757 645 1842 693 per
1870 634 2120 692 presentes

345 714 646 771 mandamuS,
666 716 899 774 quatenus
921 726 1009 758 nos
1031 711 1156 759 inter
1176 711 1271 759 duo
1290 716 1404 771 etc.,
1424 727 1510 775 per
1530 727 1618 760 nos
1639 712 1714 760 vel
1734 712 1881 760 alium
1897 717 2011 773 etc.,
2033 728 2121 761 nos

347 796 475 843 enim
498 797 752 859 contigerit
778 796 1010 844 assentari
1034 800 1127 844 etc.

411 881 568 927 Tenor
600 879 771 928 indulti
800 880 1001 943 predicti
1036 881 1252 943 sequitur
1284 885 1332 928 et
1365 885 1437 928 est
1468 880 1591 939 talis,
1624 879 1838 927 videlicet
1867 896 1876 927 :
1911 880 2120 928 Alexan-

344 964 428 1011 der
455 969 569 1022 etc.,
597 967 771 1011 Datum
800 967 914 1022 etc.,
943 963 1267 1011 Bernardinus
1290 967 1403 1022 etc,
1432 964 1673 1011 Universis
1700 962 1869 1011 Christi
1898 963 2118 1011 fidelibus

343 1052 593 1110 presentes
608 1047 771 1094 literas
793 1046 1080 1109 inspecturis
1103 1047 1304 1094 salutem
1328 1046 1374 1093 in
1396 1047 1600 1094 Domino
1618 1046 1978 1109 sempiternam.
2002 1047 2120 1093 Cum

344 1129 404 1176 ad
425 1129 746 1192 premerenda
772 1134 886 1189 etc.,
910 1130 1249 1193 conspexerint
1278 1147 1328 1178 se
1358 1130 1563 1178 refectos
1587 1131 1746 1194 vigore
1774 1130 2012 1179 facultatis
2039 1146 2122 1179 no-

343 1211 414 1258 bis
449 1211 656 1275 desuper
686 1227 917 1260 concesse
952 1217 998 1260 et
1028 1213 1292 1276 apostolica
1324 1213 1644 1262 aucthoritate
1679 1230 1772 1277 qua
1801 1210 2044 1276 fungimur
2071 1214 2119 1261 in

341 1296 433 1342 hac
452 1301 605 1359 parte,
625 1295 846 1343 omnibus
866 1300 912 1344 et
932 1297 1131 1359 singulis
1152 1301 1265 1356 etc.‚
1286 1298 1428 1360 quiin
1449 1297 1820 1345 annunciatione
1840 1301 1887 1344 et
1905 1312 2121 1360 assump-

344 1379 472 1427 tione
495 1379 712 1443 ejusdem
734 1379 872 1427 beate
894 1380 1178 1438 Marie.etc.‚
1200 1396 1231 1427 a
1251 1380 1418 1442 primis
1446 1380 1655 1444 vesperis
1686 1395 1838 1443 usque
1862 1379 1922 1426 ad
1944 1395 2119 1427 secun-

343 1462 425 1509 das
458 1477 682 1525 vesperas
725 1462 1034 1510 festivitatum
1077 1463 1358 1511 earumdem
1396 1462 1604 1526 quinque
1643 1477 1793 1510 annos
1833 1467 1880 1508 et
1917 1460 2117 1508 totidem

341 1545 673 1608 quadragenas
713 1550 828 1604 etc.,
865 1545 1198 1605 existentibUS,
1230 1545 1473 1609 perpetuis
1509 1545 1678 1592 futuris
1714 1544 2028 1608 temporibus.
2065 1547 2118 1592 In

342 1643 548 1690 quorum
567 1632 659 1676 etc.
686 1632 859 1676 Datum
882 1634 974 1676 etc.

405 1711 692 1770 Alexander,
719 1712 974 1775 episcopus
1000 1728 1162 1760 servus
1186 1727 1432 1759 servorum
1455 1711 1560 1769 Dei,
1585 1711 1760 1758 dilecto
1782 1709 1881 1757 filio
1911 1712 2116 1758 Bernar-

342 1793 454 1842 dino
481 1794 602 1842 tituli
626 1811 662 1842 s.
690 1796 854 1843 Crucis
880 1796 927 1842 in
951 1795 1250 1844 Hierusalem
1278 1795 1557 1859 presbytero
1587 1793 1814 1841 cardinali
1843 1792 1902 1840 ad
1924 1793 2118 1840 carissi-

341 1894 473 1925 mum
493 1878 541 1924 in
561 1877 748 1926 Christo
777 1878 927 1926 filium
955 1883 1173 1927 nostrum
1195 1878 1573 1926 Maximilianum
1602 1881 1929 1925 Romanorum
1950 1891 2116 1941 regem

342 1961 400 2008 ad
432 1965 592 2024 partes
627 1962 761 2009 Italie
796 1962 1065 2010 venientem
1093 1978 1148 2010 ac
1187 1963 1458 2021 Germanie,
1491 1966 1539 2009 et
1575 1976 1929 2024 quamcumque
1963 1959 2114 2023 ipsius

342 2044 473 2092 ltalie
505 2049 691 2108 partem
720 2050 766 2093 et
797 2050 929 2093 extra
961 2046 1115 2109 ipsam
1154 2045 1354 2105 Italiam,
1381 2045 1442 2092 ad
1475 2061 1567 2107 que
1598 2049 1645 2093 te
1674 2044 1836 2092 forsan
1869 2042 2112 2091 declinare

342 2127 597 2191 contigerit
625 2129 748 2188 loca,
778 2129 982 2177 salutem
1016 2132 1062 2177 et
1095 2129 1406 2192 apostolicam
1438 2127 1844 2176 benedictionem.
1879 2129 1996 2175 Cum
2025 2141 2114 2173 nos

341 2211 486 2258 hodie
512 2215 557 2259 te
586 2212 646 2259 ad
673 2212 975 2260 carissimum
1002 2213 1050 2260 in
1082 2212 1270 2260 Christo
1302 2212 1453 2259 filium
1483 2217 1701 2259 nostrum
1734 2209 2113 2256 Maximilianum

342 2296 668 2341 Romanorum
704 2311 867 2358 regem
902 2296 1293 2353 illustrissimum,
1321 2296 1381 2343 ad
1410 2300 1570 2358 partes
1599 2294 1732 2342 Italie
1765 2292 2037 2340 venientem
2067 2295 2115 2339 et

342 2377 668 2437 Germaniam,
694 2383 741 2426 et
771 2395 1073 2442 quecumque
1102 2379 1252 2442 ipsius
1282 2378 1415 2426 Italie
1448 2394 1503 2425 ac
1534 2378 1626 2425 alia
1658 2383 1773 2435 etc.,
1796 2379 1929 2423 extra
1956 2375 2111 2438 ipsam
2167 2386 2177 2393 ”

341 2458 521 2507 ltaliam
555 2460 615 2508 ad
635 2477 727 2524 que
748 2465 791 2509 te
815 2462 1055 2510 declinare
1077 2461 1332 2525 contigerit
1356 2461 1463 2509 loca
1490 2477 1576 2524 pro
1600 2459 1841 2508 nonnullis
1861 2458 2035 2506 nostris
2057 2473 2112 2505 ac

341 2545 502 2589 sancte
525 2544 739 2591 Romane
762 2545 965 2592 ecclesie
989 2545 1148 2592 arduis
1170 2545 1604 2609 negotiislegatum
1627 2547 1845 2592 nostrum
1865 2543 1924 2591 de
1938 2542 2104 2601 latere,

345 2630 570 2689 tanquam
603 2629 734 2692 pacis
763 2629 1007 2693 angelum,
1036 2630 1095 2678 ad
1123 2630 1208 2678 Dei
1230 2629 1422 2677 laudem
1450 2634 1495 2677 et
1515 2629 1771 2687 honorem,
1795 2627 1855 2675 de
1877 2626 2111 2674 fratruum

342 2714 617 2759 nostrorum
639 2713 840 2761 consilio
863 2714 1140 2761 duxerimus
1162 2713 1516 2770 destinandum,
1542 2728 1596 2760 ac
1620 2711 1705 2759 tibi
1727 2710 1938 2758 diversas
1959 2707 2112 2756 facul-

344 2796 462 2840 tates
484 2797 835 2857 concessimus;
862 2801 957 2847 Nos
977 2799 1191 2846 volentes
1213 2800 1371 2861 partes
1396 2795 1456 2843 ad
1480 2801 1525 2843 te
1546 2794 1845 2843 confluentes
1865 2791 2110 2840 laboribus

343 2879 390 2922 et
408 2878 629 2939 expensis
653 2884 697 2927 te
717 2881 944 2939 relevare,
963 2881 1046 2928 tibi
1067 2885 1116 2929 ut
1138 2881 1187 2928 in
1207 2879 1373 2936 literis,
1392 2895 1509 2941 quas
1533 2893 1676 2941 super
1692 2874 1938 2939 premissis
1959 2888 2046 2937 per
2066 2875 2112 2920 te

344 2960 543 3008 concedi
567 2965 612 3009 et
644 2964 855 3026 expediri
880 2964 1150 3027 contigerit,
1176 2963 1452 3010 facultatem
1479 2958 1758 3024 hujusmodi
1778 2956 1924 3005 inseri
1952 2955 2110 3003 facere

342 3057 437 3089 non
459 3045 683 3104 tenearis,
709 3047 833 3109 quod
858 3051 940 3094 tua
968 3045 1167 3094 assertio
1194 3045 1243 3092 in
1270 3044 1493 3092 omnibus
1522 3047 1567 3092 et
1594 3059 1682 3106 per
1711 3040 1873 3089 omnia
1902 3038 2111 3087 sufficiat

342 3125 539 3187 perinde
570 3136 625 3176 ac
657 3129 694 3175 si
727 3129 806 3177 ille
835 3129 974 3177 litere
1004 3128 1283 3177 facultatum
1318 3128 1659 3192 predictarum,
1683 3125 1732 3172 in
1763 3124 1914 3172 literis
1944 3138 2032 3187 per
2062 3125 2109 3170 te

343 3209 651 3269 expediendis
674 3214 721 3259 et
751 3211 1071 3259 concedendis
1101 3210 1326 3274 predictis
1353 3211 1411 3258 de
1438 3209 1584 3259 verbo
1616 3209 1676 3257 ad
1705 3205 1900 3254 verbum
1929 3206 2109 3254 inserte

342 3289 534 3350 fuerint,
560 3294 876 3345 aucthoritate
898 3296 1177 3361 apostolica,
1201 3302 1366 3345 tenore
1380 3294 1677 3360 presentium
1693 3295 1751 3342 de
1769 3290 1965 3358 speciali
1980 3289 2107 3336 dono

340 3373 490 3434 gratie
518 3374 839 3440 indulgemus,
867 3395 965 3427 non
995 3379 1294 3427 obstantibus
1328 3378 1576 3442 premissis
1605 3382 1652 3427 et
1685 3372 2107 3426 constitutionibus

343 3460 390 3502 et
409 3456 796 3519 ,ordinationibus
825 3462 1098 3527 apostolicis
1127 3462 1395 3525 ceterisque
1415 3461 1667 3510 contrariis
1689 3461 2071 3525 quibuscumque
2094 3471 2104 3504 :
