2216 3886
348 304 417 340 434
958 305 1191 343 ioHANNJs
1225 306 1520 352 BURCHARm,
1897 308 2000 349 [Mars
2018 311 2109 352 1498]

349 404 461 451 fecit
499 420 773 454 sermonem
810 423 820 454 :
858 407 1101 455 osculatus
1139 411 1210 456 est
1244 408 1416 470 pedem
1453 422 1576 470 pape
1613 408 1723 470 quia
1761 410 1976 458 nondum
2012 415 2114 459 erat

350 487 604 552 episcopus
626 495 953 538 consecratus.
979 491 1083 538 Alia
1110 493 1220 537 sunt
1247 490 1494 537 observata
1516 505 1651 538 more
1679 491 1837 539 solito.
1863 495 2027 540 Rmus.
2055 496 2108 541 D.

349 572 599 619 cardinalis
636 574 919 621 Valentinus
963 590 1060 621 non
1103 572 1320 620 interfuit
1351 571 1463 619 huic
1496 573 1643 621 misse
1678 578 1725 622 et
1758 574 1937 623 officio.
1970 575 2116 623 Missa

348 654 498 713 linita,
538 657 620 702 SS.
660 657 715 701 D.
753 659 932 714 noster,
970 671 1046 704 me
1082 654 1400 718 supplicante,
1432 656 1671 704 concessit
1704 656 1840 705 nobis
1876 657 2115 720 magistris

348 737 732 784 ceremoniarum
755 743 802 786 et
823 739 1096 787 cantoribus
1116 738 1336 787 omnibus
1358 735 1628 801 ceterisque
1650 738 1707 787 de
1729 740 1912 803 gremio
1934 741 2116 804 capelle

346 819 609 867 sanctitatis
645 836 727 868 sue
756 821 1068 870 existentibus
1098 821 1226 885 quod
1256 821 1455 884 quilibet
1484 824 1700 869 nostrum
1730 823 1882 886 possit
1913 823 2001 870 sibi
2029 823 2116 871 eli-

347 919 460 966 gere
483 904 811 951 cont‘essorem
834 905 913 967 qui
939 921 1047 953 eum
1071 906 1130 953 ab
1156 905 1378 953 omnibus
1400 903 1610 967 peccatis
1632 904 1777 952 etiam
1799 905 1899 954 sedi
1921 910 2118 969 aposto-

345 986 435 1034 lice
454 984 704 1034 reservatis
722 985 934 1047 plenarie
956 989 1168 1037 absolvat
1190 992 1238 1036 et
1258 987 1523 1051 plenariam
1542 987 1877 1036 remissionem
1896 992 1942 1037 et
1960 988 2117 1037 indul-

347 1069 558 1132 gentiam
590 1076 902 1135 peccatorum
933 1072 1178 1136 indulgeat
1204 1077 1251 1122 et
1278 1072 1594 1135 impartiatur,
1626 1076 1673 1119 et
1701 1071 1935 1119 visitando
1968 1071 2116 1120 altare

345 1153 500 1216 majus
533 1153 728 1201 basilice
761 1169 798 1200 s.
831 1153 959 1201 Petri
991 1155 1188 1219 singulis
1219 1156 1387 1204 diebus
1416 1171 1770 1219 consequamur
1798 1155 2116 1218 indulgentias

345 1235 604 1284 stationum
633 1236 789 1284 Urbis.
829 1236 1029 1297 Deinde,
1062 1254 1171 1286 cum
1204 1243 1360 1287 vestes
1391 1255 1551 1287 sacras
1580 1239 1629 1286 in
1663 1253 1856 1286 camera
1883 1238 2103 1302 papagall

346 1318 628 1382 deponeret,
648 1321 704 1366 D.
723 1321 746 1366 J
752 1318 947 1379 ohanni,
971 1321 1199 1385 episcopo
1218 1322 1492 1380 Mutinensi,
1512 1322 1712 1380 datario,
1729 1321 1968 1369 mandavit
1989 1322 2117 1384 quod

345 1400 543 1450 deberet
569 1418 647 1450 me
674 1402 723 1449 in
743 1401 873 1449 bulla
894 1404 1303 1468 prerogativorum
1325 1421 1433 1453 cum
1455 1405 1660 1468 antiquis
1683 1404 1995 1452 familiaribus
2017 1405 2115 1452 suis

347 1483 640 1548 [inscribere]
676 1489 722 1532 et
755 1490 957 1548 poneret
989 1503 1067 1536 me
1104 1489 1239 1551 juxta
1281 1489 1630 1537 Bernardinum
1673 1488 1895 1548 Gutterii,
1931 1487 2116 1535 socium

344 1582 524 1616 meum.

411 1651 679 1710 Dominica,
703 1652 857 1715 prima
878 1653 1262 1716 quadragesime,
1285 1669 1378 1716 que
1405 1653 1491 1700 fuit
1519 1657 1547 1699 4
1572 1652 1752 1701 mensis
1780 1652 1954 1710 martii,
1980 1656 2034 1699 R.
2061 1654 2112 1699 P.

344 1735 401 1780 D.
427 1733 820 1798 archiepiscopus
843 1735 1072 1798 Reginus,
1098 1735 1222 1782 alme
1244 1734 1382 1782 Urbis
1405 1719 1713 1796 gubernator,
1735 1733 1988 1782 celebravit
2009 1733 2119 1780 mis-

344 1832 444 1863 sam
462 1817 703 1880 publicam
731 1817 780 1864 in
806 1818 991 1880 capella
1010 1818 1242 1880 predicta,
1267 1819 1395 1880 Papa
1420 1821 1645 1879 presente
1671 1833 1680 1864 :
1707 1831 1982 1864 sermonem
2004 1815 2118 1864 fecit

343 1899 537 1962 quidam
572 1900 720 1948 frater
753 1900 933 1947 ordinis
963 1901 1317 1964 predicatorum
1353 1917 1439 1964 pro
1477 1904 1805 1967 procuratore,
1838 1900 2034 1948 brevem
2070 1904 2119 1948 et

340 1983 537 2043 bonum,
563 1984 622 2031 ab
644 1984 868 2032 omnibus
894 1984 1156 2034 laudatum.

409 2067 548 2115 Feria
585 2071 768 2130 quarta,
807 2073 830 2115 7
864 2069 1049 2127 martiS,
1086 2069 1209 2117 festo
1244 2085 1282 2116 s.
1317 2068 1500 2116 Thome
1535 2066 1592 2114 de
1625 2065 1838 2127 AquinO,
1874 2067 1927 2111 R.
1966 2066 2017 2111 P.
2055 2066 2112 2111 D.

344 2151 505 2209 Josue,
532 2150 786 2214 episcopus
807 2136 1072 2199 Asculanus
1103 2151 1358 2200 celebravit
1379 2150 1575 2198 missam
1604 2148 1870 2196 solemnem
1898 2147 1946 2194 in
1966 2146 2116 2194 choro

345 2234 549 2282 ecclesie
579 2240 841 2284 conventus
868 2236 1223 2299 predicatorum
1255 2250 1397 2298 supra
1422 2233 1681 2281 Minervam
1702 2247 1711 2289 3
1734 2229 1848 2278 dixit
1881 2230 2039 2278 Gloria
2067 2230 2116 2276 in

345 2317 551 2375 eaecels‘is,
584 2333 728 2365 unam
759 2319 1026 2367 orationem
1057 2323 1261 2378 tantum,
1296 2317 1445 2365 Credo
1479 2321 1525 2365 et
1554 2315 1872 2379 prefationem
1900 2329 2117 2361 commu-

344 2415 455 2447 nem
482 2415 491 2447 :
517 2399 629 2448 fecit
651 2415 924 2449 sermonem
945 2403 1157 2465 Raphael
1180 2401 1496 2450 Brandolinus
1517 2402 1686 2456 Cecus,
1711 2397 1988 2446 immediate
2008 2401 2118 2461 post

345 2483 663 2546 evangelium,
686 2488 795 2532 ante
820 2484 986 2543 Credo,
1012 2502 1147 2534 more
1170 2486 1327 2534 solito.

409 2566 563 2613 Finita
597 2566 767 2623 missa,
805 2568 1056 2616 celebrans
1093 2586 1190 2617 non
1229 2567 1483 2633 publicavit
1521 2565 1842 2629 indulgentias
1878 2580 1988 2613 cum
2024 2564 2117 2612 sint

345 2648 558 2710 plenarie
580 2664 667 2712 per
687 2649 866 2697 bullam
888 2651 1200 2713 apostolicam
1223 2651 1269 2698 in
1294 2649 1437 2698 valvis
1459 2650 1663 2698 ecclesie
1685 2649 1941 2713 publicate.
1966 2651 2117 2696 Inter-

346 2731 538 2777 t'uerunt
575 2732 740 2778 RRmi.
779 2736 881 2780 DD.
915 2734 1181 2782 cardinales
1211 2733 1570 2796 Neapolitanus,
1608 2731 2007 2789 Rechanatensis,
2038 2734 2117 2778 Ja-

345 2813 565 2872 nuensis,
603 2816 992 2876 Beneventanus,
1031 2834 1068 2864 s.
1109 2815 1359 2873 Praxedis,
1398 2831 1436 2862 S.
1476 2814 1713 2877 Dionysii,
1746 2812 2112 2871 Alexandrinus,

347 2897 631 2956 Perusinus,
670 2900 921 2959 Senensis,
960 2916 998 2947 s.
1044 2899 1259 2962 Georgii,
1298 2898 1536 2955 Sabellus,
1573 2897 1828 2955 Columna,
1863 2895 2113 2954 Ascanius,

346 2981 582 3039 Medices,
621 2982 899 3041 Cesarinus,
933 2982 1212 3039 Grimanus,
1246 2981 1500 3028 Farnesius
1537 2983 1584 3027 et
1623 2978 1818 3042 Borgia,
1854 2978 1934 3041 qui
1970 2978 2119 3026 missa

347 3065 497 3124 finita,
528 3064 714 3111 iverunt
742 3064 802 3113 ad
831 3065 1063 3128 capellam
1096 3063 1351 3114 cardinalis
1381 3061 1695 3125 Neapolitani.
1723 3063 1928 3109 Scamna
1957 3061 2120 3110 omnia

345 3153 511 3211 parata
538 3151 731 3198 suerunt
758 3148 807 3196 in
836 3149 985 3197 choro
1006 3148 1222 3212 predicto
1246 3153 1342 3196 tam
1372 3163 1457 3210 pro
1487 3145 1822 3202 cardinalibus,
1847 3143 1959 3192 hinc
1983 3143 2113 3202 inde,

347 3247 489 3293 quam
528 3249 613 3297 pro
654 3233 849 3298 prelatis
884 3237 1010 3281 retro
1051 3232 1296 3292 diaconos,
1330 3235 1376 3279 et
1413 3246 1498 3295 pro
1535 3229 1804 3277 oratoribus
1843 3227 1976 3275 laicis
2010 3231 2117 3290 post

345 3316 651 3380 presbyteros
678 3316 961 3375 cardinales,
987 3322 1130 3380 prout
1151 3317 1197 3363 in
1228 3317 1351 3364 festo
1373 3310 1758 3362 annunciationis
1779 3310 1919 3359 beate
1945 3307 2113 3366 Marie,

348 3400 476 3462 Papa
495 3404 736 3463 presente,
762 3400 865 3449 lieri
885 3400 1149 3449 consucvit.
