2202 3926
281 366 327 400 38
870 364 1103 401 JOHANNIS
1136 363 1431 411 BURCHARDI,
1792 367 2059 410 [Fevrier1493]

282 466 406 515 ticiis
426 467 554 517 circa
575 467 855 516 defunctum
880 467 929 515 in
951 468 1061 516 aula
1086 468 1274 533 positis,
1310 469 1423 532 quia
1449 485 1562 518 cera
1589 468 1808 518 ordinata
1840 470 2058 519 nundum

280 555 474 600 venerat
498 569 508 600 ε
534 552 615 616 qui
636 552 791 616 primo
809 556 1044 600 venerunt
1055 553 1191 616 jussu
1213 553 1324 601 dicti
1344 553 1440 601 mei
1461 553 1575 601 socii
1595 553 1740 601 etiam
1756 557 1864 602 ante
1886 554 2060 603 adven-

284 638 383 683 tum
404 635 719 684 cardinalium
742 638 1055 684 executorum
1084 639 1132 683 et
1158 636 1361 683 aliorum
1384 637 1607 685 dixerunt
1628 636 1838 700 primum
1860 641 2059 687 noctur-

282 717 398 766 num
412 734 498 782 pro
515 718 753 766 defunctis
771 734 780 765 :
802 732 897 780 quo
917 717 1044 764 dicto
1062 719 1144 780 (1),
1159 723 1393 767 venerunt
1407 719 1750 782 Neapolitanus
1766 723 1813 767 et
1831 720 2060 768 Senensis

281 802 546 850 cardinales
585 804 887 860 executores,
922 800 1095 849 deinde
1139 818 1178 849 s.
1214 802 1475 851 Clementis
1515 816 1626 850 cum
1662 803 1976 852 Ulixbonensi
2014 807 2062 853 et

282 885 654 944 Rechanatensi,
678 888 787 948 post
814 899 898 933 eos
923 901 962 932 s,
995 886 1246 933 Anastasie
1274 885 1450 934 Montis
1478 885 1669 949 Regalis
1691 889 1739 934 et
1761 886 2063 935 vicecancel-

280 970 450 1029 larius3
475 970 592 1018 item
623 969 915 1029 Parmensis,
939 969 997 1017 de
1022 969 1223 1018 Sabellis
1243 973 1290 1017 et
1311 969 1369 1017 de
1393 985 1433 1017 S.
1458 970 1688 1018 Severino
1711 970 1977 1018 cardinales
2000 970 2060 1035 (2)

284 1069 342 1102 ex
360 1053 526 1101 infima
547 1068 738 1101 camera
762 1053 896 1117 juxta
917 1053 1076 1102 aulam
1098 1054 1147 1100 in
1169 1070 1264 1117 qua
1286 1053 1500 1117 prefatus
1526 1053 1782 1102 cardinalis
1800 1054 2062 1103 Aleriensis

284 1137 505 1200 spiritum
532 1137 776 1196 emiserat,
810 1136 970 1201 ipsum
1006 1136 1385 1185 considerantes.
1418 1138 1669 1187 Venerunt
1697 1137 1844 1186 etiam
1871 1153 2063 1186 succes-

284 1220 380 1268 sive
405 1219 660 1267 comitatus
693 1219 896 1282 predicti
935 1219 1146 1268 Minerve
1177 1220 1257 1283 qui
1288 1219 1511 1268 dixerunt
1542 1220 1734 1269 tertiam
1766 1225 1813 1270 et
1841 1237 1880 1269 s,
1912 1220 2062 1269 Marie

282 1303 614 1366 transpontine
647 1303 727 1366 qui
756 1303 978 1353 dixerunt
1011 1310 1107 1352 tres
1143 1303 1354 1367 psalmos
1384 1307 1589 1365 tantum,
1633 1308 1795 1353 tamen
1825 1320 1934 1352 cum
1960 1319 2065 1353 ora-

284 1387 414 1435 tione
453 1385 610 1444 solita,
646 1386 837 1434 omissis
865 1386 1051 1435 duobus
1086 1387 1285 1451 psalmis
1318 1387 1497 1436 ultimis
1527 1392 1575 1437 et
1597 1388 1884 1436 Benedictus
1914 1404 2062 1452 quare

284 1471 341 1519 de
367 1485 464 1518 uno
491 1472 730 1518 nocturno
759 1470 821 1518 ad
856 1470 985 1519 aliud
1017 1471 1176 1534 aliqua
1210 1471 1371 1520 media
1401 1472 1523 1519 hora
1558 1471 1837 1520 intermissa
1865 1478 2065 1536 propter

283 1555 474 1603 tardum
513 1555 770 1604 adventum
809 1554 1149 1603 comitatorum
1183 1558 1229 1603 et
1264 1555 1381 1602 socii
1415 1554 1510 1603 mei
1541 1554 1939 1603 inadvertentiam
1965 1570 2063 1604 non

284 1639 508 1700 ordinati,
543 1638 672 1703 quod
709 1637 852 1702 primi
888 1638 1060 1686 fratres
1091 1637 1171 1701 qui
1203 1642 1438 1687 venerunt
1471 1642 1626 1686 totum
1655 1638 1871 1687 officium
1907 1639 2064 1687 conti-

283 1728 504 1772 nuarent.
527 1726 721 1786 Incepto
744 1721 886 1770 tertio
905 1725 1163 1781 nocturnO,
1187 1721 1406 1770 misimus
1427 1737 1514 1786 pro
1537 1722 1746 1786 capitulo
1767 1739 1805 1770 s,
1832 1721 1960 1770 Petri
1979 1710 2061 1786 qui

282 1809 516 1855 venerunt
555 1807 669 1855 dum
709 1805 879 1854 tertius
927 1805 1142 1869 psalmus
1187 1805 1341 1853 laudis
1390 1804 1648 1864 diceretur,
1699 1808 1958 1869 propterea
1998 1804 2063 1852 ibi

284 1888 500 1937 officium
527 1888 857 1937 terminatum.
894 1890 1210 1951 Deportatum
1242 1888 1331 1936 fuit
1366 1888 1509 1936 funus
1546 1904 1604 1936 ex
1639 1889 1747 1936 aula
1781 1904 1870 1952 per
1894 1888 2063 1936 fratres

284 1989 323 2021 s.
365 1973 515 2021 Marie
540 1972 877 2036 transpontine
905 1988 1057 2036 usque
1085 1972 1146 2021 ad
1173 1972 1356 2021 curiam
1387 1971 1600 2020 defuncti
1628 1972 1710 2020 ubi
1740 1975 1938 2036 paratus
1964 1975 2066 2019 erat

228 2101 230 2103 ,
283 2057 544 2107 catalectus
576 2063 623 2107 et
653 2058 764 2106 inde
793 2058 940 2107 etiam
968 2072 1120 2120 usque
1152 2056 1213 2104 ad
1241 2055 1492 2103 basilicam
1525 2071 1563 2102 S.
1593 2055 1721 2102 Petri
1747 2069 1836 2118 per
1862 2053 2066 2103 eosdem

284 2140 394 2203 quia
421 2139 696 2188 beneficiati
732 2139 948 2203 predicte
985 2138 1183 2186 basilice
1221 2137 1300 2200 qui
1336 2137 1548 2200 primum
1587 2140 1782 2199 portare
1823 2136 2065 2186 debebant

282 2225 330 2272 id
362 2224 520 2272 facere
556 2227 844 2272 recusarunt
875 2223 968 2271 nisi
1009 2221 1193 2270 eisdem
1229 2220 1399 2268 decem
1449 2219 1609 2268 ducati
1648 2219 2059 2283 persolverentur.

283 2310 478 2356 Portata
501 2307 694 2355 fuerunt
721 2311 831 2356 ante
865 2306 1145 2355 defunctum
1176 2307 1383 2367 quatuor
1413 2303 1660 2352 intorticia
1686 2302 1800 2366 quia
1825 2302 1916 2350 illis
1945 2318 2065 2366 qua-

284 2396 394 2440 tuor
417 2391 466 2439 in
486 2391 596 2439 aula
628 2391 799 2455 positis
828 2390 956 2439 circa
988 2389 1182 2439 tertium
1203 2391 1495 2436 nocturnum
1517 2387 1681 2435 addita
1710 2386 1907 2436 suerunt
1929 2391 2059 2445 octo,

283 2475 457 2523 deinde
479 2475 635 2523 adhuc
657 2474 854 2538 triginta
868 2474 962 2522 duo
985 2489 1078 2537 que
1098 2472 1262 2521 omnia
1281 2475 1534 2535 portarunt
1551 2470 1812 2519 familiares
1829 2470 2062 2520 defuncti.

283 2559 450 2607 Nullus
490 2557 744 2607 cardinalis
779 2557 910 2607 venit
956 2557 1018 2606 ad
1049 2557 1226 2604 dictam
1259 2555 1526 2614 basilicam,
1555 2554 1643 2603 sed
1668 2554 1837 2618 prelati
1877 2558 2065 2602 tantum

284 2641 479 2705 palatini
501 2641 654 2689 secuti
682 2644 791 2689 sunt
815 2640 979 2700 funus,
1003 2640 1160 2704 primo
1190 2638 1364 2703 prelati
1392 2637 1554 2702 palatii
1582 2636 1664 2700 qui
1693 2636 1796 2685 sine
1816 2635 2065 2684 vocatione

284 2729 532 2783 venerant,
569 2740 689 2787 quos
729 2724 881 2772 secuti
919 2727 1029 2772 sunt
1064 2722 1236 2786 prelati
1274 2727 1490 2771 oratores
1528 2725 1631 2769 tum
1671 2720 1750 2768 alii
1787 2719 1836 2767 in
1868 2719 2066 2768 basilica

283 2806 499 2870 predicta
537 2811 770 2866 oratores,
813 2807 1002 2871 prelati,
1053 2808 1281 2871 episcopo
1327 2804 1662 2853 LombarIensi
1704 2806 1893 2852 oratore
1936 2804 2063 2867 regis

285 2893 581 2938 Francorum
603 2890 829 2953 loquente
860 2895 907 2939 et
929 2889 1332 2954 Carthaginiensi,
1368 2889 1588 2947 Pacensi,
1608 2884 1910 2935 'Astoricensi
1932 2886 2062 2949 epis-

286 2963 419 3036 copis
435 2973 563 3036 regis
580 2973 921 3036 Hispaniarum
937 2974 1207 3022 oratoribus
1227 2972 1316 3020 sibi
1334 2971 1668 3020 assistentibus
1683 2986 1693 3028 ;
1709 2968 1830 3016 mihi
1842 2968 2064 3016 dixerunt

286 3056 495 3120 prelatos
517 3056 753 3119 palatinos
777 3056 989 3105 indebite
1010 3057 1139 3120 ipsos
1160 3055 1473 3119 precessisse,
1499 3053 1602 3112 sed,
1627 3052 1766 3100 sicuti
1787 3051 1836 3099 in
1854 3051 2063 3101 adventu

290 3143 535 3187 oratorum
555 3137 625 3196 fit,
651 3153 761 3185 cum
783 3137 853 3185 eis
873 3137 943 3186 ire
966 3138 1190 3187 debuisse
1208 3144 1464 3202 propterea
1478 3136 1607 3200 quod
1617 3135 1920 3199 providerem
1933 3151 1994 3184 ne
2015 3136 2063 3183 in

290 3222 366 3271 die
388 3222 701 3284 exequiarum
721 3221 850 3269 idem
872 3221 1129 3270 accideret.
1153 3221 1395 3285 Respondi
1413 3220 1621 3284 prelatos
1645 3219 1881 3283 palatinos
1903 3223 2064 3282 preter

289 3304 690 3355 consuetudinem
710 3304 917 3364 venisse,
940 3304 1025 3353 sed
1045 3304 1093 3352 in
1121 3304 1335 3368 exequiis
1367 3319 1451 3352 eos
1472 3303 1590 3351 alios
1611 3302 1822 3367 prelatos
1845 3306 2062 3350 oratores

336 3430 368 3466 1.
400 3429 586 3477 ...quibus
607 3429 825 3467 dicentibus,
849 3430 940 3467 Mss.
965 3430 1046 3474 149,
1070 3428 1094 3466 f.
1111 3429 1169 3466 28.

334 3490 368 3525 2.
454 3489 668 3534 cardinales,
691 3493 726 3526 et
746 3489 780 3525 in
801 3488 916 3537 prima
936 3500 1120 3526 camera...
1143 3488 1324 3532 emiserat,
1343 3487 1604 3525 consederunt.
1629 3488 1722 3524 Mss.
1746 3487 1828 3529 149,
1852 3485 1875 3522 f.
1898 3485 1957 3521 28.
