2228 3938
308 340 352 375 18
916 337 1151 374 JOHANNIS
1183 337 1480 383 BURCHARDI,
1762 338 1973 378 [Decembre
1995 339 2089 378 1492]

304 440 460 488 fuerat
488 439 803 500 introductUS,
838 455 897 487 ex
926 455 1022 502 quo
1043 455 1140 488 non
1171 440 1344 504 potuit,
1366 443 1418 488 ut
1447 454 1533 504 par
1563 442 1683 498 erat,
1718 437 1918 502 singulis
1948 454 2088 487 more

306 523 446 572 solito
468 523 622 587 gratia
641 524 830 573 redere.

369 606 604 656 Venimus
640 611 804 656 autem
845 606 904 655 de
943 606 1121 670 palatio
1162 606 1428 670 apostolico
1465 605 1526 653 ad
1557 605 1814 668 Apostolos
1852 622 1939 670 per
1966 606 2087 655 viam

302 706 426 754 pape
460 706 470 738 ε
505 690 643 738 multi
672 690 846 738 salmas
879 689 1172 749 deferentes,
1205 706 1303 738 non
1335 693 1571 737 venerunt
1599 688 1660 736 ad
1691 688 1922 751 palatium
1945 706 2088 754 apos-

303 773 518 833 tolicum,
555 773 640 821 sed
672 773 745 820 via
782 772 1001 836 superius
1039 772 1167 821 dicta
1202 788 1353 836 usque
1388 772 1448 820 ad
1483 776 1684 835 pontem
1722 772 1875 820 sancti
1913 774 2086 837 Angeli

300 856 421 904 citra
441 861 603 905 tamen
630 860 677 905 et
703 855 884 904 ibidem
917 856 976 904 ad
1005 856 1223 904 dextram
1244 872 1413 905 versus
1434 854 1667 919 palatium
1690 854 1946 903 cardinalis
1971 859 2088 905 Par-

300 940 480 990 mensis
503 956 554 989 se
578 945 832 1000 vertentes,
858 945 989 989 recta
1004 935 1084 989 'via
1108 940 1168 988 ad
1188 941 1446 1005 Apostolos
1469 939 1782 987 diverterunt.

365 1024 505 1072 Feria
526 1028 712 1087 quarta,
743 1027 799 1071 12
823 1023 1112 1083 decembris,
1134 1024 1221 1072 fuit
1242 1025 1492 1089 publicum
1512 1022 1857 1071 consistorium
1878 1022 1928 1070 in
1949 1024 2089 1072 tertia

302 1107 412 1155 aula
440 1106 604 1170 palatii
626 1106 879 1170 apostolici
909 1106 1038 1170 apud
1067 1112 1288 1155 sanctum
1323 1110 1518 1155 Petrum
1547 1107 1597 1154 in
1626 1122 1719 1170 quo
1749 1111 1956 1170 quatuor
1980 1123 2089 1156 ora-

298 1194 431 1237 tores
471 1189 843 1254 magnificorum
878 1189 1196 1238 Dominorum
1233 1190 1486 1253 Augustini
1530 1190 1714 1238 Adurni
1749 1191 2087 1254 gubernatoris

304 1273 592 1333 Genuensis,
618 1278 666 1322 et
686 1273 870 1321 ducalis
900 1273 1275 1322 locumtenentis
1307 1289 1362 1322 ac
1390 1273 1580 1322 consilii
1608 1273 1925 1322 ancianorum
1953 1290 2088 1323 com-

302 1357 462 1405 munis
482 1360 667 1417 Genue,
691 1357 916 1406 videlicet
939 1360 994 1405 D.
1020 1357 1228 1406 Jacobus
1260 1357 1457 1421 Spinola
1478 1357 1729 1420 utriusque
1745 1357 1869 1420 juris
1900 1357 2083 1418 doctor,

300 1440 547 1489 ,Iohannes
579 1441 795 1505 Baptista
823 1441 1068 1502 Adurnus,
1095 1441 1270 1489 Paulus
1300 1441 1358 1489 de
1389 1441 1548 1489 Flisco
1581 1446 1630 1490 et
1661 1442 1888 1490 Silvester
1916 1444 2089 1490 Inurea

301 1523 427 1573 cives
460 1526 762 1585 Genuenses,
794 1525 992 1573 nomine
1022 1525 1361 1589 gubernatoris
1396 1525 1777 1574 locumtenentis
1815 1530 1862 1573 et
1898 1525 2087 1573 consilii

299 1607 647 1671 predictorum,
671 1609 984 1673 prestiterunt
1006 1608 1332 1657 obedientiam
1353 1608 1567 1657 debitam
1599 1613 1648 1657 et
1675 1609 1917 1657 devotam.
1942 1610 2087 1657 Asso-

301 1690 412 1738 ciati
434 1691 630 1740 fuerunt
648 1708 676 1740 a
693 1693 904 1757 quinque
923 1693 1122 1757 prelatis
1144 1692 1502 1752 assistentibus,
1527 1692 1752 1741 videlicet
1775 1695 1878 1740 DD.
1902 1693 2087 1742 archie-

300 1773 512 1839 piscopis
546 1777 807 1825 Cusentino
845 1782 893 1826 et
931 1777 1268 1837 Tricaricensi,
1312 1776 1593 1835 Dolenensi‚
1628 1776 1998 1827 vulterranensi
2031 1792 2086 1824 ac

300 1859 625 1907 Alexandrino
645 1860 904 1924 episcopis.
927 1861 1178 1925 Proposite
1194 1861 1388 1909 fuerunt
1403 1861 1495 1908 due
1512 1860 1885 1908 commissiones
1906 1859 2088 1922 :prima

299 1958 385 2006 per
407 1945 463 1990 D.
488 1942 763 1991 Johannem
795 1945 1059 2008 Baptistam
1082 1944 1141 1992 de
1172 1946 1220 1992 S.
1257 1944 1504 2002 Severino,
1537 1943 1750 1992 secunda
1777 1958 1864 2007 per
1894 1945 1951 1990 D.
1976 1946 2085 1990 Jus-

300 2025 454 2072 tinum
499 2026 813 2075 Valentinum
845 2026 1132 2076 advocatum
1162 2027 1284 2086 fisci,
1323 2030 1492 2075 contra
1526 2027 1738 2090 prelatos
1771 2026 2077 2090 negligentes

297 2107 460 2156 literas
493 2113 540 2157 et
572 2109 799 2159 mandata
829 2111 1109 2174 apostolica.
1146 2110 1426 2158 Orationem
1453 2110 1568 2158 fecit
1596 2108 1780 2173 primus
1812 2114 2075 2166 oratorum,

298 2190 516 2238 videlicet
546 2193 601 2238 D.
631 2192 841 2240 Jacobus
864 2194 1077 2257 Spinola,
1104 2199 1152 2242 et
1179 2193 1539 2257 elegantissime
1571 2191 1656 2258 (1);
1687 2192 1785 2255 qui,
1821 2196 1868 2239 et
1894 2191 2084 2239 consis-
2122 2250 2126 2253 Ἴ

300 2273 424 2321 torio
446 2274 600 2334 finito,
626 2274 841 2323 fimbrias
862 2278 1157 2340 posteriores
1179 2276 1398 2340 pluvialis
1413 2291 1536 2340 pape
1552 2291 1687 2324 more
1705 2276 1843 2323 solito
1859 2276 2080 2340 portavit.

367 2358 507 2406 Feria
534 2363 683 2417 sexta,
719 2362 775 2406 14
805 2359 917 2408 dicti
943 2360 1124 2408 mensis
1151 2359 1440 2417 decembris,
1467 2359 1555 2406 fuit
1577 2359 1825 2423 publicum
1850 2359 2087 2407 consisto-

302 2441 427 2488 rium
459 2440 509 2487 in
541 2441 726 2504 capella
759 2443 963 2507 majore,
997 2443 1219 2491 videlicet
1250 2442 1359 2491 aula
1390 2442 1553 2506 palatii
1588 2442 1866 2506 supradicti,
1906 2442 1954 2489 in
1991 2456 2085 2505 quo

304 2526 359 2570 R.
384 2523 431 2570 in
455 2523 645 2571 Christo
669 2527 720 2572 P.
748 2528 805 2573 D.
830 2527 1075 2575 Johannes
1104 2528 1360 2591 episcopus
1384 2527 1727 2575 Dunelmensis
1759 2530 1806 2575 et
1826 2529 1884 2574 D.
1912 2524 2087 2574 Johan-

303 2624 390 2657 nes
410 2607 559 2655 Gilius
582 2607 641 2656 de
668 2610 798 2656 Luca
818 2614 1035 2658 oratores
1057 2611 1355 2659 serenissimi
1379 2610 1592 2670 Henrici,
1617 2610 1791 2673 Anglie
1818 2614 1864 2657 et
1885 2609 2085 2657 Francie

305 2692 433 2754 regis
463 2691 511 2738 in
545 2691 668 2739 Urbe
699 2692 801 2755 jam
831 2693 911 2741 diu
941 2710 969 2742 a
1004 2699 1221 2759 tempore
1252 2694 1406 2743 felicis
1437 2693 1788 2743 recordationis
1817 2692 2086 2740 Innocentii

303 2791 426 2839 pape
454 2778 556 2825 VIII
583 2776 851 2836 constituti,
868 2778 950 2840 qui
976 2778 1142 2827 literas
1166 2779 1254 2827 sub
1275 2778 1386 2826 data
1407 2781 1435 2826 6
1458 2777 1639 2825 mensis
1665 2775 1953 2840 septembris
1974 2790 2087 2839 pro-

304 2858 433 2907 xime
460 2859 676 2922 preteriti
707 2875 735 2907 a
764 2861 951 2924 prefato
983 2878 1097 2926 rege
1129 2865 1417 2926 receperunt
1440 2877 1586 2925 super
1606 2859 1884 2908 obedientia
1909 2860 1991 2906 SS.
2024 2860 2081 2905 D.

307 2945 363 2990 N.
394 2945 670 3006 prestanda,
701 2943 897 2992 nomine
928 2945 1149 3008 ejusdem
1186 2945 1314 3009 regis
1343 2942 1918 2993 obedientiamdebitam
1950 2955 2087 3004 pres-

308 3026 524 3075 titerunt.
553 3028 830 3076 Orationem
861 3027 975 3075 fecit
995 3028 1208 3091 prefatus
1232 3031 1289 3075 D.
1324 3028 1580 3091 episcopus
1610 3026 1736 3073 bene
1767 3029 1815 3072 et
1841 3023 2088 3087 eleganter

310 3113 645 3174 compositam,
678 3114 763 3162 sed
791 3117 988 3177 propter
1019 3111 1347 3174 inexpeditam
1380 3108 1704 3173 expressivam
1735 3106 1972 3171 ejusdem,
2006 3122 2088 3154 au-

311 3193 553 3243 dientibus
586 3197 743 3244 minus
778 3200 978 3261 gratam.
1021 3194 1259 3242 Associati
1297 3193 1491 3242 fuerunt
1526 3191 1617 3255 ipsi
1651 3190 1746 3238 duo
1778 3194 2001 3238 oratores.
2029 3204 2088 3236 ex

313 3293 505 3326 camera
539 3280 819 3343 apostolica,
860 3279 941 3327 ubi
978 3277 1151 3326 notarii
1184 3277 1370 3335 sedent,
1411 3275 1471 3324 ad
1513 3274 1673 3322 aulam
1708 3273 1975 3338 predictam
2001 3287 2088 3335 per

294 3476 299 3479 ·
362 3459 396 3495 1.
424 3458 474 3496 Ce
494 3459 660 3497 discours
682 3472 721 3496 se
742 3465 867 3497 trouve
887 3460 978 3498 dans
1000 3459 1133 3508 Lunig‚
1156 3459 1256 3496 orac.
1276 3461 1418 3496 Procer.
1441 3460 1606 3504 Europae,
1628 3460 1714 3503 etc„
1735 3459 1762 3493 t.
1785 3455 1813 3500 Ι,
1835 3465 1871 3503 p.
1898 3454 1977 3490 140.
