2202 3926
170 344 334 385 [Octobru
358 343 450 383 1494]
590 342 761 380 RERUM
794 341 1097 378 URBANARUM
1131 342 1478 379 COMMENTARII.
1883 350 1949 385 189

172 462 307 495 more
330 446 467 495 solito
489 445 550 493 ad
570 444 740 494 domus
756 460 866 492 suas
884 443 1147 504 redierunt,
1167 444 1394 493 mulieres
1412 446 1774 509 consanguinee
1790 452 1837 495 et
1858 450 1949 497 alie

172 546 265 594 que
288 531 418 579 circa
443 530 583 578 sunus
605 529 654 576 in
676 528 821 576 domo
840 528 1082 587 sederant,
1103 528 1259 592 ipsum
1282 529 1427 578 etiam
1452 545 1604 592 usque
1629 530 1689 577 ad
1715 530 1948 579 feretrum

171 615 267 662 sive
303 613 592 662 catalectum
627 613 676 660 in
707 612 782 660 via
810 612 1022 676 positum
1050 612 1253 671 iverunt,
1288 613 1366 660 ubi
1397 613 1631 662 fleverunt
1659 619 1707 662 et
1740 614 1950 663 ululave-

172 701 280 746 runt
298 713 547 760 quousque
571 697 923 761 deportaretur,
949 699 997 744 et
1023 696 1134 744 inde
1162 712 1312 759 usque
1340 696 1401 744 ad
1422 697 1682 745 ecclesiam
1710 714 1807 747 non
1832 704 1943 746 sunt

171 784 360 839 secute3
385 780 483 839 ubi,
508 779 668 827 officio
691 780 845 839 finito,
863 779 1040 827 iterum
1061 780 1250 838 flentes,
1275 780 1478 828 cadaver
1498 780 1659 844 sepius
1682 787 1793 830 sunt
1814 782 1952 830 deos-

172 865 347 924 culate,
375 881 493 929 quas
523 865 702 914 ibidem
736 865 866 912 circa
907 863 1050 911 funus
1082 863 1388 911 immisimus.
1429 867 1533 912 Mos
1567 880 1713 927 quem
1750 881 1948 914 romane

172 953 527 997 consueverunt
561 947 704 995 etiam
737 947 797 994 ad
831 962 999 994 eorum
1033 947 1266 994 cadavera
1298 963 1307 994 :
1345 947 1491 993 funus
1521 947 1569 993 in
1600 947 1710 994 aula
1735 948 1947 1010 ponitur,

171 1033 301 1094 quod
322 1032 550 1080 mulieres
576 1031 626 1077 in
655 1029 763 1077 aula
790 1028 1218 1087 circumsedentes,
1243 1029 1501 1077 invitantur
1527 1029 1875 1093 consanguinei
1902 1037 1949 1078 et

173 1117 343 1164 fratres
372 1131 460 1179 per
485 1114 894 1178 proclamatores;
926 1112 1157 1160 feretrum
1179 1112 1373 1175 ponitur
1400 1113 1448 1160 in
1475 1113 1636 1161 medio
1660 1113 1751 1172 vie,
1782 1129 1954 1162 accen—

173 1198 351 1246 duntur
376 1198 637 1256 intorticia,
670 1211 817 1259 quum
841 1196 1050 1259 primum
1078 1196 1261 1244 invitati
1282 1196 1444 1243 venire
1476 1196 1727 1260 incipiunt,
1761 1201 1806 1245 et
1834 1198 1948 1245 hinc

173 1286 218 1329 et
250 1281 362 1330 inde
394 1282 523 1329 circa
552 1280 715 1329 feretri
747 1280 909 1327 locum
941 1279 1180 1336 locantur,
1208 1279 1306 1326 sive
1338 1294 1426 1342 per
1454 1278 1645 1327 illorum
1676 1284 1948 1343 portatores

171 1369 420 1425 tenentur3
439 1365 616 1414 funesti
634 1364 778 1414 etiam
802 1362 982 1411 ibidem
999 1362 1221 1410 locantur
1242 1366 1289 1410 et
1310 1360 1594 1409 ordinantur
1614 1362 1728 1410 hinc
1750 1369 1798 1411 et
1812 1363 1943 1422 inde,

170 1449 236 1496 ita
268 1449 398 1512 quod
431 1449 559 1498 inter
596 1449 810 1497 funestos
850 1453 899 1497 et
939 1446 1289 1495 intorticiorum
1310 1450 1581 1510 portatores
1619 1447 1854 1495 feretrum
1890 1448 1950 1495 sit

170 1531 403 1580 medium.

235 1618 326 1664 Per
347 1620 483 1679 parte
504 1616 582 1665 del
612 1616 886 1665 santissimo
913 1616 961 1663 in
991 1615 1181 1664 Christo
1212 1614 1359 1679 padre
1384 1613 1550 1678 signor
1575 1619 1760 1675 nostro,
1786 1613 1951 1680 signor

170 1698 460 1747 Alessandro
475 1715 562 1764 per
577 1700 624 1747 la
640 1700 796 1748 divina
814 1699 967 1763 gratia
989 1702 1117 1763 Papa
1136 1702 1283 1758 sesto,
1302 1698 1623 1762 primamente
1645 1699 1684 1747 si
1706 1699 1900 1748 notifica
1924 1716 1949 1747 e

172 1781 386 1831 dichiara
418 1799 445 1831 a
477 1783 739 1831 chiascuna
767 1799 991 1847 persona,
1021 1783 1111 1831 che
1147 1799 1234 1847 per
1269 1787 1441 1846 questo
1474 1787 1701 1846 presente
1737 1783 1895 1831 bando
1925 1799 1949 1830 e

171 1867 626 1915 commendamento
645 1882 744 1915 non
762 1867 999 1914 s’intende
1021 1866 1341 1930 perjiudicare
1362 1865 1436 1913 all'
1461 1866 1568 1914 altri
1593 1865 1738 1913 bandi
1768 1881 1794 1913 e
1815 1880 1950 1913 com-

170 1949 499 1998 mendamenti
524 1951 602 2015 gia
625 1950 727 1998 fatti
755 1966 842 2014 per
868 1955 1004 2014 parte
1034 1949 1112 1997 del
1139 1949 1403 1998 reverendo
1434 1950 1581 2013 padre
1612 1949 1948 1997 archivescovo

168 2032 214 2081 di
236 2018 512 2083 Terracona
539 2037 855 2098 governatore
876 2038 1068 2097 passato
1091 2032 1200 2081 dell’
1221 2032 1363 2080 Alma
1383 2033 1499 2080 citta
1520 2031 1566 2079 di
1589 2035 1758 2090 Roma,
1783 2047 1845 2079 ne
1870 2047 1948 2079 re-

165 2115 347 2165 lassare
372 2117 545 2166 alcuna
564 2132 691 2180 pena
711 2116 759 2163 in
782 2116 877 2164 essi
896 2120 1175 2175 contenuta,
1198 2131 1277 2163 ma
1298 2116 1389 2164 che
1411 2115 1696 2179 rimangano
1721 2114 1878 2174 fermi,
1899 2120 1946 2162 et

166 2199 215 2246 in
237 2215 324 2248 suo
343 2200 515 2248 robore
540 2200 677 2264 juxta
705 2200 752 2247 la
772 2199 1070 2248 continentia
1098 2214 1123 2247 e
1144 2202 1314 2247 tenore
1336 2198 1382 2245 di
1410 2198 1527 2246 detti
1545 2198 1688 2246 bandi
1709 2198 1942 2246 mandati.

233 2284 353 2331 Item
374 2299 462 2348 per
482 2287 617 2348 parte
647 2283 694 2330 di
720 2281 804 2331 sua
833 2282 1135 2331 Beatitudine
1169 2282 1207 2330 si
1239 2282 1286 2330 fa
1316 2282 1516 2330 bandire
1548 2298 1574 2330 e
1603 2282 1947 2331 commendare

164 2367 254 2415 che
278 2367 386 2415 tutti
409 2384 434 2415 e
458 2367 632 2431 singoli
654 2367 858 2415 Romani
885 2371 933 2415 et
962 2366 1069 2415 altri
1095 2366 1270 2414 sudditi
1291 2365 1418 2414 della
1446 2369 1582 2414 santa
1604 2366 1720 2415 sede
1751 2370 1947 2430 aposto-

163 2450 256 2498 lica
276 2466 300 2499 e
323 2455 461 2499 santa
481 2451 670 2511 Chiesa,
702 2466 845 2499 overo
873 2450 1110 2499 habitanti
1133 2450 1180 2497 in
1201 2449 1347 2514 luogo
1377 2449 1422 2497 d'
1449 2465 1558 2498 essa
1579 2449 1746 2497 chiesa
1767 2450 1814 2497 di
1835 2465 1949 2513 qua-

163 2533 343 2598 lunque
374 2539 514 2594 stato,
545 2534 692 2599 grado
726 2550 751 2583 e
781 2534 1057 2583 conditione
1086 2534 1126 2581 si
1158 2533 1244 2592 sia,
1275 2537 1408 2582 tanto
1441 2533 1551 2581 laici
1582 2538 1762 2597 quanto
1793 2533 1947 2582 eccle-

166 2617 361 2678 siastici,
386 2618 477 2667 che
498 2618 684 2667 fossero
713 2618 757 2666 al
778 2622 1005 2681 presente
1031 2617 1110 2665 alli
1129 2616 1354 2680 stipendii
1383 2632 1408 2665 e
1434 2617 1609 2665 servitii
1633 2617 1679 2664 di
1706 2620 1943 2680 Prospero

167 2717 192 2751 e
214 2703 423 2750 Fabritio
446 2703 662 2751 Colonna
682 2706 730 2750 et
754 2701 799 2749 di
819 2701 1078 2749 Antonello
1101 2701 1287 2759 Savelli,
1307 2717 1335 2747 o
1354 2701 1459 2748 loro
1482 2700 1658 2748 fratelli
1680 2700 1884 2762 Trojano
1900 2705 1948 2747 et

167 2784 325 2834 Troilo
349 2786 518 2834 Savelli
537 2802 566 2834 o
589 2785 831 2834 Girolamo
853 2788 994 2833 Tutta
1013 2784 1157 2843 Villa,
1176 2799 1345 2832 ovvero
1368 2783 1475 2831 altri
1495 2782 1764 2838 condutieri
1783 2798 1809 2831 e
1834 2798 1947 2831 con-

170 2868 394 2929 testabili,
419 2874 547 2919 tanto
576 2885 604 2918 a
631 2869 761 2933 piedi
789 2874 969 2932 quanto
1001 2885 1029 2916 a
1056 2868 1235 2916 cavallo
1268 2866 1522 2915 adherenti
1555 2862 1642 2914 alli'
1669 2866 1892 2931 predetti‚
1918 2883 1946 2913 o

170 2954 230 3002 ad
253 2954 424 3003 alcuno
449 2954 496 3003 di
525 2955 629 3003 loro
658 2953 782 3002 infra
815 2952 1019 3001 termine
1052 2952 1098 3000 di
1133 2951 1200 3000 sei
1235 2950 1283 2997 di
1313 2950 1438 2998 dalla
1470 2949 1794 3013 publicatione
1824 2949 1948 2997 della

170 3042 413 3105 presente,
438 3037 507 3086 sei
535 3037 583 3086 di
603 3037 645 3085 d’
670 3037 878 3095 ottobre,
903 3035 1014 3084 delli
1045 3035 1174 3099 quali
1203 3034 1296 3082 due
1324 3049 1412 3098 per
1437 3033 1469 3081 il
1490 3033 1665 3098 primo,
1692 3033 1784 3081 due
1809 3048 1895 3096 per
1915 3032 1946 3080 il

173 3119 384 3168 secondo
414 3136 440 3168 e
470 3120 562 3168 due
593 3136 682 3184 per
710 3120 738 3167 l’
769 3119 955 3178 ultimo,
993 3134 1019 3167 e
1052 3118 1316 3182 perintorio
1348 3117 1552 3165 termine
1590 3117 1626 3164 s’
1653 3132 1942 3180 assegnano,

172 3202 393 3251 debbano
423 3217 585 3251 essere
614 3203 776 3267 partiti
811 3202 871 3251 da
902 3202 1006 3250 loro
1036 3202 1275 3266 stipendio
1305 3219 1330 3250 e
1360 3202 1552 3250 servitio
1584 3217 1673 3249 con
1705 3201 1817 3264 ogni
1843 3201 1946 3248 loro

172 3284 339 3343 robba,
373 3285 492 3349 armi
525 3300 550 3332 e
582 3286 765 3346 cavalli,
790 3302 816 3334 e
838 3285 1228 3349 personalmente
1248 3283 1540 3348 presentarsi
1573 3282 1619 3328 in
1643 3285 1811 3341 Roma,
1843 3283 1946 3330 cioe

121 3396 126 3402 ν
174 3368 235 3433 gli
259 3367 574 3416 ecclesiastici
593 3368 780 3417 innanzi
802 3369 844 3417 al
874 3368 1137 3416 reverendo
1157 3381 1470 3416 arcevescovo
1493 3364 1539 3411 di
1564 3367 1752 3429 Ragusa
1773 3366 1818 3413 al
1836 3381 1947 3429 pre-

174 3455 310 3500 sente
346 3454 662 3514 governatore
699 3451 746 3498 di
785 3455 955 3507 Roma,
987 3464 1012 3497 e
1047 3449 1078 3497 li
1119 3449 1322 3498 secolari
1362 3448 1406 3496 al
1445 3446 1632 3510 palazzo
1679 3447 1943 3510 apostolico
