2202 3926
314 293 380 327 160
916 291 1148 328 JOHANNIS
1184 290 1478 336 BURCHARDI,
1890 290 1974 331 [Mai
1996 292 2089 331 1494]

313 393 474 456 vigore
492 393 621 441 bulle
645 394 734 442 sibi
755 409 1005 453 concesse,
1033 394 1129 442 sive
1151 394 1389 442 facultatis
1411 393 1534 456 apud
1555 393 1702 439 altare
1723 406 1933 454 appense
1955 408 2093 456 supe-

315 477 411 524 rius
443 477 715 540 registrate,
751 478 994 526 concessit
1025 476 1264 539 plenarias
1296 474 1616 536 indulgentias
1652 489 1769 535 quas
1799 475 1854 520 R
1892 476 1948 520 D.
1985 477 2093 522 Ste-

313 559 498 622 phanus
520 559 910 623 archiepiscopus
930 556 1250 613 PatracensiS,
1279 555 1317 602 si
1341 559 1471 603 recte
1493 555 1708 613 memini,
1732 556 1989 657 publicavit
2006 557 2092 604 sub

313 639 587 705 huJusmodi
610 642 765 688 forma
791 645 839 687 et
860 639 1049 687 verbis:

381 744 402 766 «
441 724 478 770 ll
511 727 649 770 Rmo.
687 723 735 769 in
765 722 921 770 Cristo
950 724 1090 768 Patre
1119 724 1166 768 et
1199 719 1390 783 signore
1422 720 1639 768 Johanne
1671 720 1805 769 titulo
1835 722 1894 770 de
1928 726 2094 771 sancta

314 809 531 852 Susanna
557 804 842 869 presbytero
873 803 1115 851 cardinale
1143 803 1202 850 de
1230 803 1507 866 Monregale
1536 803 1661 851 della
1689 803 1802 852 sede
1830 805 2092 868 apostolica

310 888 488 951 legato,
522 887 582 935 da
612 892 659 936 et
688 887 903 936 concede
932 903 1019 950 per
1044 886 1207 950 vigore
1239 885 1364 933 della
1393 886 1568 935 facolta
1598 886 1658 934 ad
1685 902 1793 935 esso
1815 903 2045 936 concessa
2065 906 2093 937 a

312 971 538 1019 ciascuna
559 986 768 1034 persono
792 970 871 1033 qui
892 973 1118 1033 presente
1140 968 1354 1032 plenaria
1375 968 1447 1017 de'
1475 969 1579 1017 tutti
1601 969 1787 1033 peccati
1808 969 2090 1018 remissione

313 1059 361 1103 et
377 1054 676 1118 indulgentia
695 1054 742 1101 in
767 1054 922 1102 forma
943 1052 1067 1101 della
1089 1052 1256 1100 chiesa
1275 1056 1506 1101 consueta
1531 1069 1540 1100 :
1565 1058 1763 1117 pregate
1786 1053 1919 1102 lddio
1939 1069 2028 1118 per
2044 1053 2091 1102 lo

314 1140 453 1188 felice
482 1143 604 1188 stato
636 1138 763 1186 della
790 1137 975 1186 Santita
1001 1136 1078 1184 del
1098 1139 1228 1199 Papa
1254 1135 1543 1184 Alessandro
1574 1141 1721 1195 sesto,
1754 1137 1800 1184 di
1829 1139 1924 1185 Sua
1952 1140 2087 1185 Rma.

314 1222 551 1286 Signoria,
594 1222 719 1270 della
762 1223 946 1269 Maesta
985 1219 1062 1267 del
1107 1222 1174 1268 Re
1213 1218 1413 1267 Alfonso
1462 1222 1508 1266 et
1553 1220 1679 1267 della
1724 1222 1859 1268 santa
1895 1235 2094 1268 romana

312 1304 499 1352 Chiesa.
539 1323 561 1347 »
1799 1317 1803 1320 ’

380 1386 637 1435 Publicatis
670 1386 997 1450 indulgentiis,
1032 1385 1219 1449 legatus
1254 1384 1487 1449 signando
1517 1385 1664 1434 altare
1693 1385 1823 1446 dixit,
1853 1386 2089 1434 Dominus

315 1470 563 1528 vobiscum,
595 1474 642 1518 et
664 1469 868 1517 dicendo
893 1470 941 1517 in
953 1471 1193 1534 principio
1216 1480 1314 1518 erat
1337 1471 1525 1519 verbum
1547 1479 1652 1530 etc„
1685 1470 1765 1520 ivit
1794 1471 1854 1519 ad
1879 1472 2091 1520 faldisto-

312 1553 454 1614 rium,
488 1554 709 1617 deposuit
729 1558 1010 1617 paramenta
1031 1554 1193 1602 omnia
1213 1571 1349 1603 sacra
1371 1559 1418 1603 et
1439 1554 1625 1618 accepit
1645 1569 1865 1618 cappam.
1890 1555 2087 1604 Interim

313 1652 397 1684 rex
433 1641 690 1688 coronatus
728 1637 944 1684 ascendit
981 1637 1041 1684 ad
1079 1638 1247 1695 altare,
1286 1637 1418 1700 prius
1458 1637 1726 1700 corporale,
1772 1653 1830 1685 ex
1867 1638 2088 1686 manibus

310 1717 456 1781 legati
488 1719 785 1778 deosculato,
821 1722 868 1767 et
902 1718 1113 1782 signatus
1134 1722 1271 1785 juxta
1301 1720 1519 1768 ordinem
1554 1702 1772 1783 superius
1806 1720 2005 1780 dictum,
2043 1726 2088 1770 et

311 1801 457 1860 sedit;
483 1801 654 1864 quibus
686 1800 752 1849 sic
785 1801 1064 1850 sedentibus
1092 1806 1149 1850 D.
1180 1803 1425 1852 Johannes
1453 1806 1698 1852 Pontanus
1727 1803 1853 1867 regis
1882 1808 2089 1853 secreta-

308 1883 424 1942 rius,
459 1900 517 1932 ex
549 1885 755 1948 quadam
778 1885 1022 1946 schedula,
1048 1901 1192 1949 quam
1220 1885 1441 1934 manibus
1472 1886 1684 1947 tenebat,
1710 1891 1840 1935 stans
1863 1886 1924 1935 ad
1952 1887 2089 1936 sinis-

308 1971 429 2015 tram
454 1967 579 2030 regis
606 1967 655 2014 in
678 1968 828 2032 gradu
852 1968 1067 2017 inferiori
1095 1968 1275 2029 altaris,
1299 1969 1630 2033 pronunciavit
1653 1969 1713 2017 de
1734 1970 1880 2020 verbo
1906 1969 1967 2018 ad
1986 1985 2088 2019 ver-

306 2049 439 2109 bum,
474 2054 521 2097 et
550 2050 774 2099 heraldus
809 2051 935 2115 regis
966 2052 1026 2100 ad
1060 2052 1303 2100 sinistram
1337 2052 1539 2101 Pontani
1576 2056 1705 2101 stans
1739 2052 1908 2102 eadem
1943 2053 2088 2102 verba

307 2133 575 2181 successive
603 2134 946 2196 proclamabat,
978 2140 1027 2183 ut
1057 2136 1115 2184 ab
1150 2135 1374 2184 omnibus
1408 2136 1825 2200 intelligerentur:
1851 2152 1909 2184 eo
1940 2136 2085 2185 modo

305 2216 511 2278 prodixit
538 2220 782 2266 Pontanus
810 2219 953 2267 verba
981 2218 1182 2267 heraldo
1207 2218 1569 2282 proclamanda,
1598 2223 1739 2282 prout
1757 2219 2083 2283 juramentum

306 2298 407 2361 regi
426 2299 713 2363 perlegerat.
737 2302 984 2350 Sententia
1005 2306 1167 2350 autem
1189 2299 1601 2365 pronunciationis
1625 2305 1672 2348 et
1692 2300 2084 2364 proclamationis

304 2382 582 2447 hujusmodi
603 2383 691 2430 fuit
713 2384 841 2447 quod
862 2400 962 2444 rex,
995 2385 1055 2433 ob
1078 2384 1337 2447 singularia
1358 2383 1531 2432 merita
1552 2382 1665 2431 fecit
1686 2387 1732 2431 et
1757 2383 1936 2432 creavit
1956 2383 2085 2432 illus-

307 2466 568 2514 trissimum
609 2468 667 2513 D.
696 2467 967 2516 Johannem
1006 2468 1179 2531 Borgia
1216 2467 1388 2515 ducem
1421 2466 1598 2514 Candie
1637 2466 1902 2514 sanctitatis
1932 2469 1989 2514 D.
2025 2469 2080 2515 N.

305 2549 475 2607 filium,
508 2548 774 2613 principem
801 2550 1196 2611 Tricaricensem,
1231 2550 1459 2598 comitem
1488 2549 1822 2609 Claremontis,
1858 2549 2084 2597 comitem

303 2632 492 2690 Laurie,
518 2637 566 2680 et
586 2633 813 2682 comitem
836 2633 1074 2682 Carinole.

365 2718 484 2763 Item
506 2715 649 2764 simili
667 2716 812 2765 modo
833 2732 919 2780 per
938 2717 1079 2765 aliam
1102 2716 1381 2765 schedulam
1403 2720 1455 2764 ut
1476 2732 1617 2780 supra
1633 2717 1998 2782 pronunciatam
2026 2722 2074 2766 et

302 2799 663 2862 proclamatam,
697 2816 782 2848 rex
826 2800 1019 2860 creavit,
1055 2800 1304 2849 constituit
1342 2798 1403 2846 ob
1435 2798 1610 2847 similia
1645 2800 1818 2849 merita
1854 2801 2083 2849 Illustris-

305 2883 477 2931 simum
510 2886 565 2931 D.
589 2884 853 2933 Joffredum
876 2884 1054 2948 Borgia
1073 2884 1289 2948 ejusdem
1318 2887 1401 2933 SS.
1429 2888 1484 2932 D.
1511 2889 1567 2934 N.
1591 2885 1848 2934 Alexandri
1875 2900 1997 2948 pape
2020 2886 2082 2933 Vl

306 2966 451 3014 etiam
482 2967 652 3027 filium,
677 2968 736 3015 de
768 2967 912 3015 domo
939 2967 1197 3029 Aragonie,
1231 2971 1275 3015 et
1302 2968 1414 3016 fecit
1446 2968 1603 3027 ipsum
1629 2967 1894 3031 principem
1927 2967 2083 3030 Squil-

304 3048 403 3107 lati,
431 3049 656 3098 comitem
685 3050 875 3098 Cur-iate
907 3053 955 3097 et
982 3049 1117 3112 regni
1143 3049 1300 3098 Sicilie
1323 3050 1441 3098 citra
1470 3050 1677 3097 Pharum
1701 3049 2103 3113 protonotarium„

306 3135 352 3178 et
385 3130 794 3180 locumtenentem
820 3148 829 3179 :
859 3147 952 3195 quo
986 3132 1143 3180 taliter
1169 3132 1503 3196 pronunciato,
1538 3132 1666 3181 idem
1700 3135 1805 3180 Don
1843 3131 2081 3180 Jofl'redus

306 3215 566 3277 genuflexit
599 3231 761 3264 coram
790 3231 922 3279 rege,
951 3216 1030 3279 qui
1064 3215 1290 3280 imposuit
1323 3215 1411 3263 sibi
1444 3215 1711 3264 helmetum
1743 3215 1839 3264 sive
1871 3216 2076 3280 galeam,

306 3300 351 3345 et
372 3302 568 3361 accepto
591 3315 724 3351 ense,
748 3316 831 3348 rex
854 3316 964 3348 cum
987 3305 1161 3365 puncta
1184 3299 1311 3348 ensis
1341 3298 1510 3346 leviter
1537 3299 1690 3363 tetigit
1722 3299 1908 3363 galeam
1938 3315 2081 3363 supra

307 3396 471 3428 aurem
494 3381 753 3440 sinistram,
781 3387 828 3431 et
849 3383 1023 3432 creavit
1044 3398 1155 3432 eum
1174 3381 1372 3431 militem
1396 3381 1559 3430 dicens
1579 3399 1587 3430 :
1613 3382 1750 3430 Idde'o
1769 3390 1814 3430 et
1830 3399 1916 3430 scm
1932 3381 2080 3450 ’(ῗὶον-
