2202 3926
306 356 351 391 88
757 383 762 386 .
919 353 937 389 J
943 352 1102 389 OHANN
1108 351 1149 387 IS
1186 349 1481 395 BURCHARDI,
1811 350 1969 390 [Fevriev
1991 352 2087 392 1493]

304 457 519 506 dicentes
550 457 747 504 missam
781 455 1120 504 dominicalem
1150 453 1427 518 hujusmodi
1449 468 1547 499 non.
1577 465 1684 498 esse
1712 450 1967 499 cardinalis
1999 453 2085 501 sed

306 531 537 605 simplicis
572 540 759 604 prelati.
804 539 889 588 Die
929 544 1091 586 autem
1129 538 1242 584 lune
1282 542 1394 584 tunc
1432 538 1665 596 sequente
1705 549 1802 581 non
1842 535 1990 584 fuisse
2033 538 2083 585 in

306 626 491 690 capella
518 625 700 688 majore
732 623 846 671 dicti
871 622 1032 685 palatii
1062 621 1259 668 missam
1287 618 1581 667 celebratam
1612 617 1671 666 de
1705 618 1843 667 beata
1868 619 2084 683 virgine3

307 727 399 774 que
422 726 499 757 res
522 709 623 755 sine
646 705 962 754 admiratione
986 704 1112 751 sacta
1132 708 1222 750 est.

374 792 626 840 Dominica
662 788 986 853 sexagesime,
1020 791 1047 834 2
1079 787 1260 834 mensis
1293 782 1547 843 februarii,
1584 784 1708 833 festo
1741 782 2091 849 purificationis

307 877 446 924 beate
473 875 622 922 Marie
642 871 854 936 virginis,
881 873 963 919 SS.
996 875 1052 919 D.
1084 873 1139 918 N.
1174 874 1369 933 paratus
1401 884 1535 916 more
1568 868 1726 928 solito,
1761 869 1890 918 venit
1921 871 1981 918 ad
2010 886 2092 919 ca-

307 960 484 1024 pellam
514 959 749 1022 majorem
779 955 1121 1019 supradictam,
1156 953 1255 1011 ubi,
1290 953 1420 1002 facta
1449 969 1509 1000 ex
1536 968 1672 1001 more
1704 953 1793 1001 sibi
1826 969 1915 1017 per
1943 953 2096 1002 cardi-

307 1043 441 1091 nales
476 1040 761 1099 reverentia,
799 1038 1043 1087 benedixit
1075 1043 1122 1086 et
1153 1037 1393 1086 distribuit
1423 1035 1649 1084 candelas
1677 1035 1797 1100 quas
1833 1041 2095 1087 tenuerunt

312 1130 369 1174 D.
397 1125 579 1173 Pisauri
602 1140 630 1172 a
656 1122 852 1182 dextris,
879 1127 926 1170 et
958 1126 1153 1171 senator
1174 1137 1202 1170 a
1223 1121 1449 1180 sinistris,
1482 1126 1529 1170 et
1552 1136 1748 1184 parvam
1776 1136 1919 1183 quam
1941 1121 2097 1170 tenuit

312 1210 367 1255 D.
395 1209 562 1254 Petrus
596 1206 874 1265 Carancius‚
906 1206 1228 1254 cubicularius
1251 1202 1467 1254 secretus
1494 1221 1504 1252 ε
1530 1205 1703 1254 deinde
1722 1207 1870 1269 Papa,
1896 1210 2096 1270 accepto

311 1291 546 1354 gremiali,
581 1291 711 1340 dedit
743 1291 833 1355 ipsi
864 1291 1181 1355 Neapolitano
1218 1289 1469 1349 cardinali,
1509 1288 1707 1354 prelatis
1742 1294 1789 1338 et
1826 1290 1931 1337 aliis
1961 1305 2096 1338 more

310 1376 484 1434 ‘solito;
522 1378 579 1423 D.
615 1375 799 1423 Pisauri
828 1378 936 1438 post
964 1374 1246 1424 assistentes
1277 1379 1388 1423 ante
1416 1374 1535 1423 alios
1562 1371 1779 1438 prelatos
1809 1378 2021 1439 paratOS,
2051 1373 2099 1423 et

312 1459 499 1523 dispoto
534 1459 812 1508 immediate
845 1463 952 1522 post
993 1458 1281 1507 cardinales.
1314 1461 1379 1506 Etv
1406 1458 1518 1522 quia
1551 1459 1797 1507 contentio
1835 1464 1939 1506 erat
1973 1458 2100 1506 inter

314 1547 532 1591 oratores
559 1542 688 1605 regis
715 1542 925 1605 Ungarie
952 1546 1000 1590 et
1026 1542 1155 1605 regis
1186 1538 1504 1605 Neapolitani,
1536 1543 1620 1590 SS.
1646 1544 1703 1589 D.
1737 1543 1774 1590 N
1784 1580 1797 1589 ..
1830 1541 2095 1605 premissos

315 1631 531 1674 oratores
574 1626 702 1690 regis
751 1627 959 1689 Ungarie
1001 1632 1048 1674 et
1093 1626 1220 1690 regis
1266 1625 1567 1689 Neapolitani
1615 1625 1662 1672 in
1708 1626 1816 1674 loco
1859 1625 2101 1674 ordinario

314 1710 472 1757 vocari
493 1710 606 1758 fecit
625 1715 671 1758 et
691 1711 759 1758 eis
782 1710 883 1759 dari
906 1711 1020 1759 fecit
1035 1711 1199 1759 locum
1218 1710 1267 1758 in
1282 1710 1433 1774 gradu
1453 1709 1580 1774 plani
1604 1709 1711 1757 solii
1733 1709 1804 1757 sui
1826 1725 1854 1756 a
1875 1709 2098 1767 sinistris,

316 1809 466 1857 prope
500 1794 711 1858 prelatos
749 1795 1047 1854 assistentes,
1088 1795 1169 1843 ubi
1210 1799 1493 1843 manserunt
1528 1809 1680 1856 usque
1721 1792 1962 1856 completo
1999 1796 2101 1840 toto

317 1876 480 1924 officio
505 1882 551 1925 et
576 1893 670 1926 non
695 1883 930 1927 venerunt
958 1879 1018 1926 ad
1045 1879 1429 1943 processionem.
1466 1880 1595 1941 Papa
1609 1877 1754 1926 'dedit
1778 1877 1848 1924 eis
1875 1875 2103 1924 candelas

316 1965 425 2024 post
445 1962 656 2023 prelatos
682 1967 874 2026 paratos
901 1967 1011 2011 ante
1033 1962 1398 2027 penitentiarios
1419 1965 1628 2026 parataS,
1654 1966 1701 2009 et
1724 1961 1791 2009 sic
1822 1960 1967 2009 etiam
1992 1958 2102 2008 a'nte

318 2059 487 2093 omnes
508 2045 627 2093 alios
655 2051 889 2107 oratoreS,
912 2047 1026 2096 licet
1054 2048 1118 2095 ibi
1149 2052 1313 2095 essent
1337 2050 1553 2094 oratores
1583 2060 1752 2108 regum
1774 2048 2102 2093 Romanorum

318 2133 365 2175 et
387 2129 611 2186 Francie;
636 2145 810 2192 aquam
832 2135 941 2194 post
972 2130 1361 2178 distributionem
1394 2129 1703 2177 candelarum
1730 2128 1952 2175 manibus
1977 2126 2102 2191 Pape

319 2210 602 2259 ministravit
629 2214 686 2259 D.
711 2213 1027 2275 Marquardus
1055 2213 1113 2261 de
1137 2213 1396 2276 Breysach,
1414 2210 1584 2260 'orator
1603 2211 1732 2274 regis
1754 2214 2101 2269 Romanorum,

321 2309 415 2356 quo
437 2294 482 2341 in
505 2294 613 2342 loco
636 2311 721 2343 suo
743 2296 1018 2356 incedente,
1046 2299 1174 2360 Papa
1191 2297 1400 2344 intrante
1424 2295 1675 2359 capellam,
1702 2296 1758 2342 D.
1782 2294 2027 2341 Johannes
2046 2293 2104 2341 de

324 2379 483 2438 Serra,
510 2384 673 2426 orator
694 2379 820 2442 regis
842 2379 1059 2439 Francie,
1084 2379 1394 2442 interrogavit
1413 2394 1492 2426 me
1514 2378 1736 2440 quisnam
1759 2379 1957 2426 essetD.
1979 2378 2106 2424 Mar-

323 2459 550 2523 quardus,
588 2462 715 2524 quod
745 2462 1015 2525 digniorem
1045 2463 1206 2511 locum
1237 2462 1456 2510 haberet.
1491 2462 1734 2525 Respondi
1775 2461 1904 2525 quod
1944 2465 2109 2509 orator

324 2544 452 2607 regis
474 2547 820 2604 Romanorum,
846 2546 923 2594 cui
943 2547 1125 2610 primus
1146 2547 1281 2595 locus
1304 2546 1524 2605 debetur,
1548 2546 1628 2609 qui
1648 2546 1763 2595 licet
1784 2546 1943 2607 fuerit,
1968 2546 2102 2605 alias,

325 2628 614 2691 imperatore
645 2625 779 2692 p'atre
803 2646 887 2677 suo
912 2631 1112 2691 vivente,
1147 2647 1234 2694 per
1264 2636 1481 2679 oratores
1512 2629 1639 2692 regis
1670 2630 1870 2679 Francie
1892 2629 2105 2678 indebite

325 2716 547 2774 negatus,
584 2718 856 2761 asserentes
895 2718 1006 2762 tunc
1036 2714 1166 2778 ipsos
1197 2714 1477 2778 imperatori
1509 2713 1695 2761 tantum
1724 2713 1898 2762 cedere
1926 2710 2105 2762 debere

326 2810 422 2840 non
443 2795 544 2857 regi
566 2798 890 2846 Romanorum
914 2798 1040 2861 apud
1067 2814 1211 2861 quem
1233 2797 1364 2845 nulla
1392 2801 1520 2845 esset
1542 2797 1909 2857 administratio,
1943 2801 2106 2845 tamen

327 2877 472 2925 modo
504 2878 665 2926 locum
696 2879 854 2942 ipsum
887 2896 1191 2943 nequaquam
1219 2879 1386 2943 negari
1422 2895 1582 2943 posse,
1614 2895 1725 2928 cum
1755 2879 2105 2928 administratio

328 2960 518 3023 imperii
553 2961 697 3008 modo
735 2962 862 3024 apud
896 2963 1054 3025 ipsum
1091 2963 1280 3011 existat.
1319 2963 1570 3024 Acquievit
1605 2963 1733 3010 idem
1770 2965 1826 3010 D.
1862 2962 2107 3010 Johannes

331 3043 568 3091 sententie
590 3059 716 3102 mee,
743 3048 789 3092 et
812 3046 868 3091 D.
893 3045 1234 3108 Marquardum
1259 3062 1405 3109 supra
1426 3061 1476 3093 se
1499 3050 1624 3093 stare
1645 3045 1846 3109 pacifice
1868 3045 2104 3110 permisit.

398 3125 554 3174 Finito
596 3126 774 3186 officio,
824 3129 880 3174 D.
925 3127 1180 3191 episcopus
1226 3128 1581 3188 Foroliviensis.
1623 3128 1744 3177 alter
1779 3134 1943 3177 orator
1978 3128 2107 3192 regis

330 3208 550 3268 Francie,
590 3225 666 3258 me
700 3210 1009 3273 reprehendit
1042 3227 1129 3275 pro
1158 3227 1215 3259 eo
1243 3211 1373 3275 quod
1399 3212 1578 3260 oratori
1613 3212 1739 3275 regis
1777 3216 2105 3260 Romanorum

330 3308 472 3356 supra
502 3293 687 3341 socium
717 3310 858 3341 suum
886 3294 1049 3342 locum
1087 3294 1346 3354 dedissem,
1383 3312 1606 3344 asserens
1642 3296 1745 3359 regi
1776 3295 2102 3344 Romanorum

332 3375 494 3423 locum
523 3376 657 3424 illum
683 3393 780 3425 non
815 3377 999 3439 deberi,
1039 3394 1149 3427 cum
1186 3379 1401 3427 nondum
1423 3380 1496 3427 ‘sit
1536 3375 2102 3442 coronatus3‘resp6ndi‚

335 3459 723 3508 Dominationem
754 3476 889 3509 suam
926 3478 1105 3521 errare,
1145 3463 1258 3525 quia
1286 3462 1422 3510 locus
1452 3463 1530 3510 ille
1562 3479 1658 3510 non
1689 3459 1874 3510 ratione
1907 3459 2107 3508 corona-
