2248 3906
166 316 326 359 [Janvier
347 317 439 357 1498]
612 316 780 354 RERUM
814 315 1115 354 URBANARUM
1147 317 1496 354 COMMENTARH.
1874 322 1942 358 427

167 434 312 482 supra
332 419 480 466 altum
499 419 559 467 ad
578 435 723 467 unam
745 435 985 467 cameram
1006 418 1078 467 vel
1099 419 1254 477 circa;
1279 423 1326 468 et
1346 419 1433 468 fuit
1455 420 1634 484 optime
1655 420 1939 484 dispositum

165 507 212 550 et
230 503 550 566 compositum
575 521 584 550 ε
614 503 786 551 lectica
806 503 893 551 sub
915 519 972 552 ea
1002 504 1148 552 etiam
1175 504 1301 551 bene
1327 503 1640 567 longitudinis
1667 504 1939 567 palmorum

163 600 248 643 xu,
272 586 534 634 latitudinis
561 602 606 633 ix
627 590 673 633 et
703 585 964 634 altitudinis
986 603 1032 634 v.
1064 589 1169 636 Non
1200 587 1393 635 fuerunt
1419 587 1577 650 posita
1606 586 1686 634 illa
1712 587 1807 635 duo
1835 604 1939 636 ma-

163 685 258 733 gna
278 670 566 718 candelabra
586 678 817 720 consueta
842 671 902 718 ad
929 675 1071 735 caput
1098 676 1147 719 et
1171 672 1320 735 pedes
1352 671 1512 720 castri.
1536 675 1679 719 Juxta
1705 677 1935 731 castrum,

161 752 401 801 intorticia
429 770 562 801 xxun
593 755 718 803 inter
747 756 1013 814 columnas,
1043 771 1184 803 xnvm
1214 756 1337 804 inter
1367 755 1580 819 singulas
1608 755 1727 804 duas
1751 756 1941 804 colum-

162 852 279 895 nas;
312 853 456 901 supra
482 837 722 885 intorticia
752 838 887 886 chori
915 839 1133 896 fratrum,
1167 855 1257 902 que
1280 839 1471 887 fuerunt
1499 855 1588 897 vl1;
1615 855 1760 903 supra
1783 855 1941 888 scam-

161 934 279 965 num
300 919 614 967 cardinalium
642 924 689 968 et
718 920 1016 983 prelatorum
1045 924 1091 967 et
1119 920 1168 967 in
1194 921 1352 983 capite
1380 920 1586 969 ecclesie
1603 921 1738 983 juxta
1764 921 1941 969 ostium

164 1002 293 1050 nulla
314 1002 557 1050 intortio-ia
575 1003 732 1066 posita
754 1003 962 1051 fuerunt.
987 1003 1181 1051 Funesti
1204 1009 1250 1050 et
1271 1003 1441 1067 prelati
1463 1003 1537 1050 vix
1562 1003 1834 1051 habuerunt
1853 1021 1940 1068 pro

160 1085 419 1133 medietate
447 1085 689 1144 candelaS,
714 1085 915 1133 aliorum
937 1102 1080 1134 nemo
1109 1086 1222 1149 quia
1248 1089 1305 1134 D.
1330 1089 1544 1136 Ventura
1563 1086 1621 1134 de
1643 1087 1936 1147 BenassaiiS,

159 1169 403 1228 Senensis,
436 1169 495 1216 de
523 1169 676 1216 banco
703 1170 1120 1232 Spanocchiorum
1154 1170 1235 1233 qui
1262 1186 1429 1218 curam
1463 1185 1574 1219 cere
1606 1170 1792 1228 habuit,
1831 1185 1939 1219 cum

159 1250 359 1300 deberet
380 1257 573 1316 portare
593 1253 812 1311 funestis,
837 1254 1032 1317 prelatis
1053 1254 1129 1301 vel
1149 1254 1253 1301 aliis
1276 1254 1674 1312 distribuendam,
1693 1253 1809 1302 fecit
1830 1270 1938 1302 eam

157 1335 335 1396 portari
368 1335 429 1382 ad
458 1336 715 1397 quemdam
749 1337 896 1385 alium
929 1338 1110 1397 locum,
1144 1338 1319 1386 deinde
1353 1338 1414 1385 ad
1446 1338 1645 1385 domum
1678 1354 1816 1386 suam
1850 1354 1938 1401 pro

157 1423 270 1464 cera
299 1417 576 1480 hujusmodi
601 1420 946 1468 conservanda.
974 1421 1201 1469 Ordinate
1229 1420 1421 1468 fuerunt
1450 1421 1634 1484 capelle
1663 1421 1776 1480 due,
1805 1421 1939 1469 vide-

155 1500 268 1549 licet
296 1517 391 1548 una
420 1502 634 1550 secunda
664 1518 750 1550 seu
782 1505 925 1552 tertia
953 1504 1015 1552 ad
1047 1504 1296 1552 dexteram
1328 1504 1550 1553 intrantis
1585 1504 1864 1563 ecclesiam,
1891 1510 1939 1553 et

155 1584 204 1631 in
223 1583 316 1632 hac
342 1589 445 1633 erat
466 1600 578 1634 cera
598 1602 685 1650 pro
708 1587 1048 1647 cardinalibus,
1073 1588 1270 1652 prelatis
1292 1592 1339 1636 et
1361 1588 1581 1647 funestiS,
1607 1592 1655 1636 et
1675 1588 1785 1646 alia,
1811 1592 1939 1636 retro

159 1683 410 1716 scamnum
446 1670 761 1718 cardinalium
800 1687 888 1734 pro
931 1671 1023 1719 alia
1064 1687 1192 1720 cera.
1230 1674 1350 1720 Cum
1385 1670 1530 1734 igitur
1567 1675 1843 1735 portaretur
1880 1671 1939 1719 de

155 1751 314 1814 prima
340 1752 389 1799 in
421 1752 549 1801 dicta
579 1754 781 1818 capella,
806 1759 858 1802 ut
884 1755 1194 1818 premittitur,
1222 1754 1571 1813 distribuenda,
1595 1754 1850 1817 portabant
1880 1754 1941 1802 ad

159 1833 302 1882 aliam
323 1835 586 1883 secundam
607 1838 688 1884 ubi
718 1840 772 1885 D.
796 1840 1010 1887 Ventura
1032 1838 1245 1886 retinuit.
1274 1841 1503 1886 Cantores
1530 1838 1681 1886 nostri
1703 1842 1940 1885 steterunt

155 1917 204 1964 in
233 1917 386 1966 choro
413 1918 611 1968 fratrum
638 1925 889 1969 cantantes
921 1937 931 1969 :
961 1921 1055 1970 alia
1084 1922 1248 1969 omnia
1277 1922 1530 1969 observata
1557 1927 1668 1970 sunt
1694 1936 1831 1970 more
1857 1936 1937 1969 so-

153 1999 261 2049 lito.

225 2085 405 2134 Cedula
427 2102 538 2135 cere
550 2076 643 2151 'pro
665 2088 943 2152 hujusmodi
966 2088 1181 2151 exequiis
1203 2087 1421 2135 ordinate
1447 2106 1456 2135 :

219 2169 462 2218 lntorticia
480 2174 695 2233 -quatuor
719 2170 951 2218 librarum
971 2187 1058 2235 pro
1086 2171 1308 2230 ecclesia,
1332 2187 1536 2220 numero
1545 2209 1710 2220 .....
1877 2188 1936 2220 XL

212 2252 456 2300 lntorticia
479 2269 566 2317 pro
594 2258 900 2303 sacramento
929 2259 976 2302 et
1003 2254 1343 2314 cardinalibus,
1368 2271 1591 2304 numero.
1622 2293 1630 2302 .
1661 2294 1670 2304 .
1700 2294 1711 2304 .
1791 2272 1935 2304 xxxvi

217 2335 425 2384 Candele
454 2336 688 2384 librorum
714 2353 763 2385 XI
794 2353 880 2400 pro
905 2337 1098 2401 prelatis
1127 2342 1174 2386 et
1203 2338 1426 2398 funestis,
1450 2344 1498 2387 et
1522 2356 1605 2388 vm
1631 2356 1718 2404 pro

151 2419 289 2467 altari
317 2424 364 2467 et
391 2420 655 2479 credentia,
680 2421 738 2468 de
770 2421 1026 2485 bombyce,
1055 2437 1260 2470 numero
1269 2460 1710 2473 ............
1785 2442 1935 2474 chxx

215 2503 423 2551 Candele
452 2503 592 2550 unius
618 2503 759 2563 libre,
784 2520 986 2552 numero
995 2542 1706 2556 ...................
1852 2525 1935 2558 ccc

211 2585 418 2634 Candele
440 2587 598 2645 medie
619 2587 760 2646 libre,
781 2603 985 2636 numero
993 2624 1703 2639 ...................
1848 2609 1932 2641 ccc

211 2667 419 2716 Candele
447 2684 518 2715 1111
545 2684 632 2731 pro
661 2669 820 2728 uncia,
851 2657 1053 2719 numero
1062 2709 1701 2722 .................
1894 2693 1930 2724 Μ

211 2750 418 2799 Candele
446 2768 507 2799 xx
532 2768 619 2816 pro
646 2752 783 2812 libra,
808 2741 1013 2803 numero
1022 2792 1701 2806 ..................
1869 2777 1928 2807 xx

210 2836 348 2884 Feria
369 2841 520 2895 sexta,
552 2840 579 2885 5
608 2836 788 2885 mensis
811 2837 1037 2900 januarii,
1067 2838 1243 2902 vigilia,
1274 2839 1469 2888 fuerunt
1497 2826 1694 2905 vespere
1723 2845 1928 2907 papales

147 2918 196 2966 in
225 2919 411 2982 capella
430 2921 616 2984 majore
647 2920 810 2984 palatii
834 2921 961 2984 apud
988 2938 1027 2969 s.
1055 2924 1271 2982 Petrum,
1297 2925 1425 2987 Papa
1448 2931 1674 2987 presente
1700 2942 1710 2973 z
1736 2942 1928 2976 sermo-

146 3015 257 3047 nem
284 3001 398 3049 fecit
431 3003 625 3065 quidam
653 3003 801 3051 frater
826 3003 1006 3051 ordinis
1034 3020 1276 3055 servorum
1306 3007 1448 3056 beate
1475 3009 1644 3067 Marie,
1674 3014 1928 3073 protector

145 3082 364 3146 ejusdcm
393 3085 590 3133 ordinis.

208 3165 346 3212 Feria
366 3171 550 3228 quarta,
589 3172 646 3216 10
675 3169 789 3218 dicti
819 3173 1000 3220 mensis
1026 3172 1251 3236 januarii,
1286 3176 1340 3220 R.
1374 3173 1420 3219 in
1451 3173 1641 3222 Christo
1672 3178 1722 3222 Ρ.
1756 3177 1814 3222 D.
1839 3178 1924 3223 Jo-

143 3248 347 3307 hanneS,
373 3249 628 3313 episcopus
654 3254 1029 3302 Interamnensis
1057 3256 1313 3305 celebravit
1343 3257 1541 3304 missam
1568 3257 1813 3318 publicam
1835 3257 1922 3306 de-

142 3330 416 3379 functorum
454 3347 541 3394 pro
580 3333 740 3382 anima
777 3336 1019 3398 quondam
1059 3339 1291 3386 Johannis
1330 3338 1560 3401 principis
1608 3340 1917 3404 primogeniti

142 3414 267 3476 regis
295 3413 648 3476 Hispaniarum,
681 3418 808 3480 Papa
833 3423 1058 3481 presente
1087 3421 1134 3468 in
1164 3421 1464 3483 pluvialibus,
1490 3427 1538 3469 et
1559 3423 1783 3471 omnibus
1806 3440 1914 3471 car-
