2222 3926
325 349 394 385 204
935 346 1166 387 JOHANNIS
1200 346 1493 394 BURCHARDI,
1772 352 1980 390 tneeemhre
2001 358 2096 399 1494]

326 451 554 515 Majestas
568 453 815 514 pateretur
829 465 1060 514 magnum
1078 450 1328 508 interesse,
1341 453 1439 497 tum
1456 454 1655 514 propter
1669 452 1965 515 ereptionem
1977 457 2096 505 Gem

327 534 483 583 sultan
506 534 664 582 fratris
687 533 778 592 sui,
803 538 903 582 tum
930 533 1074 582 etiam
1103 533 1215 596 quia
1243 537 1650 596 prosequerentur
1672 534 2027 599 expeditionem
2050 543 2097 588 at

324 618 467 681 longe
490 632 599 665 cum
623 616 792 679 maj0ri
820 619 993 663 conatu
1016 618 1185 663 contra
1205 614 1551 664 Celsitudinem
1573 632 1728 676 suam,
1754 622 1801 667 et
1821 618 1869 666 in
1891 619 1966 667 tali
1985 635 2097 670 casu

304 683 555 746 'haberent
576 696 803 745 auxilium
828 697 886 744 ab
905 695 1144 760 HispaniS‚
1170 697 1401 760 AngliciS,
1426 699 1749 748 Maximiliano
1769 705 1816 750 et
1839 703 2093 766 HungariS,

327 781 518 829 Polonis
543 785 590 828 et
611 779 855 838 Bohemis‚
870 779 948 842 qui
971 794 1139 828 omnes
1162 785 1271 828 sunt
1285 782 1605 845 potentissimi
1621 784 1876 848 principes.
1899 788 2099 836 Persua-

326 864 540 912 debisvet
571 862 900 912 exhortaberis
930 863 1231 926 MaJestatem
1263 880 1400 913 suam
1427 881 1571 928 quam
1601 871 1822 916 tenemur
1842 870 2097 919 certiorem

327 947 531 999 reddere
550 947 612 996 ob
629 962 788 995 veram
803 950 849 995 et
861 946 1037 995 bonam
1048 947 1307 996 amicitiam
1318 964 1462 1012 quam
1476 949 1712 999 hahemus
1730 951 2020 1012 adinvicem,
2037 969 2097 1002 ne

325 1033 536 1097 patiatur
550 1030 729 1095 aliquid
741 1030 994 1089 interesse,
1015 1034 1063 1080 et
1081 1030 1241 1081 statim
1257 1032 1414 1082 mittat
1436 1049 1584 1082 unum
1605 1038 1846 1084 oratorem
1861 1034 1921 1084 ad
1939 1036 2100 1085 Domi-

326 1131 441 1164 num
461 1117 777 1174 Venetorum,
803 1113 1118 1178 significando
1141 1114 1345 1178 qualiter
1362 1121 1492 1166 certe
1508 1117 1742 1166 intellexit
1766 1133 1930 1182 regem
1948 1121 2098 1168 Fran-

329 1199 400 1248 cie
423 1213 616 1247 movere
632 1213 683 1247 se
706 1197 766 1246 ad
782 1196 1068 1246 veniendum
1092 1200 1294 1247 Romam
1311 1199 1370 1248 ad
1390 1200 1678 1264 capiendum
1699 1202 1815 1250 Gem
1832 1202 1984 1250 sultan
2004 1202 2100 1252 fra-

326 1286 448 1331 trem
483 1297 640 1341 suum,
683 1280 793 1330 inde
826 1295 1031 1344 regnum
1069 1281 1452 1346 Neapolitanum,
1467 1324 1470 1327 .
1487 1281 1682 1329 demum
1724 1285 1853 1330 terra
1881 1283 2097 1346 marique

326 1369 494 1415 contra
509 1381 559 1413 se
580 1380 838 1430 preparare
862 1365 990 1428 quod
1006 1365 1116 1414 velit
1137 1366 1294 1415 facere
1314 1381 1509 1415 omnem
1531 1366 1855 1416 resistentiam
1878 1372 1926 1416 et
1947 1383 1997 1417 se
2020 1368 2099 1417 de-

325 1449 523 1498 fendere
543 1453 709 1498 contra
728 1449 884 1513 ipsum
908 1453 954 1497 et
977 1449 1167 1498 deviare
1198 1465 1256 1498 ne
1274 1450 1422 1498 frater
1439 1466 1554 1498 suus
1576 1450 1862 1513 capiaturex
1875 1451 2097 1504 man-ibus

327 1533 521 1591 nostriS‚
556 1532 684 1596 quod
721 1532 1002 1581 exhortetur
1034 1537 1082 1581 et
1120 1532 1383 1597 adstringat
1419 1533 1547 1597 quod
1575 1548 1662 1597 pro
1696 1539 1873 1598 quanto
1909 1550 2097 1584 corres-

326 1615 506 1680 pondet
526 1614 737 1664 amicitia
757 1631 859 1675 sua,
885 1615 1058 1665 debeat
1076 1630 1181 1665 esse
1198 1616 1476 1680 adjumento
1499 1620 1544 1665 et
1566 1616 1835 1665 defensioni
1866 1622 2028 1667 nostre
2050 1623 2096 1667 et

328 1700 455 1764 regis
476 1700 726 1765 Alphonsi,
746 1705 875 1748 terra
895 1699 1111 1762 marique
1134 1704 1181 1748 et
1195 1699 1323 1763 quod
1344 1714 1512 1748 omnes
1528 1700 1709 1748 amicos
1725 1704 1916 1748 nostros
1932 1705 1979 1749 et
1993 1717 2099 1764 pre-

330 1789 650 1833 memoratum
662 1798 824 1847 regem
838 1782 1036 1831 habebit
1047 1797 1135 1846 pro
1148 1783 1287 1832 bonis
1301 1782 1466 1832 amicis
1483 1782 1599 1841 suis,
1613 1787 1660 1831 et
1673 1787 1863 1831 nostros
1877 1783 2096 1833 inimicos

325 1883 411 1931 pro
431 1867 662 1925 inimicis3
688 1871 733 1914 et
757 1867 795 1914 si
818 1866 1092 1914 Dominium
1115 1866 1420 1930 pollicebitur
1440 1865 1561 1915 velle
1583 1866 1857 1915 consentire
1880 1867 1959 1915 tali
1975 1867 2097 1931 peti-

330 1951 447 1999 tioni
477 1965 580 2010 sue,
603 1953 766 1998 orator
791 1949 968 1998 habeat
995 1949 1276 1998 mandatum
1310 1949 1368 1999 de
1401 1964 1497 1998 non
1529 1949 1769 1999 credendo
1796 1965 1854 1999 ex
1879 1949 2095 2000 Venetiis

327 2049 577 2098 quousque
607 2032 777 2082 viderit
799 2033 1026 2082 effectum
1061 2037 1107 2082 et
1132 2033 1262 2097 quod
1290 2033 1401 2081 dicti
1433 2033 1603 2083 Veneti
1626 2032 1869 2082 declarent
1893 2049 1944 2081 se
1985 2049 2092 2082 esse

323 2117 505 2166 amicos
527 2122 575 2166 et
593 2117 870 2181 adjumento
907 2116 1045 2165 nobis
1059 2121 1106 2166 et
1124 2117 1223 2181 regi
1239 2117 1485 2182 Alphonso
1508 2122 1556 2166 et
1589 2132 1696 2166 esse
1719 2121 1887 2166 contra
1908 2116 2091 2165 amicos

324 2202 617 2250 Francorum
641 2206 688 2251 et
711 2200 914 2249 aliorum
933 2200 1267 2248 adherentium
1290 2200 1390 2264 regi
1410 2200 1610 2248 Francie
1627 2216 1637 2248 ε
1654 2205 1702 2248 et
1723 2200 1761 2247 si
1777 2204 1944 2248 contra
1965 2199 2095 2248 dixe-

326 2284 438 2343 rint,
465 2284 703 2349 significet
733 2283 886 2332 dictus
909 2288 1070 2332 orator
1091 2283 1219 2347 quod
1248 2283 1521 2331 Dominatio
1550 2298 1636 2331 sua
1668 2298 1764 2331 non
1791 2281 1987 2331 habebit
2010 2298 2095 2332 eos
2149 2335 2151 2337 ,

327 2366 508 2415 amicos
531 2371 577 2415 et
598 2370 766 2431 postea
795 2365 990 2415 recedat
1016 2366 1074 2415 ab
1106 2366 1174 2415 eis
1195 2367 1469 2430 indignatus
1496 2383 1505 2415 :
1529 2382 1820 2430 quamquam
1854 2366 2095 2415 credimus

325 2448 452 2512 quod
490 2449 527 2497 si
560 2465 646 2497 sua
680 2450 903 2514 Majestas
934 2449 1157 2498 ardenter
1188 2449 1450 2514 adstringat
1486 2465 1569 2498 eos
1609 2450 1753 2498 modo
1788 2449 2090 2499 convenienti

326 2533 454 2597 quod
473 2533 863 2583 condescendant
885 2533 944 2581 ad
962 2533 1229 2582 faciendam
1248 2534 1541 2583 voluntatem
1557 2533 1819 2598 Majestatis
1842 2549 1944 2592 sue,
1964 2533 2094 2582 etsie

325 2617 616 2681 persuadeas
645 2617 714 2666 eis
742 2617 944 2665 multum
969 2622 1019 2665 ut
1049 2617 1205 2666 tacere
1233 2617 1327 2666 hoc
1354 2617 1516 2677 velint,
1541 2617 1652 2680 quia
1683 2616 1811 2665 istud
1847 2620 1920 2665 est
1940 2616 2096 2680 majus

325 2701 609 2766 adjuvamen
636 2704 683 2749 et
703 2701 973 2749 remedium
1005 2701 1133 2764 quod
1158 2701 1340 2749 habere
1367 2716 1642 2765 possumus,
1663 2701 1919 2764 impetrare
1946 2703 1997 2747 ut
2018 2715 2096 2747 re-

327 2785 462 2832 sistet
496 2784 681 2848 injuriis
702 2784 878 2831 nostris
920 2789 966 2832 et
998 2784 1277 2832 sollicitabis
1312 2788 1488 2848 quanto
1517 2783 1657 2831 citius
1683 2782 1918 2832 licentiari
1949 2782 2093 2830 talem

328 2871 567 2915 oratorem
595 2871 646 2915 ut
675 2866 869 2916 recedat
908 2872 1017 2915 ante
1050 2872 1114 2925 te,
1157 2882 1268 2915 nam
1306 2867 1509 2915 multum
1546 2866 1770 2929 importat
1806 2863 2093 2913 acceleratio

326 2965 427 2997 sua.

390 3034 650 3084 Denotabis
671 3034 849 3098 pariter
859 3036 1034 3098 Magno
1053 3035 1204 3081 Turce
1220 3031 1476 3081 adventum
1499 3031 1704 3081 oratoris
1719 3031 1877 3095 Magni
1893 3030 2088 3080 Soldani

323 3117 382 3164 ad
412 3127 498 3166 nos
529 3132 640 3165 cum
671 3116 821 3165 literis
852 3120 898 3164 et
936 3116 1215 3164 muneribus
1245 3131 1338 3180 que
1366 3116 1629 3164 transmisit
1667 3114 1807 3163 nobis
1844 3110 2090 3178 querendo

324 3202 441 3249 Gem
477 3200 672 3250 fratrem
707 3215 845 3248 suum
883 3215 936 3248 ac
971 3215 1170 3263 magnas
1203 3199 1470 3248 oblationes
1503 3205 1551 3248 et
1586 3197 1931 3263 promissiones
1970 3211 2087 3260 quas

324 3283 462 3332 nobis
484 3283 596 3332 fecit
611 3284 670 3332 de
686 3298 860 3348 magno
880 3284 1107 3332 thesauro
1125 3298 1179 3332 ac
1201 3282 1259 3332 de
1275 3282 1438 3331 multis
1457 3281 1561 3330 aliis
1577 3282 1742 3339 rebus3
1767 3284 1815 3328 et
1833 3279 1955 3328 bene
1972 3277 2084 3335 sciS‚

321 3366 708 3430 quandoquidem
730 3371 812 3415 tuo
834 3367 993 3415 medio
1016 3366 1177 3415 omnia
1197 3367 1288 3416 sint
1309 3365 1571 3430 practicata
1598 3370 1646 3413 et
1671 3366 1793 3413 sicut
1818 3361 2091 3411 continetur

322 3448 368 3495 in
386 3447 603 3511 capitulis
621 3463 713 3511 que
729 3448 881 3497 dictus
900 3452 1059 3496 orator
1078 3448 1189 3496 tecit
1206 3452 1250 3496 et
1268 3447 1419 3507 dedit;
1440 3447 1734 3511 significabis
1752 3443 1986 3510 Majestati
2003 3459 2088 3491 sue
