2248 3906
199 331 468 372 manvia-1498]
633 329 802 366 RERUM
835 327 1140 365 URBANARUM
1172 326 1521 365 COMMENTARII.
1899 330 1968 365 425

265 431 533 490 Dominica,
556 432 723 480 ultima
748 431 860 479 dicti
887 430 1068 478 mensis
1095 429 1383 489 decembris,
1407 429 1567 492 vigilia
1586 429 1966 478 circumcisionis

197 515 405 574 Domini,
446 515 640 563 suerunt
671 530 867 579 vespere
900 512 1096 577 papales
1130 511 1178 559 in
1208 512 1392 576 capella
1423 512 1657 576 predicta,
1694 515 1824 576 Papa
1855 529 1967 577 pre-

198 603 350 658 sente,
376 603 486 647 ante
513 613 655 661 quem
678 597 904 660 despotus
925 599 1087 644 Moree
1104 599 1396 659 conquestus
1414 595 1502 644 fuit
1522 595 1582 644 de
1601 595 1710 644 loco
1726 611 1832 656 su0,
1858 611 1968 644 cum

198 681 512 730 intellexisset
548 680 656 729 duci
694 680 954 728 Stetinensi
993 680 1156 728 datum
1196 695 1303 727 esse
1340 679 1503 727 locum
1543 679 1820 728 immediate
1860 684 1970 743 post

198 764 465 813 cardinales
487 769 535 813 et
557 767 666 812 ante
689 778 818 822 eum,
843 763 985 826 idque
1014 762 1118 810 fieri
1139 777 1236 811 non
1258 763 1421 812 licere.
1447 766 1575 826 Papa
1595 778 1693 811 non
1715 763 1964 826 respondit

197 846 240 893 ei
272 847 486 907 verbum,
520 846 607 894 sed
643 846 885 894 commisit
920 846 1038 893 mihi
1071 846 1216 908 quod,
1253 851 1362 909 post
1398 862 1639 910 vesperas,
1678 847 1721 894 ei
1755 846 1969 894 dicerem

196 930 326 993 quod
346 946 405 977 ne
428 945 535 978 cras
557 935 602 978 et
624 929 758 989 aliaS,
779 929 900 977 duce
921 929 1137 992 predicto
1158 935 1401 992 presente,
1426 929 1486 977 ad
1510 929 1746 993 capellam
1762 929 1965 988 veniret,

197 1014 326 1075 quod
346 1017 394 1062 et
414 1013 522 1071 feci,
547 1019 594 1061 et
614 1013 716 1077 ipse
738 1012 1018 1060 mandatum
1039 1011 1317 1075 hujusmodi
1340 1013 1623 1060 observavit.
1921 1062 1924 1065 ,

263 1097 401 1144 Feria
421 1096 651 1154 secunda,
680 1099 698 1142 1
731 1095 912 1143 mensis
941 1095 1166 1158 januarii,
1187 1095 1311 1143 festo
1341 1095 1724 1144 circumcisionis
1755 1095 1966 1155 Domini,

196 1183 362 1227 Rmus.
389 1182 445 1227 D.
471 1179 726 1227 cardinalis
746 1178 1100 1228 Alexandrinus
1131 1179 1387 1238 celebravit
1408 1180 1607 1227 missam
1629 1179 1899 1228 solemnem
1920 1180 1970 1228 in

196 1264 378 1327 capella
398 1264 633 1327 predicta,
658 1266 787 1326 Papa
806 1267 1032 1326 presente
1059 1279 1068 1310 :
1095 1279 1371 1312 sermonem
1400 1263 1512 1311 fecit
1536 1267 1819 1326 procurator
1840 1264 1971 1311 ordi-

294 1348 670 1405 carmelitarum,
695 1349 825 1409 Papa
852 1347 1068 1395 absente.
1096 1349 1208 1395 Post
1229 1347 1428 1395 missam
1454 1347 1649 1405 dictam,
1671 1346 1789 1393 dixit
1815 1347 1974 1395 cardi-

194 1430 399 1489 nalibus,
430 1446 508 1479 me
541 1430 784 1489 audiente,
810 1445 918 1478 sese
951 1430 1266 1493 complevisse
1297 1431 1403 1478 heri
1433 1429 1788 1493 sexagesimum
1824 1430 1973 1493 septi-

193 1515 326 1560 mum
344 1528 522 1560 annum
544 1512 684 1560 etatis
703 1527 787 1559 sue
807 1526 863 1559 ac
881 1515 1045 1559 natum
1065 1527 1172 1560 esse
1189 1512 1343 1576 prima
1364 1511 1441 1559 die
1460 1511 1798 1572 hebdomadis,
1817 1513 1972 1577 prima

193 1595 270 1644 die
297 1596 478 1643 mensis
506 1599 553 1643 et
581 1596 737 1658 prima
763 1597 839 1644 die
868 1596 998 1656 anni,
1023 1611 1149 1644 anno
1176 1596 1333 1659 primo
1361 1595 1668 1659 pontificatus
1695 1597 1846 1645 felicis
1867 1612 1972 1646 me-

195 1679 346 1726 morie
368 1679 569 1742 Eugenii
596 1695 718 1743 pape
746 1680 900 1743 quarti
924 1679 989 1740 (1)
1010 1698 1020 1737 ;
1045 1680 1267 1728 dixerunt
1293 1679 1373 1727 alii
1394 1679 1524 1742 quod
1549 1681 1706 1744 prima
1724 1681 1844 1730 hora
1863 1685 1973 1745 post

195 1761 405 1808 mediam
426 1761 645 1810 ultimam
667 1763 796 1810 diem
817 1763 997 1811 mensis
1022 1763 1293 1812 decembris
1320 1763 1598 1812 immediate
1621 1765 1886 1828 sequentis,
1911 1765 1970 1813 de

195 1858 289 1906 quo
318 1846 479 1891 tamen
505 1844 587 1891 SS.
614 1847 670 1891 D.
692 1848 858 1893 noster
883 1845 1002 1893 nihil
1030 1845 1162 1894 dixit.
1187 1848 1239 1893 In
1270 1861 1464 1894 camera
1488 1847 1746 1910 papagalli,
1770 1863 1881 1896 cum
1908 1851 1965 1895 D.

192 1931 357 1974 noster
378 1930 660 1990 paramenta
686 1927 967 1991 deponeret,
993 1927 1233 1975 mandavit
1260 1927 1377 1974 mihi
1406 1927 1529 1975 tradi
1558 1928 1741 1977 clavem
1768 1929 1968 1977 cancelli

191 2010 289 2057 sive
318 2009 492 2057 ferrate
530 2010 580 2057 in
609 2025 703 2073 qua
741 2011 899 2074 capita
930 2011 1259 2075 apostolorum
1287 2011 1414 2058 Petri
1444 2015 1493 2059 et
1523 2010 1656 2058 Pauli
1687 2011 1736 2057 in
1765 2010 1965 2060 basilica

191 2094 500 2143 Lateranensi
534 2094 885 2154 custodiuntur,
919 2110 1064 2158 quam
1091 2094 1329 2142 Sanctitas
1363 2110 1448 2142 sua
1470 2094 1650 2143 habere
1687 2095 1955 2155 consuevit,

189 2193 333 2240 quam
362 2180 417 2225 D.
446 2177 653 2224 Jacobus
682 2180 943 2236 Casanova,
974 2177 1297 2226 subdiaconus
1324 2178 1614 2240 apostolicus
1646 2181 1692 2226 et
1717 2178 1966 2226 cubicula-

190 2260 285 2308 rius
303 2276 418 2308 suus
440 2264 652 2309 secretus
674 2260 792 2308 mihi
815 2261 1103 2325 assignavit3
1129 2265 1176 2309 et
1197 2260 1439 2309 commisit
1468 2261 1588 2308 mihi
1617 2261 1856 2310 Sanctitas
1880 2278 1968 2311 sua

188 2344 315 2407 quod
339 2343 460 2391 hora
483 2359 792 2408 vesperarum
819 2344 1194 2393 illustrissimum
1218 2344 1391 2393 ducem
1414 2345 1740 2394 Stetinensem
1761 2344 1822 2393 ad
1837 2344 1967 2393 basi-

186 2427 330 2474 licam
352 2427 619 2490 predictam
637 2428 931 2476 associarem
950 2432 996 2475 et
1016 2428 1171 2492 capita
1186 2427 1403 2492 predicta
1418 2428 1508 2476 sibi
1525 2428 1738 2477 facerem
1754 2430 1961 2490 ostendi,

188 2513 236 2557 et
256 2509 385 2572 quod
405 2509 453 2556 in
480 2510 749 2558 cancellum
772 2510 1044 2574 predictum
1071 2510 1167 2558 dux
1193 2510 1596 2559 intromitteretur
1621 2511 1732 2575 quia
1759 2513 1964 2560 commi-

188 2598 315 2643 serat
334 2594 463 2657 quod
483 2598 843 2642 conservatores
865 2594 1011 2642 etiam
1034 2609 1142 2641 suas
1164 2593 1319 2642 claves
1338 2594 1399 2642 ad
1418 2594 1512 2643 hoc
1533 2595 1778 2644 mitterent
1799 2612 1809 2655 3
1835 2596 1965 2659 quod

187 2682 234 2726 et
253 2678 432 2725 factum
454 2682 544 2726 est.
568 2677 798 2726 Ascendit
827 2676 923 2724 dux
946 2677 1214 2725 cancellum
1234 2677 1504 2741 predictum
1524 2683 1633 2741 post
1660 2693 1756 2737 me,
1782 2684 1830 2727 et
1851 2684 1960 2743 post

187 2777 298 2808 eum
317 2761 413 2808 dux
430 2761 807 2809 Brunswicensis
835 2766 882 2808 et
910 2760 1200 2809 Philibertus
1226 2761 1475 2821 Naturelli,
1502 2767 1721 2810 oratores
1746 2762 1960 2811 serenis-

186 2843 293 2891 simi
327 2847 650 2893 Romanorum
689 2845 839 2908 regis3
874 2844 1048 2893 deinde
1082 2844 1264 2893 clavem
1298 2845 1514 2908 predicto
1549 2848 1606 2894 D.
1630 2835 1822 2894 ‘Jacobo
1856 2861 1960 2895 res-

186 2927 310 2975 titui.

251 3010 389 3058 Feria
408 3011 565 3069 tertia,
591 3014 618 3058 2
638 3010 818 3058 mensis
840 3011 1065 3074 januarii,
1091 3011 1299 3059 intimari
1326 3012 1418 3060 feci
1446 3013 1674 3076 exequias
1702 3012 1828 3061 bone
1850 3029 1956 3060 me-

187 3092 339 3140 morie
359 3093 612 3141 cardinalis
643 3094 916 3142 Parmensis
943 3094 1020 3143 die
1051 3095 1260 3143 crastina
1288 3095 1536 3143 habendas
1560 3112 1648 3159 per
1673 3095 1956 3144 schedulam

186 3190 328 3237 quam
350 3176 623 3224 cursoribus
644 3177 896 3240 assignavi,
920 3177 1196 3241 hujusmodi
1215 3178 1304 3225 sub
1322 3184 1488 3226 tenore
1508 3194 1517 3225 :
1540 3198 1563 3221 «
1585 3180 1652 3224 Ex
1671 3182 1805 3241 parte
1828 3178 1952 3226 Rmi.

235 3323 268 3358 1.
297 3321 346 3358 Le
366 3333 457 3370 pape
478 3322 566 3359 etait
583 3326 629 3359 ne
655 3326 677 3360 a
702 3325 845 3371 Xativa,
867 3324 1011 3361 diocese
1038 3325 1083 3360 de
1112 3324 1278 3369 Valence,
1305 3325 1397 3360 dans
1424 3324 1455 3359 le
1482 3335 1652 3371 royaume
1673 3324 1719 3360 de
1739 3323 1953 3373 Catalogne,

186 3380 217 3416 lc
239 3382 293 3416 1ΕΡ
307 3379 449 3428 janvier
469 3382 574 3426 1431,
597 3386 632 3418 et
651 3393 723 3418 non
744 3395 810 3431 pas
831 3383 863 3419 le
885 3385 924 3419 11
947 3386 1033 3419 aosst
1053 3384 1158 3427 1430,
1180 3395 1317 3420 comme
1339 3382 1450 3418 l'ecrit
1471 3381 1690 3430 Hieronymo
1710 3383 1839 3420 Porzio
1862 3385 1954 3420 dans

187 3451 253 3475 son
274 3440 530 3477 commentaire
550 3441 619 3477 cite'
639 3444 660 3477 a
676 3441 783 3489 l'app.
805 3449 847 3478 n⁰
869 3444 901 3479 1.
