2202 3926
310 307 356 341 78
920 301 938 337 J
943 297 1152 336 OHANNIS
1186 294 1480 340 BURCHARDI,
1890 294 1972 332 [Mai
1994 293 2088 332 1493]

374 405 481 472 [Die
517 407 574 452 10
597 403 741 468 junii,
775 418 886 450 cum
907 416 1082 466 magno
1102 400 1330 449 comitatu
1352 398 1709 462 episcoporum,
1732 393 1864 442 venit
1884 397 2088 441 Romam

310 493 367 539 D.
397 487 686 546 Alexander,
718 486 843 534 filius
873 489 929 533 D.
960 485 1018 533 de
1045 485 1261 543 Pisauro,
1288 487 1335 531 et
1361 481 1531 530 eadem
1557 478 1634 526 die
1660 478 1709 524 in
1738 492 1940 525 uxorem
1963 478 2091 541 cepit

310 589 398 637 per
428 573 575 621 verba
603 571 662 620 de
693 571 852 619 futuro
892 568 1041 617 filiam
1072 567 1285 631 spuriam
1316 568 1444 628 Pape
1480 560 1757 621 Alexandri,
1789 577 1935 625 quam
1956 561 2090 624 prius

311 658 465 707 dictus
507 660 651 718 Papa,
701 654 814 701 dum
854 656 956 701 erat
1006 650 1286 708 cardinalis,
1333 650 1563 711 nupserat
1613 645 1803 693 cuidam
1845 645 2085 709 Hispano,

311 746 480 806 postea
497 744 658 787 autem
679 737 831 784 factus
854 737 983 797 Papa
1002 733 1166 781 volens
1191 731 1523 780 conditionem
1543 730 1670 778 dicte
1693 745 1777 778 sue
1798 729 1896 778 filie
1918 729 2092 777 melio-

314 841 437 884 rare,
463 826 603 886 rupto
625 820 808 879 federe,
835 817 1054 880 datisque
1083 816 1211 864 dicto
1239 814 1452 879 Hispano
1480 814 1631 863 tribus
1657 813 1866 862 millibus
1893 812 2092 861 ducato-

314 922 439 965 rum,
471 909 523 953 ut
552 920 752 953 uxorem
789 901 1056 967 predictam
1091 899 1420 958 renunciaret,
1452 899 1627 948 iterum
1656 898 1783 947 dicto
1817 899 1874 945 D.
1911 896 2090 961 nupsit,

315 991 470 1039 adhuc
511 1005 597 1037 suo
642 987 797 1053 primo
841 985 1013 1034 marito
1049 984 1254 1043 vivente,
1293 986 1339 1031 et
1379 987 1576 1047 propter
1614 982 1790 1031 dicta'm
1838 980 2096 1046 pecuniam

315 1078 504 1124 tacente
524 1078 569 1122 et
594 1071 907 1121 renunciante
931 1069 1010 1136 (1).
1970 1113 1973 1115 ,

383 1159 467 1206 Die
503 1159 578 1216 11,
614 1154 938 1204 ambasciator
974 1154 1136 1218 Magni
1169 1153 1309 1202 Turci
1342 1153 1473 1201 venit
1499 1155 1702 1201 Romam
1737 1157 1802 1213 et,
1836 1157 1888 1201 ut
1926 1152 2094 1212 fertur,

319 1257 483 1291 secum
503 1241 710 1305 portavit
728 1248 816 1287 xc¹¹¹
836 1239 1035 1287 ducatos
1051 1241 1098 1287 et
1114 1248 1174 1286 x¹¹²
1196 1253 1316 1302 quos
1337 1237 1559 1301 portabat
1574 1253 1744 1301 parum
1763 1241 1873 1285 ante
1891 1240 2100 1285 mortem

317 1326 612 1386 Innocentii;
638 1330 684 1373 et
705 1329 960 1389 postquam
983 1322 1162 1371 audivit
1182 1322 1518 1371 Innocentium
1535 1325 1797 1381 mortuum,
1821 1320 2101 1370 retrocessit

319 1416 366 1460 et
388 1411 480 1458 alia
499 1416 587 1458 xnm
609 1426 694 1474 pro
718 1424 843 1457 anno
865 1407 1077 1472 presenti
1093 1411 1140 1455 et
1155 1413 1214 1455 xm
1236 1423 1356 1471 quos
1376 1408 1608 1457 asseritur
1627 1423 1910 1473 preparasse
1925 1410 2100 1471 Magno

318 1498 472 1543 Turco
501 1493 725 1542 existenti
755 1493 804 1540 in
835 1492 1032 1556 palatio,
1069 1507 1156 1556 pro
1185 1507 1243 1540 eo
1268 1492 1395 1556 quod
1420 1492 1569 1541 frater
1598 1492 1702 1557 ejus
1725 1492 1916 1541 volebat
1941 1491 2101 1556 ipsum

320 1576 613 1625 substentari
656 1576 881 1640 expensis
918 1575 1032 1635 suis,
1077 1575 1165 1623 fuit
1208 1580 1432 1639 receptus
1468 1592 1580 1624 cum
1613 1591 1791 1640 magno
1829 1575 2098 1639 triumpho,

321 1664 368 1708 et
387 1676 556 1708 omnes
579 1659 735 1708 mirati
766 1663 875 1708 sunt
903 1659 1030 1723 quod
1053 1662 1255 1723 Magnus
1280 1662 1461 1708 Turcus
1495 1659 1680 1709 miserit
1707 1660 1940 1709 tributum
1974 1661 2102 1722 Pape

323 1748 369 1791 et
391 1744 625 1793 Ecclesie.

388 1827 474 1875 Die
507 1831 563 1875 12
589 1827 813 1891 ejusdem
841 1827 1039 1886 mensis,
1073 1827 1298 1876 videlicet
1327 1828 1403 1876 die
1433 1827 1679 1887 mercurii,
1713 1843 1771 1876 ex
1803 1831 1940 1891 parte
1975 1829 2102 1890 Pape

322 1911 560 1961 convitate
593 1911 786 1958 fuerunt
823 1926 878 1958 (ιι
905 1910 1203 1959 nobilissime
1237 1915 1452 1960 Romane
1490 1912 1738 1971 muliereS,
1784 1914 1831 1959 et
1869 1909 2105 1958 officiales

321 2011 490 2044 omnes
514 1995 672 2055 Urbis,
700 1999 746 2043 et
770 1996 991 2056 Senator,
1021 1999 1067 2043 et
1089 1996 1249 2044 mariti
1277 1996 1512 2045 dictarum
1542 1995 1819 2054 mulierum,
1845 1998 1892 2043 et
1914 1993 2105 2043 ambas-

322 2077 527 2126 ciatores
544 2092 715 2125 omnes
737 2077 798 2125 ad
826 2077 1017 2141 nuptias
1042 2078 1091 2125 in
1111 2078 1288 2142 palatio
1317 2081 1444 2142 Pape
1479 2078 1606 2142 apud
1634 2083 1855 2127 sanctum
1887 2081 2102 2127 Petrum.

320 2163 376 2208 Et
398 2161 511 2208 dum
532 2160 736 2223 predicti
757 2161 844 2208 viri
869 2166 1205 2224 exspectarent
1225 2161 1272 2208 in
1295 2161 1502 2224 quadam
1524 2162 1649 2221 aula,
1670 2166 1721 2210 ut
1742 2166 2027 2210 vocarentur
2046 2160 2107 2209 ad

321 2243 581 2291 videndum
619 2242 724 2290 fieri
771 2243 1209 2304 subarrhationem,
1250 2244 1489 2293 intrarunt
1525 2246 1681 2308 primo
1730 2245 1958 2293 mulieres
1994 2255 2135 2308 pre-¹

322 2326 448 2375 dicte
478 2330 525 2373 et
554 2329 660 2389 post
690 2325 844 2390 ipsas3
871 2326 1063 2390 quando
1091 2327 1346 2375 voluerunt
1374 2328 1551 2377 intrare
1587 2328 1791 2392 predicti
1818 2327 1924 2386 viri,
1959 2327 2102 2385 cives,

323 2409 576 2470 officialeS,
616 2411 994 2460 ambasciatores
1026 2415 1073 2460 et
1112 2412 1190 2459 alii
1225 2412 1426 2472 invitati,
1463 2412 1553 2460 fuit
1592 2413 1811 2460 clausum
1845 2411 2023 2460 ostium
2061 2415 2108 2459 et

322 2510 418 2543 non
440 2498 702 2558 potuerunt
728 2494 927 2544 intrare.
956 2497 1012 2542 Et
1042 2495 1216 2543 deinde
1249 2502 1359 2560 post
1391 2513 1536 2545 unam
1568 2497 1738 2545 horam
1770 2497 1851 2544 vel
1876 2495 2020 2555 circa,
2047 2499 2103 2543 D.

324 2580 590 2626 Coronatus
626 2577 803 2626 Planca
843 2582 889 2627 et
922 2581 980 2626 D.
1019 2578 1245 2627 Camillus
1291 2580 1464 2627 notarii
1508 2580 1661 2645 rogati
1701 2581 1760 2629 de
1803 2579 2106 2645 sponsalibus

324 2666 615 2724 aperuerunt
637 2661 843 2720 ostium;
870 2665 917 2710 et
938 2662 1129 2725 quando
1152 2663 1278 2711 cives
1301 2668 1348 2712 et
1374 2664 1545 2727 reliqui
1569 2664 1883 2725 intraverunt,
1909 2663 2108 2712 innova-

324 2749 497 2793 verunt
518 2748 679 2793 actum
702 2745 1082 2793 subarrhationis
1105 2747 1206 2810 jam
1225 2747 1511 2811 perfectum.

391 2830 447 2875 Et
477 2827 541 2874 ibi
570 2832 673 2875 erat
702 2829 950 2892 presentia
986 2832 1041 2877 D.
1079 2832 1136 2878 N.
1173 2833 1317 2894 Pape,
1355 2835 1401 2879 et
1431 2832 1655 2881 undecim
1689 2832 2021 2892 cardinalium,
2062 2837 2109 2881 et

327 2909 589 2956 multorum
625 2913 684 2957 D.
721 2910 1060 2974 episcoporum
1090 2916 1138 2959 et
1164 2912 1519 2975 temporalium.
1545 2917 1602 2961 Et
1622 2930 1785 2963 coram
1812 2915 1951 2964 dictis
1976 2918 2033 2963 D.
2061 2919 2108 2963 et

328 2992 609 3040 mulieribus
632 2992 721 3041 fuit
744 2994 1031 3041 subarrhata
1052 2998 1097 3041 et
1119 2995 1408 3058 desponsata
1429 2997 1616 3059 prefata
1636 2998 1733 3045 filia
1754 3001 1881 3061 Pape
1899 2998 2108 3046 Alexan-

329 3072 401 3119 dri
430 3090 539 3122 cum
573 3074 685 3123 dote
721 3079 769 3123 et
794 3075 946 3138 pactis
981 3074 1236 3124 dotalibus.
1271 3080 1328 3124 Et
1359 3082 1468 3141 post
1501 3071 1944 3143 desponsationem,
1978 3084 2108 3146 Papa

329 3156 677 3221 quinquaginta
705 3174 883 3222 cuppas
912 3163 1167 3221 argenteas
1202 3176 1311 3208 cum
1339 3162 1722 3212 confectionibus
1750 3165 1810 3213 ad
1837 3165 2107 3215 faciendam

330 3240 639 3290 collationem
674 3241 983 3306 presentavit,
1013 3241 1173 3305 ibique
1203 3243 1250 3290 in
1274 3244 1464 3308 signum
1499 3261 1672 3310 magne
1699 3246 1851 3296 letitie
1879 3247 1928 3295 in
1949 3248 2105 3295 sinum

383 3426 415 3463 1.
443 3426 537 3474 Voy.
560 3426 817 3474 Gregorovius,
839 3428 992 3465 Luc-rece
1011 3429 1158 3475 Boryia,
1181 3429 1240 3466 ch.
1256 3429 1286 3465 V
1307 3433 1341 3466 et
1356 3429 1417 3466 VI.
