2222 3926
351 322 419 357 274
812 346 816 350 -
952 321 1189 362 JOHANNIS
1214 321 1507 365 BURCHARDI,
1897 323 2004 362 [Mars
2026 324 2120 363 1496]

352 425 578 473 Ascendit
595 424 768 472 iterum
789 439 980 472 mecum
1002 425 1060 471 ad
1085 424 1303 472 osculum
1324 423 1459 485 pedis
1480 425 1625 483 Pape,
1653 423 1781 484 quod
1803 426 1965 471 tamen
1987 425 2122 474 inco-

356 508 485 571 gnite
520 507 640 558 feci:
680 512 726 554 et
756 506 874 553 mihi
919 506 1104 553 videtur
1136 505 1450 568 superfluum,
1486 518 1596 551 cum
1642 508 1785 552 antea
1827 520 1995 568 parum
2036 523 2123 570 pro

355 591 577 654 passione
614 590 747 637 illum
780 589 922 637 fuerit
956 588 1213 635 osculatus
1256 586 1394 634 Dicto
1428 585 1601 634 deinde
1630 585 1819 635 Munda
1853 591 1900 636 et
1930 593 2126 652 accepta

356 672 713 730 benedictione,
738 671 985 718 incensato
1007 670 1147 728 libro,
1163 669 1278 717 dixit
1293 669 1589 732 evangelium
1606 686 1615 729 ;
1635 673 1681 717 et
1702 670 1794 718 alia
1814 671 1975 718 omnia
1991 686 2126 720 more

359 755 499 802 solito
522 758 630 801 sunt
651 754 915 801 observata.
947 755 1112 800 Rmus.
1139 755 1196 800 D.
1223 752 1583 816 Segobricensis
1611 753 1726 801 fecit
1748 753 1962 801 officium
1989 772 1998 801 :
2024 754 2123 817 qui,

359 841 556 900 accepta
576 836 751 901 palma,
777 836 904 883 venit
921 835 981 882 ad
1003 835 1335 895 faldistorium,
1362 835 1575 884 sandalia
1600 840 1647 885 et
1667 840 1947 900 paramenta
1963 851 2129 901 accep-

359 927 510 969 turus,
545 920 653 967 Fuit
685 934 859 982 magna
885 919 1126 981 quantitas
1158 919 1426 982 palmarum
1461 924 1669 983 preeter,
1708 920 1899 968 solitum
1918 925 1965 969 et
2002 922 2130 983 Papa

361 1004 491 1053 dedit
508 1003 692 1067 palmas
713 1018 865 1065 usque
889 1002 949 1049 ad
970 1018 1047 1050 me
1070 1002 1316 1062 inclusive,
1342 1003 1423 1066 qui
1446 1002 1511 1050 fui
1534 1003 1748 1051 ultimus.

426 1087 581 1135 Finita
601 1087 764 1146 missa,
785 1089 929 1149 Papa,
945 1086 1070 1134 facto
1082 1102 1169 1149 per
1183 1085 1450 1135 cardinales
1465 1101 1628 1134 coram
1644 1103 1695 1135 se
1707 1087 1754 1134 in
1771 1087 1890 1135 solio
1906 1087 2126 1146 consilio,

362 1171 489 1220 dedit
511 1186 669 1218 rosam
696 1168 964 1218 marchioni
986 1185 1149 1217 coram
1178 1185 1271 1232 quo
1299 1185 1351 1218 se
1376 1170 1649 1233 genuflexo,
1682 1170 1761 1233 qui
1789 1171 1998 1234 portavit
2022 1187 2129 1219 eam

362 1259 472 1303 ante
504 1254 783 1317 pontificem
818 1257 865 1300 et
894 1252 979 1300 fuit
1019 1252 1192 1301 deinde
1228 1253 1493 1302 associatus
1526 1269 1554 1301 a
1580 1253 1783 1317 collegio
1818 1254 2130 1302 cardinalium

363 1336 528 1385 ordine
549 1352 701 1399 usque
729 1337 787 1384 ad
818 1336 1033 1384 ultimam
1055 1336 1230 1395 aulam,
1255 1341 1365 1385 ante
1393 1353 1609 1386 cameras
1641 1353 1766 1396 suas,
1790 1337 1839 1384 in
1860 1353 1955 1400 qua
1975 1337 2131 1386 cardi-

362 1421 496 1468 nales
518 1420 606 1484 ipsi
629 1425 674 1468 et
703 1420 971 1484 presbyteri
993 1435 1021 1467 a
1041 1419 1218 1468 dextris
1240 1420 1350 1468 ostii
1375 1435 1566 1469 camere
1589 1424 1634 1468 et
1661 1420 1849 1468 diaconi
1877 1436 1905 1468 a
1926 1420 2130 1469 sinistris

363 1519 411 1551 se
433 1504 727 1562 locaverunt,
759 1507 805 1551 et
833 1503 971 1550 tactis
999 1518 1084 1566 per
1106 1502 1437 1550 marchionem
1466 1502 1664 1566 singulis
1694 1490 1872 1550 dextris
1891 1518 1946 1550 ac
1966 1503 2130 1567 gratiis

360 1585 587 1648 peractis,
625 1589 930 1634 recesserunt
961 1601 1145 1644 omnes,
1187 1585 1482 1653 etlmarchio
1521 1600 1738 1634 cameras
1778 1601 1886 1634 suas
1921 1586 2126 1634 intravit.

362 1670 462 1716 Hec
481 1673 640 1717 autem
662 1669 916 1717 associatio
939 1669 1251 1717 cardinalium
1278 1669 1377 1716 visa
1404 1673 1476 1716 est
1503 1669 1622 1716 mihi
1642 1684 1738 1716 non
1762 1670 2016 1718 convenire
2038 1685 2130 1733 que

361 1754 408 1800 in
431 1751 672 1802 dominica
692 1754 851 1812 letare,
878 1753 1066 1800 tametsi
1087 1768 1197 1800 rosa
1215 1757 1331 1800 tunc
1352 1753 1477 1812 data,
1502 1751 1606 1799 fieri
1627 1751 1787 1799 debet.

425 1838 560 1887 Feria
597 1838 740 1885 tertia
773 1840 832 1883 29
870 1836 1047 1894 martii,
1085 1835 1213 1884 circa
1250 1836 1520 1893 meridiem,
1557 1834 1770 1897 prefatus
1803 1836 1857 1881 D.
1896 1836 2129 1895 marchio,

357 1921 621 1970 associatus
651 1936 678 1968 a
705 1920 887 1968 familia
910 1923 1037 1983 Pape
1069 1923 1114 1966 et
1149 1919 1417 1967 oratoribus
1444 1934 1615 1982 regum
1641 1921 1986 1980 Romanorum,
2020 1920 2129 1967 His-

358 2006 517 2070 panie,
556 2004 982 2067 Neapolitanorum
1019 2007 1067 2051 et
1105 2003 1280 2051 ducum
1319 2003 1632 2052 Venetiarum
1686 2007 1733 2052 et
1784 2003 2040 2051 Mediolani
2086 2007 2134 2051 et

360 2088 605 2146 Senensis,
630 2086 817 2134 medius
839 2086 966 2134 inter
992 2086 1364 2150 gubernatorem
1389 2086 1529 2135 Urbis
1548 2103 1576 2134 a
1602 2086 1781 2135 dextris
1801 2090 1848 2135 et
1869 2085 2133 2150 archiepis-

360 2186 533 2233 copum
555 2170 869 2218 Cusentinum
891 2186 918 2217 a
939 2169 1163 2228 sinistris,
1198 2170 1523 2232 equitantibus
1550 2170 1747 2233 prelatis
1774 2170 1878 2217 aliis
1903 2169 2067 2233 palatii
2085 2173 2133 2217 et

360 2253 629 2300 oratoribus
658 2252 815 2315 ipsum
850 2252 1179 2315 sequentibus,
1221 2252 1387 2300 ordine
1416 2252 1466 2299 in
1511 2268 1598 2299 suo
1630 2252 1826 2300 introitu
1862 2252 2130 2311 observato,

360 2350 513 2398 usque
542 2335 601 2382 ad
632 2334 887 2382 ecclesiam
921 2334 1057 2382 beate
1087 2334 1236 2381 Marie
1267 2337 1395 2382 Nove
1427 2334 1506 2381 ubi
1531 2335 1826 2383 associantes
1849 2335 2124 2393 licentiavit,

361 2418 559 2467 recessit
578 2434 636 2466 ex
653 2417 778 2466 Urbe
797 2433 883 2482 per
902 2421 1090 2481 portam
1119 2419 1513 2477 Lateranensem‚
1546 2419 1794 2481 Neapolim
1825 2418 1994 2478 iturus,
2023 2433 2134 2465 cum

362 2501 587 2549 felicitate
627 2505 674 2549 et
709 2500 1043 2564 prosperitate.
1089 2500 1322 2563 Equitavit
1364 2505 1526 2549 autem
1570 2517 1658 2566 per
1696 2503 1927 2565 Campum
1974 2500 2130 2558 Flore,

361 2584 573 2632 Plateam
595 2585 855 2632 Judeorum
885 2587 994 2632 ante
1020 2583 1274 2632 ecclesiam
1305 2585 1444 2633 beate
1471 2585 1620 2633 Marie
1641 2585 1700 2634 de
1729 2584 2065 2633 Consolatione
2088 2587 2136 2632 et

360 2671 754 2726 Lateranensem,
773 2671 824 2715 ut
841 2668 1094 2731 prefertur.

427 2751 564 2799 Feria
584 2755 754 2814 quarta
783 2751 978 2814 majoris
1005 2751 1329 2809 hebdomade,
1359 2755 1419 2799 30
1450 2751 1626 2811 martii,
1662 2753 1745 2799 SS.
1781 2753 1836 2798 D.
1868 2755 2050 2816 noster,
2085 2750 2135 2796 in

362 2849 513 2898 cappa
533 2835 590 2881 de
614 2835 836 2894 scarlatO,
870 2835 997 2882 venit
1025 2833 1085 2880 ad
1108 2833 1341 2896 capellam
1368 2832 1621 2896 majorem,
1646 2833 1872 2896 episcopo
1897 2831 2138 2894 Calaguri-

362 2924 474 2966 tano
496 2915 711 2963 fimbrias
733 2919 970 2979 portante,
1000 2920 1047 2964 et
1068 2917 1191 2963 facte
1220 2920 1332 2963 sunt
1351 2916 1582 2962 matutine
1610 2930 1744 2963 more
1772 2914 1940 2973 solito;
1962 2914 2133 2976 quibus

363 3000 526 3060 finitis,
552 3000 600 3046 in
623 2999 754 3047 sedia
775 2999 834 3045 ad
859 3014 1100 3046 cameram
1131 2998 1287 3057 rediit,
1321 3001 1366 3046 et
1396 2997 1643 3045 observata
1671 3003 1782 3045 sunt
1809 2997 1972 3045 omnia
2000 3012 2136 3046 more

364 3086 520 3134 solito.
546 3083 790 3132 Intorticia
827 3097 971 3146 super
1001 3081 1267 3129 cancellum
1302 3085 1349 3128 et
1380 3080 1579 3129 candele
1606 3081 1766 3129 altaris
1802 3081 1995 3128 fuerunt
2024 3095 2135 3129 cere

363 3168 647 3218 communis.

427 3252 566 3300 Feria
587 3251 752 3314 quinta
774 3266 892 3298 cene
923 3247 1131 3306 Domini,
1166 3251 1218 3295 31
1252 3247 1426 3306 martii,
1454 3250 1618 3295 Rmus.
1646 3250 1701 3295 D.
1728 3247 1982 3296 cardinalis
2005 3246 2135 3295 Ulix-

362 3335 588 3384 boncnsis
627 3334 739 3381 fecit
779 3333 993 3382 officium
1042 3331 1090 3378 in
1135 3331 1318 3395 capella
1368 3331 1599 3394 predicta,
1644 3347 1777 3380 more
1808 3331 1968 3389 solito,
2010 3332 2138 3393 Papa

363 3423 584 3484 presente
619 3418 718 3481 qui,
755 3417 903 3464 missa
945 3415 1095 3474 finita,
1149 3414 1350 3477 portavit
1407 3421 1760 3463 sacramentum
1798 3415 1855 3463 ad
1903 3411 2137 3476 capellam
