2216 3886
173 307 399 351 [Septembre
424 308 515 346 1499]
594 304 761 341 RERUM
795 302 1097 340 L‘RBANARUM
1133 303 1482 340 COMMENTARM.
1882 309 1952 344 5623

167 411 332 459 lanum
361 425 411 457 se
443 407 609 456 ditioni
633 406 758 470 regis
789 408 1083 453 Francorum
1111 405 1413 454 submisisse.
1445 409 1503 454 Et
1529 407 1680 456 multa
1705 408 1799 456 alia
1825 409 1951 458 dicta

171 498 281 542 sunt
302 494 360 542 de
383 508 493 540 arce
520 508 529 539 :
555 490 872 539 castellanum
895 489 1037 537 castri
1058 489 1318 538 Mediolani
1340 490 1388 537 in
1409 506 1504 553 quo
1527 494 1665 539 erant
1689 507 1801 540 cccc
1820 493 1950 541 Alle-

171 577 299 624 maui
322 582 370 624 et
391 576 584 624 circiter
605 591 673 622 MD
694 573 795 622 Itali
819 572 968 636 (quod
990 577 1200 621 castrum
1221 573 1516 634 bombardis,
1542 575 1788 639 scopettis,
1812 576 1952 624 balis-

173 660 254 707 tris
277 663 324 708 et
351 658 575 707 omnibus
598 658 855 722 generibus
882 672 1128 704 armorum
1149 657 1390 705 munitum
1413 662 1530 718 erat,
1556 662 1604 707 et
1624 658 1946 722 provisionem

169 743 304 807 grani
336 747 381 790 et
415 742 632 790 omnium
666 740 1051 789 necessariorum
1087 755 1173 803 pro
1208 740 1358 787 tribus
1394 740 1549 800 annis,
1588 742 1808 804 personis
1841 759 1950 806 pre-

167 826 308 875 dictis
331 830 378 874 et
406 825 466 872 ad
494 840 663 872 eorum
694 838 948 871 numerum
978 826 1025 870 et
1052 822 1167 870 alias
1195 823 1257 870 ad
1282 823 1616 872 defensionem
1644 825 1840 889 copiose
1867 825 1952 874 ha-

170 909 325 973 bebat)
360 909 420 957 de
454 912 612 956 castro
648 907 753 970 ipso
791 907 893 969 regi
931 906 1131 954 Francie
1166 907 1499 969 consignando
1536 908 1833 968 tractavisse,
1873 925 1947 967 ac,

169 992 376 1056 receptis
409 991 468 1039 ab
504 991 608 1054 ipso
644 1006 757 1054 rege
786 989 948 1037 multis
982 989 1194 1037 millibus
1223 994 1470 1038 scutorum
1503 996 1550 1039 et
1585 991 1795 1055 quodam
1826 996 1949 1040 statu

168 1091 253 1124 seu
282 1074 495 1123 dominio
523 1074 573 1121 in
602 1088 752 1136 regno
775 1073 994 1133 Francie,
1029 1073 1185 1137 ipsum
1219 1076 1273 1120 17
1307 1074 1596 1138 septembris
1626 1076 1866 1140 presentis
1888 1078 1945 1123 D.

165 1157 373 1206 Johanni
389 1160 412 1204 J
418 1156 569 1205 acobo
592 1156 650 1204 de
673 1156 899 1204 Trivultio
917 1155 1114 1205 nomine
1132 1156 1259 1220 regis
1278 1158 1548 1221 acceptanti
1568 1159 1947 1223 consignavisse,

168 1258 223 1290 ac
243 1242 382 1305 plura
402 1241 510 1290 alia.

234 1326 372 1374 Feria
399 1329 551 1384 sexta,
589 1328 646 1373 13
675 1324 896 1388 ejusdem
922 1325 1105 1372 mensis
1134 1326 1442 1389 septembris,
1471 1327 1521 1373 in
1546 1330 1736 1375 secreto
1764 1327 1951 1376 consis-

171 1409 309 1469 torio,
333 1407 668 1472 pronuntiatus
691 1407 780 1455 fuit
805 1408 1011 1456 ecclesie
1035 1407 1324 1466 Sedunensi,
1349 1424 1435 1472 pro
1457 1408 1679 1457 cessione
1701 1408 1950 1472 regiminis

169 1497 216 1542 et
233 1491 661 1540 administrationis
683 1491 808 1539 illius
831 1495 885 1539 R.
912 1491 961 1538 in
989 1492 1179 1540 Christo
1201 1495 1253 1540 P.
1281 1495 1337 1540 D.
1369 1492 1568 1552 Nicolai,
1596 1497 1710 1540 tunc
1733 1492 1946 1557 episcopi

170 1576 484 1634 Sedunensis‚
522 1581 569 1623 et
595 1576 838 1639 prefectus
866 1579 921 1623 R.
953 1575 1002 1622 in
1029 1575 1219 1624 Christo
1242 1578 1294 1624 P.
1328 1579 1384 1623 D.
1416 1576 1659 1624 Mattheus
1687 1576 1944 1626 Schinner.

170 1659 388 1709 videlicet
428 1659 642 1723 ejusdem
685 1659 866 1707 domini
907 1657 1126 1707 cedentis
1162 1674 1337 1722 nepos,
1382 1658 1596 1706 decanus
1635 1658 1859 1708 Valentie
1901 1659 1947 1705 in

169 1743 373 1795 ecclesia
394 1743 723 1806 Lugdunensi.
748 1745 852 1790 Non
872 1729 1040 1789 habuit
1062 1757 1354 1790 consensum
1380 1742 1592 1805 capituli,
1615 1757 1707 1790 nec
1728 1741 1778 1790 id
1805 1759 1949 1807 expe-

170 1827 401 1876 ditionem
430 1826 702 1890 impedivit;
731 1825 922 1874 dicebat
945 1825 1074 1873 enim
1102 1825 1361 1874 ecclesiam
1383 1825 1719 1874 sedunensem
1746 1841 1839 1874 nec
1860 1829 1950 1874 Im-

167 1911 302 1975 perio
331 1911 547 1969 subesse,
581 1926 670 1958 nec
696 1925 803 1959 esse
832 1909 879 1956 in
908 1908 1080 1969 Gallia;
1109 1909 1300 1958 cedenti
1328 1909 1573 1972 provisum
1600 1908 1688 1957 suit
1716 1909 1776 1957 de
1804 1910 1948 1958 deca-

167 2002 282 2043 natu
303 1995 536 2059 predicto,
563 1999 610 2042 et
631 1994 674 2043 ei
695 1994 864 2058 pensio
886 1993 1259 2056 quingentorum
1281 1992 1567 2041 ducatorum
1591 1998 1848 2042 reservata.

235 2078 320 2126 Die
340 2082 400 2126 25
421 2078 639 2142 ejusdem
658 2076 838 2124 mensis
858 2077 1162 2140 septembris,
1186 2076 1234 2123 in
1253 2093 1415 2136 mane,
1438 2079 1522 2126 SS.
1548 2080 1605 2126 D.
1632 2079 1688 2126 N.
1713 2077 1762 2125 in
1779 2077 1948 2126 habitu

170 2179 256 2210 suo
279 2160 557 2225 quotidiano
585 2160 823 2223 equitans,
855 2161 1057 2209 recessit
1086 2160 1145 2208 ab
1174 2160 1300 2209 Urbe
1321 2161 1472 2209 iturus
1502 2161 1564 2209 ad
1590 2161 1831 2210 civitatem
1859 2163 1949 2210 Ne-

167 2246 405 2310 pesinam,
435 2261 580 2309 quam
608 2260 762 2308 nuper
788 2246 927 2292 Rmo.
959 2247 1017 2292 D.
1051 2244 1279 2292 cardinali
1306 2245 1513 2293 Ascanio
1541 2245 1590 2293 in
1616 2245 1946 2310 assumptione

135 2368 137 2370 .
168 2346 253 2378 sua
282 2329 342 2377 ad
369 2329 705 2393 pontificatum
733 2327 1006 2376 donaverat.
1041 2329 1160 2375 Cum
1195 2342 1253 2376 eo
1287 2327 1568 2390 equitabant
1595 2328 1759 2376 RRmi.
1793 2329 1948 2377 cardi-

169 2412 301 2460 nales
324 2429 362 2460 S.
394 2412 639 2471 Praxedis,
662 2411 1029 2469 Alexandrinus,
1064 2411 1408 2474 Agrigentinus
1429 2415 1477 2459 et
1497 2413 1766 2474 Capuanus.
1790 2413 1948 2461 Vene-

168 2499 277 2543 runt
305 2495 451 2543 etiam
482 2495 593 2542 illuc
622 2511 680 2542 ex
709 2494 903 2558 Spoleto
932 2497 990 2541 D.
1026 2495 1248 2543 Lucretia
1276 2495 1520 2543 Pontificis
1549 2495 1648 2543 filia
1674 2511 1785 2543 cum
1812 2495 1946 2559 prin-

167 2578 272 2642 cipe
294 2578 441 2626 fratre
473 2583 519 2626 et
547 2578 670 2626 duce
698 2577 984 2625 Biseliarum
1011 2577 1184 2625 marito
1213 2592 1319 2636 suo,
1345 2578 1425 2640 qui
1447 2578 1693 2626 Pontificis
1721 2595 1864 2627 suasu
1886 2580 1946 2627 ad

167 2676 274 2708 eam
310 2659 533 2709 redierat.
571 2659 657 2707 Ubi
692 2660 965 2708 consolatus
997 2666 1068 2709 est
1105 2661 1325 2709 Pontifex
1359 2665 1406 2709 et
1443 2667 1707 2722 recreatuS,
1744 2663 1945 2711 recessit

166 2744 276 2792 inde
296 2749 344 2794 et
365 2745 426 2793 ad
447 2745 625 2793 Urbem
647 2745 806 2804 rediit,
831 2745 906 2794 die
929 2746 1113 2805 martis,
1143 2749 1162 2792 1
1190 2745 1372 2793 mensis
1394 2745 1606 2793 octobris
1627 2761 1737 2803 cum
1759 2746 1944 2794 eisdem

165 2827 486 2876 cardinalibus
512 2832 568 2891 ⁸et
601 2828 792 2877 intravit
824 2829 1055 2893 palatium
1091 2845 1178 2893 per
1215 2833 1405 2893 portam
1448 2828 1657 2877 viridarii
1696 2828 1769 2876 sui
1812 2833 1945 2878 extra

170 2912 365 2972 Urbem,
390 2911 504 2975 quia
522 2915 721 2975 propter
741 2911 1018 2961 continuam
1038 2912 1246 2976 pluviam
1271 2912 1396 2960 illius
1417 2911 1512 2960 diei
1538 2928 1683 2960 nemo
1705 2911 1795 2961 sibi
1815 2913 1944 2961 venit

166 2994 372 3042 obviam.
404 2998 570 3042 RmuS.
602 2996 659 3042 D.
695 2995 948 3043 cardinalis
976 2996 1176 3044 Ursinus
1204 2995 1409 3042 recessit
1439 3010 1497 3043 ex
1522 2995 1649 3043 Urbe
1674 2995 1844 3043 eadem
1867 2994 1942 3041 die

164 3076 294 3135 lune,
323 3080 378 3124 16
401 3077 687 3140 septembris
708 3077 860 3126 iturus
882 3079 1207 3128 Mediolanum
1228 3078 1289 3126 ad
1310 3093 1475 3141 regem
1498 3077 1717 3125 Francie.

233 3158 571 3223 Superioribus
596 3158 783 3221 diebus,
815 3164 899 3210 SS.
932 3165 988 3209 D.
1018 3165 1075 3210 N.
1099 3166 1297 3226 propter
1320 3159 1578 3224 quemdam
1607 3173 1859 3208 excessum
1882 3162 1936 3206 R.

170 3245 219 3289 P.
255 3245 312 3290 D.
345 3241 528 3301 Jacobi,
562 3244 877 3305 protonotarii
907 3244 965 3292 de
997 3246 1300 3304 Sermoneta,
1335 3244 1538 3293 detineri
1572 3243 1684 3291 fecit
1714 3243 1939 3290 eumdem

165 3367 406 3403 commendat.
436 3380 455 3398 »
490 3364 747 3404 Bartholomaei
776 3368 987 3415 Senaregae,
1017 3369 1060 3404 de
1087 3369 1160 3405 reb.
1195 3370 1373 3405 Gemmas.
1403 3368 1495 3403 dans
1526 3366 1714 3410 Muratori,
1744 3368 1827 3404 Rer.
1859 3369 1941 3405 unt.

169 3429 319 3473 Script„
341 3430 367 3463 t.
391 3424 521 3466 XXIV,
545 3424 611 3462 col.
633 3426 716 3466 567.
