2216 3886
272 287 343 321 530
883 285 1116 322 JOHANle
1150 286 1445 330 BUHCHAHDI,
1849 289 1930 328 [Mai
1956 291 2047 328 ¹499]

273 387 606 447 admiratione,
631 388 772 435 laude
802 392 849 435 et
875 387 1027 450 gratia
1048 389 1398 450 pronuntiatus.
1428 390 1602 450 Magna
1621 386 1705 435 fuit
1727 392 1774 435 et
1795 388 2046 451 singularis

273 470 410 532 pueri
442 470 717 528 dexteritas,
750 468 976 516 facundia
1007 474 1054 515 et
1082 468 1334 527 memoria,
1370 472 1416 516 et
1434 483 1531 516 non
1553 468 1711 516 minor
1730 469 1918 517 animus
1938 486 2047 518 cum

273 569 391 601 voce
428 552 690 616 aptissima.
727 551 860 598 Idem
894 565 1050 612 nuper
1082 549 1265 597 fecerat
1293 550 1439 598 alium
1470 566 1743 600 sermonem
1776 552 1825 599 in
1856 567 2049 601 camera

273 635 540 699 paramenti
563 649 727 682 coram
750 633 920 681 eodem
946 634 1029 680 SS.
1057 635 1114 680 D.
1143 638 1326 693 nostro,
1358 633 1503 681 alium
1531 649 1695 682 coram
1721 638 1859 683 Rmo.
1891 635 2046 684 cardi-

272 719 365 766 nali
399 717 730 781 Neapolitano,
762 714 907 762 alium
935 714 983 761 in
1015 714 1221 762 ecclesia
1250 732 1288 762 s.
1315 715 1555 762 Laurentii
1576 715 1626 763 in
1647 717 1872 777 Damaso,
1897 717 2044 765 alium

271 802 316 848 in
343 801 547 849 ecclesia
566 800 778 846 Minerve
804 803 851 845 et
876 797 994 844 alios
1023 797 1152 845 alibi.
1184 797 1358 845 Habuit
1383 813 1546 846 secum
1568 803 1774 862 quatuor
1792 798 2045 861 religiosos

271 883 383 932 dicti
409 883 589 930 ordinis
613 882 703 941 sui,
731 881 811 944 qui
837 896 948 929 eum
975 880 1318 943 sequebantur,
1343 897 1452 929 cum
1477 881 1711 945 equitaret
1731 898 1819 945 per
1840 881 2041 941 Urbem3

270 983 389 1030 puer
415 966 602 1031 preibat
622 966 669 1012 in
694 964 823 1012 mula
852 964 1000 1022 soluS,
1026 970 1073 1012 et
1095 964 1176 1012 alii
1206 965 1531 1028 sequebantur
1555 965 1604 1013 in
1625 965 1729 1013 aliis
1758 965 1916 1024 mulis,
1945 964 2045 1011 bini

270 1054 317 1097 et
337 1049 454 1097 bini.
480 1050 730 1098 Seniorem
755 1048 1020 1096 existimavi
1044 1064 1151 1096 esse
1172 1049 1309 1112 pueri
1330 1049 1614 1112 genitorem.

334 1133 604 1193 Dominica,
632 1136 658 1181 5
689 1132 870 1180 mensis
892 1131 1026 1191 maii,
1054 1134 1136 1180 SS.
1164 1135 1220 1180 D.
1248 1135 1305 1181 N.
1329 1133 1450 1181 hora
1475 1149 1784 1197 vesperarum
1817 1132 2045 1197 equitavit

270 1218 329 1266 ad
364 1217 621 1266 ecclesiam
653 1233 690 1263 s.
722 1215 871 1263 Marie
900 1215 1115 1279 Majoris,
1149 1220 1343 1280 paratus
1373 1233 1509 1266 more
1538 1217 1694 1278 solite,
1729 1234 1840 1267 cum
1869 1234 2046 1282 capuc-

269 1302 378 1349 cino
410 1301 518 1349 albo
551 1305 598 1349 et
627 1300 749 1349 stola
777 1299 1005 1363 pretiosa.
1043 1299 1317 1348 Cardinales
1350 1301 1625 1364 equitarunt
1655 1307 1765 1350 ante
1797 1318 1909 1350 eum
1937 1305 2047 1365 post

269 1400 486 1444 crucem3
515 1384 645 1432 ducti
667 1384 859 1433 fuerunt
887 1401 1009 1433 unus
1041 1389 1226 1432 tantum
1256 1401 1405 1448 equus
1437 1386 1575 1433 albus
1609 1390 1654 1434 et
1686 1386 1815 1434 mula
1846 1386 1896 1433 in
1927 1386 2046 1434 locis

273 1468 393 1526 suis;
432 1468 668 1531 precessit
702 1473 748 1517 et
785 1469 930 1517 etiam
964 1467 1358 1532 archiepiscopus
1390 1469 1664 1529 Tranensis,
1703 1486 1854 1534 nepos
1889 1472 2042 1534 Pape,

275 1549 400 1598 inter
419 1549 606 1613 pedites
629 1550 819 1599 circiter
844 1567 913 1599 Mn
932 1566 1118 1611 eorum,
1143 1553 1437 1615 gubernator
1454 1553 1503 1600 in
1530 1569 1655 1616 equo
1686 1553 1825 1617 nigro
1850 1554 2042 1612 sedenS,

273 1633 376 1681 sine
408 1639 654 1697 cooperta,
687 1635 926 1698 gabanum
950 1634 1174 1683 deferens
1202 1636 1260 1684 de
1283 1637 1437 1684 serico
1458 1636 1596 1699 nigro
1628 1652 1772 1699 super
1793 1637 2045 1685 rochetum

273 1716 370 1765 sive
404 1718 643 1780 capellum
676 1719 966 1781 pontificale.
1006 1719 1332 1767 Interfuerunt
1365 1719 1632 1768 cardinales
1662 1735 1744 1778 xn,
1780 1719 2003 1768 videlicet
2033 1736 2042 1766 z

275 1817 312 1846 s.
339 1800 584 1859 Praxedis,
611 1801 824 1860 Ursinus,
851 1819 889 1849 s.
916 1802 1150 1866 Dionysii,
1175 1801 1545 1863 Alexandrinus,
1568 1819 1607 1851 s.
1634 1802 1813 1862 CruciS,
1839 1806 2048 1852 Gurcen-

268 1884 350 1942 sis,
387 1883 745 1948 Agrigentinus,
785 1885 1059 1944 Grimanus,
1091 1885 1362 1945 Cesarinus,
1397 1886 1671 1946 Farnesius,
1708 1886 1963 1935 Januensis
1991 1892 2045 1943 et

269 1966 462 2031 Borgia.
489 1971 668 2032 Papam
691 1970 841 2017 secuti
864 1974 969 2018 sunt
992 1969 1270 2018 cubicularii
1293 1971 1485 2030 secreti,
1512 1970 1686 2035 acolyti
1715 1974 1763 2018 et
1783 1968 1970 2034 prelati,
1999 1974 2047 2019 et

266 2056 374 2114 post
409 2067 492 2100 eos
525 2067 703 2116 magna
739 2052 877 2116 copia
912 2053 1129 2116 gentium
1162 2068 1424 2113 armorum,
1465 2070 1669 2116 quorum
1700 2053 1967 2101 conductor
2000 2057 2047 2101 et

268 2134 545 2198 capitaneus
570 2135 654 2183 fuit
674 2136 922 2185 Johannes
951 2137 1203 2196 Cervillon,
1232 2137 1503 2185 Catalanus.
1529 2137 1697 2185 Eundo
1731 2136 2046 2199 equitavimus

268 2234 356 2282 per
377 2234 601 2282 campum
621 2219 778 2278 Flore,
800 2220 1009 2283 plateam
1027 2219 1308 2280 Judeorum,
1331 2238 1369 2268 s.
1392 2220 1589 2268 Mariam
1609 2221 1668 2269 de
1688 2220 2043 2278 Consolatione,

268 2320 305 2350 s
330 2302 612 2361 Adrianum,
637 2304 884 2352 redeundo
902 2321 990 2369 per
1010 2322 1049 2352 s.
1074 2308 1306 2365 Marcum,
1340 2322 1378 2353 S.
1403 2304 1603 2353 Mariam
1629 2303 1678 2351 in
1706 2304 1793 2353 Via
1814 2303 1926 2362 lata,
1958 2302 2046 2350 Mi-

267 2399 479 2446 nervam,
521 2403 559 2434 s.
599 2387 929 2448 Eustachium,
968 2404 1006 2436 s.
1047 2388 1280 2437 Jacobum
1309 2387 1563 2452 hospitalis
1597 2387 1935 2451 Hispanorum,
1967 2384 2045 2433 ubi

271 2469 396 2534 Papa
435 2470 544 2520 vidit
582 2475 874 2520 structuram
907 2472 1015 2520 novi
1056 2472 1198 2520 studii
1241 2477 1290 2520 et
1325 2472 1566 2520 mandavit
1596 2471 1644 2518 in
1674 2470 1889 2534 pluribus
1926 2468 2046 2516 locis

271 2558 441 2602 stratas
464 2552 708 2618 ampliari,
731 2554 842 2602 inde
863 2570 952 2618 per
971 2555 1157 2602 Turrim
1182 2554 1496 2618 sanguineam
1519 2554 1579 2602 ad
1598 2557 1796 2617 pontem
1815 2570 1853 2600 s.
1876 2549 2047 2614 Angeli

272 2634 317 2684 in
351 2639 424 2686 via
445 2642 578 2687 recta
599 2639 657 2686 ad
678 2639 927 2703 palatium.

339 2720 675 2785 Superioribus
707 2721 894 2781 diebus,
930 2725 1099 2781 Rome,
1133 2722 1404 2771 nuntiatum
1434 2723 1522 2771 fuit
1558 2722 1752 2770 crudele
1786 2719 1965 2769 bellum
1998 2719 2045 2766 in

275 2817 425 2867 regno
457 2790 769 2868 Neapolitano
799 2805 848 2851 in
882 2805 996 2853 valle
1027 2805 1178 2853 Diane
1210 2805 1401 2852 ditionis
1436 2805 1754 2862 Salernitane,
1787 2804 1846 2850 de
1879 2817 2046 2849 mense

272 2887 432 2950 aprilis
462 2886 680 2950 proxime
711 2887 946 2950 preteriti,
978 2887 1103 2935 inter
1131 2886 1299 2935 milvos
1331 2891 1378 2935 et
1410 2903 1577 2935 corvos
1598 2887 1646 2933 in
1677 2901 1805 2945 aere,
1841 2900 2046 2948 quorum

271 2984 327 3018 ex
351 2974 550 3032 utraque
575 2973 709 3032 parte
736 2968 926 3016 circiter
945 2976 1039 3018 xv¹¹²
1061 2973 1406 3028 convenerant3
1437 2974 1737 3018 mortuorum
1766 2984 1825 3017 ex
1844 2972 2047 3031 utraque

269 3057 403 3117 parte
437 3057 622 3115 septem
654 3056 894 3100 carrectas
926 3057 1150 3101 oneratas
1186 3068 1310 3113 esse,
1346 3068 1439 3116 que
1470 3069 1622 3116 usque
1653 3051 1902 3115 Neapolim
1933 3066 2048 3098 con-

270 3137 411 3184 ducte
450 3136 670 3195 fuerunt;
711 3139 1013 3184 mortuorum
1047 3136 1325 3200 hujusmodi
1362 3137 1508 3184 fuisse
1547 3152 1605 3184 ex
1641 3135 1814 3194 milviS,
1855 3150 1914 3182 ex
1950 3148 2045 3197 quo

275 3219 596 3268 existimatum
619 3234 787 3268 corvos
808 3219 997 3269 vicisse.

343 3303 480 3351 Feria
515 3306 699 3365 quarta,
739 3308 765 3349 8
800 3303 980 3352 mensis
1020 3302 1147 3361 maii,
1193 3303 1349 3367 vigilia
1382 3301 1693 3352 Ascensionis
1734 3305 1790 3351 D.
1834 3303 1890 3350 N.
1932 3304 2044 3350 ‚lesu

280 3385 471 3440 Christi,
498 3386 686 3435 t'uerunt
709 3402 906 3450 vespere
928 3386 1168 3436 solemnes
1191 3387 1236 3435 in
1260 3379 1444 3451 capella
1463 3387 1632 3451 majori
1654 3385 1833 3450 palatii.
