2222 3926
159 338 377 382 [Aont1496]
567 335 736 373 RERUM
767 333 1073 373 URBANARUM
1107 332 1458 370 COMMENTARII.
1862 335 1931 371 313

156 442 216 490 ad
236 439 476 490 civitatem
501 457 510 488 :
534 443 738 503 quatuor
754 437 821 486 illi
842 439 1056 485 oratores
1077 435 1358 498 equitabant
1379 434 1659 484 immediate
1681 441 1790 484 ante
1816 452 1925 484 cru-

157 541 264 575 cem
281 525 427 589 legati
445 539 565 587 quos
581 522 902 588 [sequebatur]
920 520 1091 569 nobilis
1111 534 1279 568 ensem
1297 518 1346 565 in
1366 518 1551 581 vagine,
1565 517 1700 565 ducis
1716 518 1924 582 insignia

158 610 398 658 deferens.
431 611 484 656 ln
510 606 723 656 secunda
747 610 996 669 portaque
1025 607 1095 653 est
1124 602 1343 662 civitatiS,
1373 601 1530 666 prima
1556 602 1687 650 enim
1715 603 1928 665 Burgum

158 693 353 752 claudit,
396 691 663 755 expectavit
701 688 992 754 processsio,
1034 687 1083 735 in
1122 687 1200 734 illa
1239 686 1461 735 videlicet
1501 702 1593 750 que
1633 686 1682 733 in
1721 686 1929 735 formam

159 778 302 826 castri
336 777 552 834 reducta,
586 791 674 838 per
704 773 953 838 proprium
980 770 1298 819 constabileni
1334 770 1564 818 continuo
1603 770 1783 830 clausa,
1822 787 1934 818 cus-

159 852 360 919 toditur;
386 875 530 923 quam
559 859 656 906 dux
683 856 956 920 specialiter
982 853 1158 918 aperiri
1189 853 1447 902 mandavit.
1478 855 1622 901 Extra
1650 857 1842 917 portam
1864 854 1938 918 ip-

160 960 281 1005 sam,
295 945 433 1008 juxta
454 942 605 1006 ipsius
626 944 843 1004 pontem,
867 938 1116 987 descendit
1139 953 1198 985 ex
1219 937 1350 984 mula
1367 937 1556 1000 legatus
1587 942 1634 985 et
1655 937 1938 1000 genuflexus

160 1045 305 1093 super
323 1031 483 1091 tapete
506 1031 554 1074 et
586 1024 781 1073 cussino
816 1023 905 1071 sibi
937 1026 1106 1087 parato
1141 1021 1384 1069 osculatus
1418 1024 1490 1069 est
1516 1037 1710 1070 crucem
1732 1037 1757 1069 e
1780 1021 1936 1068 mani-

159 1113 250 1160 bus
290 1112 509 1177 ejusdem
553 1109 768 1174 episcopi
796 1109 975 1157 ordinis
999 1127 1036 1157 s.
1067 1105 1305 1153 Dominici
1330 1105 1391 1154 ad
1421 1104 1517 1153 hoc
1548 1106 1720 1168 rogati,
1743 1108 1942 1168 propter

159 1196 491 1245 infirmitatem
524 1196 877 1262 archiepiscopi
898 1195 977 1259 qui
1012 1193 1316 1243 detinebatur
1345 1191 1582 1249 febribus3
1609 1187 1782 1236 deinde
1811 1187 1941 1235 ssuxu

159 1283 321 1327 tentus
344 1283 416 1327 est
441 1285 488 1328 et
514 1284 722 1329 tenetur.
753 1284 970 1328 Ascensa
995 1278 1125 1326 mula
1152 1282 1199 1324 et
1224 1290 1378 1338 cappa
1410 1274 1469 1322 de
1496 1273 1807 1322 ciambelotto
1835 1287 1942 1319 cre-

161 1363 348 1411 mesino
383 1368 596 1427 recepta,
629 1363 823 1411 intravit
852 1361 1093 1410 civitatem
1124 1359 1210 1407 sub
1243 1356 1531 1405 baldachino
1565 1355 1694 1419 quod
1719 1355 1941 1402 doctores

159 1446 324 1494 habita
353 1446 560 1508 quadam
594 1444 825 1508 singulari
855 1444 1142 1502 reverentia,
1173 1442 1289 1507 ipsis
1319 1444 1483 1488 tamen
1504 1439 1684 1487 ibidem
1710 1438 1943 1485 inceden-

163 1528 304 1586 tibus,
333 1531 583 1592 portarunt
613 1542 818 1576 numero
841 1526 1035 1575 circiter
1058 1526 1329 1589 octoginta;
1358 1530 1406 1573 et
1428 1524 1540 1588 quia
1560 1526 1756 1587 propter
1777 1522 1941 1570 multi-

163 1611 379 1662 tudinem
410 1611 626 1675 equitum
649 1616 696 1660 et
721 1611 884 1675 populi
907 1610 1260 1669 confusionem,
1294 1608 1542 1673 processio
1565 1622 1650 1655 suo
1679 1607 1788 1655 loco
1809 1606 1942 1654 ince-

161 1697 276 1746 dere
306 1712 403 1744 non
427 1697 599 1760 potuit,
632 1696 904 1744 ordinatum
930 1695 1017 1743 fuit
1045 1696 1172 1758 quod
1200 1694 1296 1741 fixa
1317 1696 1536 1741 maneret
1564 1691 1668 1754 ipsa
1695 1690 1941 1754 processio

161 1781 276 1828 hinc
305 1783 352 1828 et
372 1780 484 1828 inde
506 1785 637 1828 stans
662 1781 799 1843 juxta
824 1795 1018 1837 muros;
1044 1784 1091 1828 et
1117 1783 1281 1826 tamen
1310 1781 1445 1825 tanta
1471 1779 1574 1824 erat
1602 1774 1941 1838 religiosorum

163 1870 210 1914 et
244 1864 530 1913 clericorum
563 1864 834 1924 multitudo,
872 1864 1000 1926 quod
1032 1879 1058 1911 a
1091 1863 1247 1927 prima
1278 1866 1418 1925 porta
1448 1859 1668 1923 predicta
1696 1874 1848 1922 usque
1882 1858 1943 1905 ad

163 1953 351 2013 portam
373 1947 578 1996 ecclesie
597 1947 967 2011 metropolitane
989 1946 1236 2011 processio
1257 1946 1363 2009 ipsa
1383 1949 1533 2002 stanS,
1558 1946 1609 1990 ut
1627 1941 1938 2005 premittitur,

163 2023 490 2081 continuabat.
505 2031 604 2079 Soli
626 2031 846 2079 canonici
868 2030 1225 2095 metropolitani
1248 2029 1454 2078 ecclesie
1474 2031 1818 2092 processerunt
1832 2031 1942 2075 ante

162 2117 392 2180 legatum.
419 2118 525 2163 Dux
550 2114 683 2162 nullo
705 2114 850 2162 modo
877 2115 1025 2162 voluit
1043 2115 1260 2177 equitare
1284 2113 1370 2160 sub
1397 2111 1688 2160 baldachino
1717 2110 1788 2159 vel
1809 2115 1943 2158 extra

163 2199 223 2247 ad
254 2198 378 2246 latus
413 2198 533 2261 ejus,
571 2197 658 2245 sed
689 2201 799 2246 ante
835 2213 1031 2246 crucem
1063 2197 1191 2245 solus
1225 2197 1457 2245 continuo
1492 2195 1720 2259 equitavit
1754 2199 1801 2243 et
1832 2200 1943 2242 ante

162 2282 321 2346 ipsum
360 2285 565 2345 quatuor
603 2285 820 2330 oratores
856 2282 1051 2346 prefati,
1094 2281 1172 2329 alii
1213 2296 1300 2328 suo
1341 2279 1527 2327 ordine.
1571 2281 1685 2326 Post
1729 2277 1943 2341 legatum

163 2365 441 2428 equitarunt
487 2364 670 2412 electus
714 2365 1111 2429 archiepiscopus
1142 2364 1365 2412 Barensis
1399 2379 1428 2411 a
1450 2362 1648 2420 dextris,
1682 2361 1939 2424 episcopus

164 2443 516 2511 Fulginatensis
555 2464 583 2496 a
622 2447 863 2508 sinistris;
911 2454 1020 2512 post
1065 2464 1166 2507 eOS,
1207 2448 1464 2512 episcopus
1503 2444 1874 2493 Assisinatensis
1914 2460 1942 2491 a

164 2531 361 2589 dextris,
386 2530 643 2594 episcopus
664 2530 970 2579 Placentinus
992 2547 1018 2578 a
1041 2531 1265 2579 sinistris.
1292 2529 1477 2578 Deinde
1507 2529 1764 2591 episcopus
1792 2528 1943 2574 Nova-

166 2613 337 2665 riensis
367 2629 395 2660 a
424 2613 620 2672 dextris,
649 2613 1008 2676 protonotarius
1038 2617 1203 2662 noster
1232 2613 1291 2660 de
1321 2613 1520 2676 Aspetia
1549 2628 1576 2660 a
1606 2610 1830 2666 sinistris,
1866 2609 1944 2657 alii

165 2696 501 2761 protonotarii,
531 2699 579 2743 et
605 2694 773 2758 prelati
804 2695 920 2743 bini.
953 2695 1202 2743 Generalis
1237 2694 1604 2742 humiliatorum
1635 2692 1732 2739 sive
1763 2690 1947 2738 Camal-

166 2778 438 2827 dulensium
484 2777 636 2825 noluit
687 2777 974 2826 antecedere
1026 2778 1210 2841 aliquos
1257 2775 1668 2842 prothonotarios,
1719 2773 1805 2822 sed
1850 2789 1941 2837 ego

166 2862 261 2910 dixi
295 2862 385 2909 sibi
413 2878 511 2909 non
544 2861 800 2910 convenire
829 2866 876 2910 et
900 2862 1078 2911 recessi
1106 2878 1114 2909 :
1142 2861 1271 2924 quod
1299 2861 1426 2908 inter
1453 2875 1537 2908 eos
1564 2853 1724 2907 actum
1753 2857 1815 2905 sit
1847 2872 1942 2905 non

166 2947 364 2995 adverti.
1524 2938 1527 2939 ⁷

233 3034 466 3080 Pervento
486 3033 546 3079 ad
565 3036 755 3096 portam
787 3031 992 3080 ecclesie
1020 3029 1412 3094 metropolitane,
1433 3026 1794 3076 descenderunt
1811 3026 1942 3088 lega-

168 3118 262 3174 tus,
294 3115 389 3162 dux
417 3120 464 3163 et
490 3130 676 3164 omnes.
712 3118 766 3163 In
794 3114 994 3162 introitu
1025 3114 1086 3162 ad
1102 3113 1378 3171 ecclesiam,
1400 3110 1790 3175 archipresbyter
1820 3108 1943 3156 illius

169 3197 391 3255 ecclesie,
417 3200 473 3245 D.
499 3198 723 3246 Nicolaus
750 3199 809 3246 de
839 3198 1148 3261 Castiglione‚
1186 3196 1357 3245 obtulit
1386 3196 1529 3243 aliam
1560 3209 1756 3243 crucem
1784 3193 1944 3256 legato

170 3278 480 3327 osculandam
509 3279 589 3342 qui
616 3296 724 3328 eam
753 3296 848 3329 non
880 3281 1013 3344 prius
1045 3279 1352 3328 deosculatus
1384 3293 1529 3340 quam
1554 3277 1729 3325 ducem
1759 3276 1819 3323 ad
1848 3276 1942 3321 hoc

168 3362 413 3421 invitaret3
438 3376 533 3424 quo
570 3368 839 3423 recusante,
872 3364 1059 3426 legatus
1093 3361 1337 3410 osculatus
1368 3363 1458 3418 est,
1481 3364 1529 3407 et
1560 3363 1761 3422 accepto
1790 3374 1815 3406 e
1845 3373 1944 3403 ma-

171 3445 312 3493 nibus
338 3443 742 3508 archipresbyteri
772 3445 1063 3509 aspersorio,
1086 3445 1259 3493 ducem
1277 3443 1452 3506 primo,
1483 3442 1656 3490 deinde
1685 3457 1736 3489 se
1765 3442 1940 3504 ipsum,
