2216 3886
192 330 419 375 [Avri11498]
635 325 804 366 RERUM
836 321 1140 362 URBANARUM
1171 320 1523 359 COMMENTARII.
1903 321 1973 357 459

189 435 399 501 plateam
425 431 707 490 Judeorum,
736 429 925 476 beatam
951 423 1152 473 Mariam
1174 423 1233 472 de
1262 422 1601 472 Consolatione
1623 422 1684 471 ad
1705 438 1745 470 S.
1770 423 1970 471 Mariam

191 520 428 582 Majorem
460 515 522 565 ad
550 513 807 564 videndum
833 525 954 576 opus
981 508 1219 573 superceli
1244 508 1369 556 illius
1397 507 1597 556 basilice
1627 507 1757 571 quod
1790 505 1971 555 ibidem

193 603 296 652 fieri
326 599 559 649 ordinavit
583 615 594 647 ε
618 612 837 647 reversus
862 600 935 645 est
960 611 1048 661 per
1075 593 1238 659 Spolia
1259 591 1452 649 Christi,
1478 595 1671 640 sanctos
1692 590 1968 655 Apostolos,

192 703 231 736 s.
257 685 456 735 Mariam
477 684 525 732 in
546 682 622 731 via
641 685 775 741 Lata,
802 680 1084 737 Minervam,
1113 676 1406 736 Rotundam,
1431 693 1472 725 s,
1494 675 1818 740 Augustinum
1839 679 1971 724 recta

190 772 266 821 via
286 771 346 820 ad
369 770 619 835 palatium,
648 765 1020 833 precedentibus
1047 765 1207 830 ipsum
1235 762 1395 812 eundo
1417 764 1466 810 et
1486 759 1732 808 redeundo
1760 774 1903 808 cruce
1924 761 1973 807 et

193 854 532 904 cardinalibus,
559 853 665 901 Alia
684 866 819 900 more
847 850 1007 898 solito.
1036 847 1362 898 Interfuerunt
1383 844 1550 893 RRmi.
1575 845 1676 892 DD.
1705 842 1972 891 cardinales

193 955 232 988 s,
271 937 516 996 Praxedis,
554 934 925 992 Alexandrinus,
960 932 1320 996 Anggentinus,
1359 931 1632 989 Grimanus,
1674 946 1715 978 s.
1754 929 1970 993 Georgii,

192 1022 429 1082 Sabellus,
465 1019 721 1078 AscaniuS,
756 1017 985 1077 MediceS,
1018 1032 1058 1064 s.
1089 1015 1320 1075 Severini,
1354 1014 1661 1074 ValentinuS,
1695 1013 1968 1072 CesarinuS,
2007 1045 2016 1064 .-

193 1106 450 1156 Farnesius
471 1109 518 1153 et
541 1102 732 1167 Borgia.

258 1191 311 1237 ln
333 1203 442 1236 sero
472 1201 558 1235 seu
584 1189 747 1244 nocte,
777 1184 1002 1233 detentus
1023 1183 1113 1232 fuit
1131 1183 1182 1231 in
1212 1198 1407 1233 camera
1433 1199 1521 1232 sua
1547 1197 1692 1247 quam
1719 1181 1769 1229 in
1796 1180 1974 1246 palatio

193 1271 458 1337 apostolico
487 1270 716 1329 habebat,
751 1271 806 1316 R.
840 1267 889 1314 in
917 1266 1106 1315 Christo
1134 1269 1187 1314 P.
1219 1269 1276 1315 D.
1317 1270 1486 1315 Petrus
1518 1266 1577 1314 de
1606 1265 1817 1323 Aranda,
1849 1263 1979 1327 epis-

192 1370 342 1418 copus
375 1352 759 1416 Calaguritanus,
802 1349 1036 1414 magister
1070 1349 1243 1397 domus
1276 1349 1439 1413 palatii
1479 1348 1748 1411 apostolici,
1786 1353 1835 1396 et
1870 1358 2004 1396 cus-·

192 1437 323 1486 todia
356 1436 446 1500 ipsi
477 1435 706 1500 episcopo
736 1433 950 1482 adhibita
981 1448 1042 1482 ne
1076 1448 1323 1481 cameram
1355 1433 1510 1496 ipsam
1543 1432 1697 1481 exiret
1729 1447 1883 1495 usque
1917 1432 1976 1479 ad

191 1521 321 1569 diem
345 1519 467 1585 Jovis
496 1521 555 1567 26
584 1517 699 1568 dicti
725 1517 907 1566 mensis
934 1517 1115 1581 aprilis,
1145 1533 1241 1580 qua
1269 1517 1442 1566 ductus
1472 1521 1546 1565 est
1572 1516 1633 1564 ad
1657 1518 1740 1564 SS.
1772 1519 1829 1564 D.
1860 1531 1975 1563 nos-

192 1609 337 1664 trum,
364 1607 412 1652 et
433 1607 542 1668 post
560 1603 699 1667 plura
717 1602 880 1661 verba,
910 1601 1080 1650 ductus
1102 1605 1176 1650 est
1196 1601 1257 1649 ad
1277 1617 1497 1650 cameras
1516 1601 1644 1649 inter
1664 1600 1785 1649 duos
1804 1600 1974 1648 hortos

151 1688 162 1697 “
194 1691 407 1735 secretos
436 1690 564 1751 Pape
586 1687 849 1735 existentes
869 1701 967 1733 non
990 1685 1134 1750 longe
1162 1701 1190 1733 a
1210 1684 1594 1734 deambulatorio
1624 1684 1755 1748 quod
1781 1684 1843 1732 ad
1868 1699 1974 1731 cas-

194 1775 322 1818 trum
353 1787 392 1819 ε.
425 1770 597 1834 Angeli
628 1770 760 1818 ducit
789 1770 848 1818 de
881 1769 1060 1834 palatio
1080 1769 1318 1833 predicto,
1353 1773 1400 1818 et
1428 1769 1494 1817 ibi
1514 1784 1602 1833 per
1621 1768 1974 1833 parafrenarios

195 1855 322 1917 Pape
359 1857 407 1903 et
442 1853 560 1901 alios
592 1853 848 1917 diligenter
882 1868 1034 1916 usque
1071 1852 1199 1900 circa
1230 1852 1445 1901 medium
1472 1852 1653 1901 mensis
1686 1851 1975 1917 septembris

191 1937 479 1986 custoditus.
510 1939 664 1985 Causa
685 1936 974 1985 detentionis
1001 1936 1278 2000 hujusmodi
1299 1936 1385 1984 fuit
1407 1935 1519 1999 quia
1539 1936 1696 1984 dictus
1718 1935 1974 2000 episcopus

197 2020 256 2069 de
284 2020 446 2069 heresi
481 2025 529 2070 et
555 2020 796 2070 marrania
823 2036 878 2070 ac
905 2020 1142 2069 similibus
1168 2024 1422 2084 suspectus
1450 2024 1571 2080 erat,
1602 2025 1648 2068 et
1675 2019 1856 2069 inimici
1890 2019 1976 2069 do-

191 2105 381 2154 mestici
403 2108 541 2153 erant
567 2104 720 2153 multi.

248 2174 396 2237 'Feria
423 2192 611 2252 quarta,
646 2192 706 2238 25
738 2188 852 2237 dicti
883 2189 1065 2239 mensis
1095 2189 1276 2254 aprilis,
1310 2206 1404 2254 que
1437 2190 1527 2239 fuit
1552 2190 1729 2239 festum
1757 2205 1796 2237 S.
1827 2187 1975 2237 Marci

190 2271 501 2336 evangeliste,
535 2275 591 2321 R.
624 2271 675 2320 in
705 2273 893 2321 Christo
924 2275 977 2322 P.
1012 2277 1070 2322 D.
1102 2273 1405 2335 Franciscus,
1436 2274 1830 2339 archiepiscopus
1861 2275 1975 2320 Cra-

192 2354 449 2414 coviensis,
483 2355 817 2405 assistentibus
839 2357 927 2405 sibi
949 2357 998 2405 in
1020 2357 1211 2406 Christo
1234 2360 1325 2407 PP.
1358 2361 1459 2408 DD.
1485 2359 1692 2408 Orlando
1714 2359 1898 2409 Nolano
1929 2363 1977 2407 et

192 2439 401 2502 Georgio
419 2439 809 2504 Milopotamensi
828 2441 1085 2506 episcopiS,
1107 2441 1232 2490 infra
1249 2443 1506 2492 missarum
1528 2443 1764 2492 solemnia
1781 2447 1971 2492 Rmum.

190 2521 240 2568 in
261 2521 449 2569 Christo
472 2524 524 2569 P.
550 2525 608 2570 D.
633 2523 932 2573 cardinalem
953 2524 1236 2574 Grimanum
1258 2532 1306 2577 et
1327 2531 1384 2576 D.
1407 2527 1663 2588 Jacobum,
1695 2528 1976 2592 episcopum

192 2604 516 2668 Paphensem,
545 2605 595 2653 in
619 2606 729 2655 aula
757 2607 921 2671 palatii
942 2608 1212 2657 residentie·
1230 2609 1448 2674 ejusdem
1472 2609 1597 2657 Rmi.
1630 2612 1688 2658 D.
1719 2610 1976 2658 cardinalis

190 2688 251 2736 ad
271 2687 366 2736 hoc
386 2688 607 2738 ordinata
629 2694 676 2739 et
698 2695 863 2755 parata
884 2692 1197 2753 consecravit,
1225 2696 1273 2742 et
1296 2693 1366 2741 eis
1394 2709 1572 2742 munus
1596 2695 1975 2743 consecrationis

194 2773 295 2820 DD.
333 2772 500 2821 electis
533 2773 747 2838 impendi
777 2775 972 2824 solitum
1005 2776 1096 2825 rite
1130 2776 1383 2841 impendit,
1409 2777 1678 2836 secundum
1699 2778 1906 2828 formam
1928 2783 1976 2828 et

193 2855 593 2905 consuetudinem
630 2874 669 2906 s,
707 2875 746 2907 r.
785 2860 1000 2909 Ecclesie
1032 2860 1082 2908 in
1116 2860 1289 2910 talibus
1323 2861 1564 2911 observari
1595 2867 1897 2922 consuetam,
1929 2868 1976 2912 et

189 2937 284 2986 hoc
303 2938 486 3003 vigore,
511 2940 724 2989 mandati
753 2957 842 3007 per
866 2943 1121 2993 «Placet»
1152 2947 1236 2994 SS.
1265 2949 1323 2994 D.
1347 2948 1404 2995 N.
1436 2962 1560 3011 pape
1589 2946 1780 3011 signati.
1813 2948 1974 2997 Altare

189 3037 276 3085 pro
291 3024 633 3073 consecrandis
650 3025 739 3074 fuit
754 3026 804 3075 in
821 3032 1132 3078 antecamera
1149 3030 1408 3079 cardinalis
1429 3046 1439 3078 ε
1462 3030 1622 3080 eundo
1636 3031 1709 3079 vel
1725 3031 1974 3079 redeundo

188 3106 479 3168 precedebat
498 3109 728 3171 NolanuS,
759 3111 1054 3175 sequebatur
1079 3113 1336 3163 cardinalis
1359 3118 1407 3163 et
1432 3114 1566 3162 illum
1589 3114 1874 3178 PaphensiS,
1900 3114 1974 3162 ul-

190 3188 308 3237 timo
331 3190 763 3255 Milopotamensis.
796 3197 848 3243 In
878 3195 975 3243 fine
1002 3196 1255 3245 cardinalis
1283 3196 1547 3255 benedixit,
1581 3200 1753 3259 postea
1783 3197 1974 3261 Paphe-

189 3288 304 3332 nus;
329 3274 492 3322 omnia
511 3275 604 3324 alia
624 3277 873 3327 observata
894 3283 1005 3327 sunt
1025 3295 1160 3328 more
1184 3281 1343 3329 solito.

255 3359 413 3406 Tenor
431 3373 543 3406 vero
564 3360 776 3410 mandati
797 3362 856 3411 de
878 3376 973 3425 quo
995 3378 1140 3427 supra
1160 3363 1249 3412 fuit
1271 3363 1454 3411 mentio
1477 3363 1582 3411 talis
1604 3367 1694 3411 est.

260 3461 283 3486 «
322 3443 453 3489 Motu
473 3443 686 3507 proprio,
710 3448 802 3493 etc.
826 3445 1102 3495 Venerabili
1127 3446 1260 3495 fratri
1288 3450 1455 3494 nostro
1490 3445 1764 3507 Francisco,
1789 3447 1971 3494 Craco-
