<?xml version="1.0" encoding="UTF-8"?>
<!DOCTYPE html PUBLIC "-//W3C//DTD XHTML 1.0 Transitional//EN"
    "http://www.w3.org/TR/xhtml1/DTD/xhtml1-transitional.dtd">
<html xmlns="http://www.w3.org/1999/xhtml" xml:lang="en" lang="en">
 <head>
  <title>
</title>
<meta http-equiv="Content-Type" content="text/html;charset=utf-8" />
  <meta name='ocr-system' content='tesseract 3.04.00' />
  <meta name='ocr-capabilities' content='ocr_page ocr_carea ocr_par ocr_line ocrx_word'/>
</head>
<body>
  <div class='ocr_page' id='page_1' title='image "./diariumsivererum02burcuoft_0222.png"; bbox 0 0 2222 3926; ppageno 0'>
   <div class='ocr_carea' id='block_1_1' title="bbox 303 310 2080 357">
    <p class='ocr_par' dir='ltr' id='par_1_1' title="bbox 303 310 2080 357">
     <span class='ocr_line' id='line_1_1' title="bbox 303 310 2080 357; baseline -0.001 -10"><span class='ocrx_word' id='word_1_1' title='bbox 303 313 372 348; x_wconf 79' lang='lat'>210</span> <span class='ocrx_word' id='word_1_2' title='bbox 907 310 1140 348; x_wconf 86' lang='lat' dir='ltr'>JOHANNIS</span> <span class='ocrx_word' id='word_1_3' title='bbox 1174 310 1470 357; x_wconf 83' lang='lat' dir='ltr'>BURCHARDI,</span> <span class='ocrx_word' id='word_1_4' title='bbox 1761 312 1965 352; x_wconf 80' lang='lat' dir='ltr'>[Decembre</span> <span class='ocrx_word' id='word_1_5' title='bbox 1987 314 2080 353; x_wconf 67' lang='grc'><strong>1491]</strong></span> 
     </span>
    </p>
   </div>
   <div class='ocr_carea' id='block_1_2' title="bbox 302 411 2084 2642">
    <p class='ocr_par' dir='ltr' id='par_1_2' title="bbox 302 411 2084 2227">
     <span class='ocr_line' id='line_1_2' title="bbox 302 411 2077 476; baseline 0 -15"><span class='ocrx_word' id='word_1_6' title='bbox 302 413 472 461; x_wconf 90' lang='lat' dir='ltr'>eadem</span> <span class='ocrx_word' id='word_1_7' title='bbox 486 416 642 461; x_wconf 90' lang='lat' dir='ltr'>vestra</span> <span class='ocrx_word' id='word_1_8' title='bbox 658 411 987 476; x_wconf 86' lang='lat' dir='ltr'>Magnitudine</span> <span class='ocrx_word' id='word_1_9' title='bbox 1004 413 1105 460; x_wconf 91' lang='lat' dir='ltr'>sine</span> <span class='ocrx_word' id='word_1_10' title='bbox 1126 413 1286 475; x_wconf 90' lang='lat' dir='ltr'>aliqua</span> <span class='ocrx_word' id='word_1_11' title='bbox 1303 412 1590 474; x_wconf 81' lang='lat' dir='ltr'>deceptione</span> <span class='ocrx_word' id='word_1_12' title='bbox 1607 415 1654 459; x_wconf 93' lang='lat' dir='ltr'>et</span> <span class='ocrx_word' id='word_1_13' title='bbox 1672 411 1832 459; x_wconf 89' lang='lat' dir='ltr'>eidem</span> <span class='ocrx_word' id='word_1_14' title='bbox 1847 413 2077 461; x_wconf 89' lang='lat' dir='ltr'>faciemus</span> 
     </span>
     <span class='ocr_line' id='line_1_3' title="bbox 302 493 2082 559; baseline -0.001 -15"><span class='ocrx_word' id='word_1_15' title='bbox 302 496 465 544; x_wconf 91' lang='lat' dir='ltr'>omnia</span> <span class='ocrx_word' id='word_1_16' title='bbox 494 495 798 559; x_wconf 90' lang='lat' dir='ltr'>beneplacita</span> <span class='ocrx_word' id='word_1_17' title='bbox 831 499 877 544; x_wconf 90' lang='lat' dir='ltr'>et</span> <span class='ocrx_word' id='word_1_18' title='bbox 910 496 1088 559; x_wconf 78' lang='lat' dir='ltr'>gratias</span> <span class='ocrx_word' id='word_1_19' title='bbox 1131 499 1319 543; x_wconf 90' lang='lat' dir='ltr'>nostras</span> <span class='ocrx_word' id='word_1_20' title='bbox 1359 493 1632 557; x_wconf 90' lang='lat' dir='ltr'>possibiles.</span> <span class='ocrx_word' id='word_1_21' title='bbox 1666 496 1869 557; x_wconf 87' lang='lat' dir='ltr'>Insuper</span> <span class='ocrx_word' id='word_1_22' title='bbox 1901 497 2082 558; x_wconf 83' lang='lat' dir='ltr'><strong>promit</strong></span> 
     </span>
     <span class='ocr_line' id='line_1_4' title="bbox 307 576 2081 642; baseline -0.002 -14"><span class='ocrx_word' id='word_1_23' title='bbox 307 580 447 628; x_wconf 89' lang='lat' dir='ltr'>timus</span> <span class='ocrx_word' id='word_1_24' title='bbox 467 584 624 627; x_wconf 81' lang='lat' dir='ltr'>vestre</span> <span class='ocrx_word' id='word_1_25' title='bbox 648 578 865 626; x_wconf 89' lang='lat' dir='ltr'>Potentie</span> <span class='ocrx_word' id='word_1_26' title='bbox 887 594 974 640; x_wconf 91' lang='lat' dir='ltr'>pro</span> <span class='ocrx_word' id='word_1_27' title='bbox 993 577 1181 625; x_wconf 91' lang='lat' dir='ltr'>meliori</span> <span class='ocrx_word' id='word_1_28' title='bbox 1204 593 1291 624; x_wconf 91' lang='lat' dir='ltr'>sua</span> <span class='ocrx_word' id='word_1_29' title='bbox 1313 576 1641 625; x_wconf 78' lang='lat' dir='ltr'>satisfactione</span> <span class='ocrx_word' id='word_1_30' title='bbox 1662 576 1792 640; x_wconf 92' lang='lat' dir='ltr'>quod</span> <span class='ocrx_word' id='word_1_31' title='bbox 1811 593 1968 640; x_wconf 92' lang='lat' dir='ltr'>neque</span> <span class='ocrx_word' id='word_1_32' title='bbox 1992 594 2081 642; x_wconf 90' lang='lat' dir='ltr'>per</span> 
     </span>
     <span class='ocr_line' id='line_1_5' title="bbox 302 660 2078 725; baseline -0.001 -14"><span class='ocrx_word' id='word_1_33' title='bbox 302 679 381 711; x_wconf 91' lang='lat' dir='ltr'>me</span> <span class='ocrx_word' id='word_1_34' title='bbox 400 678 557 725; x_wconf 91' lang='lat' dir='ltr'>neque</span> <span class='ocrx_word' id='word_1_35' title='bbox 578 677 664 725; x_wconf 90' lang='lat' dir='ltr'>per</span> <span class='ocrx_word' id='word_1_36' title='bbox 685 676 819 709; x_wconf 93' lang='lat' dir='ltr'>meos</span> <span class='ocrx_word' id='word_1_37' title='bbox 833 676 995 708; x_wconf 91' lang='lat' dir='ltr'>servos</span> <span class='ocrx_word' id='word_1_38' title='bbox 1012 676 1169 722; x_wconf 92' lang='lat' dir='ltr'>neque</span> <span class='ocrx_word' id='word_1_39' title='bbox 1194 660 1341 708; x_wconf 88' lang='lat' dir='ltr'>etiam</span> <span class='ocrx_word' id='word_1_40' title='bbox 1368 675 1455 724; x_wconf 89' lang='lat' dir='ltr'>per</span> <span class='ocrx_word' id='word_1_41' title='bbox 1471 660 1681 723; x_wconf 88' lang='lat' dir='ltr'>aliquem</span> <span class='ocrx_word' id='word_1_42' title='bbox 1698 675 1754 709; x_wconf 88' lang='lat' dir='ltr'>ex</span> <span class='ocrx_word' id='word_1_43' title='bbox 1772 660 1938 724; x_wconf 87' lang='lat' dir='ltr'>patriis</span> <span class='ocrx_word' id='word_1_44' title='bbox 1957 661 2078 710; x_wconf 92' lang='lat' dir='ltr'>meis</span> 
     </span>
     <span class='ocr_line' id='line_1_6' title="bbox 303 742 2077 806; baseline -0.001 -13"><span class='ocrx_word' id='word_1_45' title='bbox 303 745 571 794; x_wconf 90' lang='lat' dir='ltr'>eritdatum</span> <span class='ocrx_word' id='word_1_46' title='bbox 590 743 783 806; x_wconf 88' lang='lat' dir='ltr'>aliquod</span> <span class='ocrx_word' id='word_1_47' title='bbox 805 742 1206 806; x_wconf 87' lang='lat' dir='ltr'>impedimentum</span> <span class='ocrx_word' id='word_1_48' title='bbox 1234 748 1314 791; x_wconf 88' lang='lat' dir='ltr'>aut</span> <span class='ocrx_word' id='word_1_49' title='bbox 1344 743 1523 791; x_wconf 87' lang='lat' dir='ltr'>factum</span> <span class='ocrx_word' id='word_1_50' title='bbox 1550 743 1779 791; x_wconf 91' lang='lat' dir='ltr'>damnum</span> <span class='ocrx_word' id='word_1_51' title='bbox 1801 743 2077 792; x_wconf 90' lang='lat' dir='ltr'>christianis</span> 
     </span>
     <span class='ocr_line' id='line_1_7' title="bbox 303 825 2079 892; baseline -0.002 -16"><span class='ocrx_word' id='word_1_52' title='bbox 303 829 652 892; x_wconf 89' lang='lat' dir='ltr'>cujuscumque</span> <span class='ocrx_word' id='word_1_53' title='bbox 690 825 930 889; x_wconf 79' lang='lat' dir='ltr'>qualitatis</span> <span class='ocrx_word' id='word_1_54' title='bbox 965 831 1045 874; x_wconf 87' lang='lat' dir='ltr'>aut</span> <span class='ocrx_word' id='word_1_55' title='bbox 1078 826 1369 875; x_wconf 89' lang='lat' dir='ltr'>conditionis</span> <span class='ocrx_word' id='word_1_56' title='bbox 1397 825 1540 874; x_wconf 88' lang='lat' dir='ltr'>fuerit</span> <span class='ocrx_word' id='word_1_57' title='bbox 1564 825 1660 873; x_wconf 90' lang='lat' dir='ltr'>sive</span> <span class='ocrx_word' id='word_1_58' title='bbox 1689 825 1735 873; x_wconf 91' lang='lat' dir='ltr'>in</span> <span class='ocrx_word' id='word_1_59' title='bbox 1762 829 1891 873; x_wconf 88' lang='lat' dir='ltr'>terra</span> <span class='ocrx_word' id='word_1_60' title='bbox 1912 825 2079 873; x_wconf 88' lang='lat' dir='ltr'>sivein</span> 
     </span>
     <span class='ocr_line' id='line_1_8' title="bbox 302 907 2080 972; baseline -0.001 -15"><span class='ocrx_word' id='word_1_61' title='bbox 302 909 442 969; x_wconf 89' lang='lat' dir='ltr'>mari,</span> <span class='ocrx_word' id='word_1_62' title='bbox 465 909 557 957; x_wconf 89' lang='lat' dir='ltr'>nisi</span> <span class='ocrx_word' id='word_1_63' title='bbox 579 912 742 956; x_wconf 90' lang='lat' dir='ltr'>essent</span> <span class='ocrx_word' id='word_1_64' title='bbox 759 909 902 972; x_wconf 88' lang='lat' dir='ltr'>aliqui</span> <span class='ocrx_word' id='word_1_65' title='bbox 933 909 1014 971; x_wconf 92' lang='lat' dir='ltr'>qui</span> <span class='ocrx_word' id='word_1_66' title='bbox 1042 908 1179 956; x_wconf 92' lang='lat' dir='ltr'>nobis</span> <span class='ocrx_word' id='word_1_67' title='bbox 1207 913 1289 957; x_wconf 90' lang='lat' dir='ltr'>aut</span> <span class='ocrx_word' id='word_1_68' title='bbox 1319 908 1521 956; x_wconf 90' lang='lat' dir='ltr'>subditis</span> <span class='ocrx_word' id='word_1_69' title='bbox 1551 907 1728 956; x_wconf 90' lang='lat' dir='ltr'>nostris</span> <span class='ocrx_word' id='word_1_70' title='bbox 1757 908 1987 955; x_wconf 85' lang='lat' dir='ltr'>damnum</span> <span class='ocrx_word' id='word_1_71' title='bbox 2008 907 2080 955; x_wconf 86' lang='lat' dir='ltr'>fa-</span> 
     </span>
     <span class='ocr_line' id='line_1_9' title="bbox 302 991 2076 1056; baseline -0.001 -15"><span class='ocrx_word' id='word_1_72' title='bbox 302 1009 411 1042; x_wconf 91' lang='lat' dir='ltr'>cere</span> <span class='ocrx_word' id='word_1_73' title='bbox 435 993 625 1041; x_wconf 91' lang='lat' dir='ltr'>vellent.</span> <span class='ocrx_word' id='word_1_74' title='bbox 649 994 706 1039; x_wconf 90' lang='lat' dir='ltr'>Et</span> <span class='ocrx_word' id='word_1_75' title='bbox 722 1007 808 1056; x_wconf 86' lang='lat' dir='ltr'>pro</span> <span class='ocrx_word' id='word_1_76' title='bbox 831 992 1001 1056; x_wconf 89' lang='lat' dir='ltr'>majori</span> <span class='ocrx_word' id='word_1_77' title='bbox 1019 992 1176 1040; x_wconf 89' lang='lat' dir='ltr'>adhuc</span> <span class='ocrx_word' id='word_1_78' title='bbox 1196 991 1521 1040; x_wconf 83' lang='lat' dir='ltr'>satisfactione</span> <span class='ocrx_word' id='word_1_79' title='bbox 1541 995 1697 1039; x_wconf 86' lang='lat' dir='ltr'>vestre</span> <span class='ocrx_word' id='word_1_80' title='bbox 1716 991 2076 1055; x_wconf 84' lang='lat' dir='ltr'>Magnitudinis,</span> 
     </span>
     <span class='ocr_line' id='line_1_10' title="bbox 302 1074 2080 1140; baseline -0.002 -16"><span class='ocrx_word' id='word_1_81' title='bbox 302 1081 353 1124; x_wconf 91' lang='lat' dir='ltr'>ut</span> <span class='ocrx_word' id='word_1_82' title='bbox 385 1076 444 1123; x_wconf 90' lang='lat' dir='ltr'>sit</span> <span class='ocrx_word' id='word_1_83' title='bbox 478 1091 670 1140; x_wconf 90' lang='lat' dir='ltr'>semper</span> <span class='ocrx_word' id='word_1_84' title='bbox 702 1090 872 1124; x_wconf 84' lang='lat' dir='ltr'>secura</span> <span class='ocrx_word' id='word_1_85' title='bbox 899 1075 1001 1124; x_wconf 91' lang='lat' dir='ltr'>sine</span> <span class='ocrx_word' id='word_1_86' title='bbox 1029 1075 1189 1139; x_wconf 90' lang='lat' dir='ltr'>aliqua</span> <span class='ocrx_word' id='word_1_87' title='bbox 1215 1075 1513 1124; x_wconf 82' lang='lat' dir='ltr'>dubitatione</span> <span class='ocrx_word' id='word_1_88' title='bbox 1544 1075 1603 1123; x_wconf 93' lang='lat' dir='ltr'>de</span> <span class='ocrx_word' id='word_1_89' title='bbox 1631 1074 1854 1122; x_wconf 89' lang='lat' dir='ltr'>omnibus</span> <span class='ocrx_word' id='word_1_90' title='bbox 1882 1074 1958 1122; x_wconf 90' lang='lat' dir='ltr'>his</span> <span class='ocrx_word' id='word_1_91' title='bbox 1988 1089 2080 1137; x_wconf 94' lang='lat' dir='ltr'>que</span> 
     </span>
     <span class='ocr_line' id='line_1_11' title="bbox 304 1155 2081 1223; baseline -0.001 -17"><span class='ocrx_word' id='word_1_92' title='bbox 304 1175 448 1223; x_wconf 89' lang='lat' dir='ltr'>supra</span> <span class='ocrx_word' id='word_1_93' title='bbox 474 1158 815 1222; x_wconf 82' lang='lat' dir='ltr'>promittimus,</span> <span class='ocrx_word' id='word_1_94' title='bbox 841 1158 995 1223; x_wconf 86' lang='lat' dir='ltr'>juravi</span> <span class='ocrx_word' id='word_1_95' title='bbox 1018 1164 1066 1207; x_wconf 92' lang='lat' dir='ltr'>et</span> <span class='ocrx_word' id='word_1_96' title='bbox 1097 1159 1331 1207; x_wconf 87' lang='lat' dir='ltr'>affirmavi</span> <span class='ocrx_word' id='word_1_97' title='bbox 1359 1159 1523 1207; x_wconf 90' lang='lat' dir='ltr'>omnia</span> <span class='ocrx_word' id='word_1_98' title='bbox 1557 1158 1605 1206; x_wconf 91' lang='lat' dir='ltr'>in</span> <span class='ocrx_word' id='word_1_99' title='bbox 1639 1158 1884 1222; x_wconf 86' lang='lat' dir='ltr'>presentia</span> <span class='ocrx_word' id='word_1_100' title='bbox 1910 1155 2081 1222; x_wconf 89' lang='lat' dir='ltr'>prefati</span> 
     </span>
     <span class='ocr_line' id='line_1_12' title="bbox 305 1241 2078 1306; baseline -0.001 -16"><span class='ocrx_word' id='word_1_101' title='bbox 305 1242 513 1306; x_wconf 83' lang='lat' dir='ltr'>Georgii,</span> <span class='ocrx_word' id='word_1_102' title='bbox 537 1258 624 1306; x_wconf 91' lang='lat' dir='ltr'>per</span> <span class='ocrx_word' id='word_1_103' title='bbox 642 1258 807 1290; x_wconf 90' lang='lat' dir='ltr'>verum</span> <span class='ocrx_word' id='word_1_104' title='bbox 829 1245 983 1290; x_wconf 92' lang='lat' dir='ltr'>Deum</span> <span class='ocrx_word' id='word_1_105' title='bbox 1004 1258 1150 1306; x_wconf 92' lang='lat' dir='ltr'>quem</span> <span class='ocrx_word' id='word_1_106' title='bbox 1171 1243 1445 1303; x_wconf 88' lang='lat' dir='ltr'>adoramus,</span> <span class='ocrx_word' id='word_1_107' title='bbox 1478 1247 1525 1291; x_wconf 92' lang='lat' dir='ltr'>et</span> <span class='ocrx_word' id='word_1_108' title='bbox 1544 1257 1688 1306; x_wconf 90' lang='lat' dir='ltr'>super</span> <span class='ocrx_word' id='word_1_109' title='bbox 1702 1241 1950 1305; x_wconf 88' lang='lat' dir='ltr'>evangelia</span> <span class='ocrx_word' id='word_1_110' title='bbox 1969 1256 2078 1289; x_wconf 91' lang='lat' dir='ltr'>nos-</span> 
     </span>
     <span class='ocr_line' id='line_1_13' title="bbox 304 1325 2076 1389; baseline -0.001 -15"><span class='ocrx_word' id='word_1_111' title='bbox 304 1330 394 1386; x_wconf 87' lang='lat' dir='ltr'>tra,</span> <span class='ocrx_word' id='word_1_112' title='bbox 432 1326 684 1374; x_wconf 88' lang='lat' dir='ltr'>observare</span> <span class='ocrx_word' id='word_1_113' title='bbox 724 1330 879 1374; x_wconf 90' lang='lat' dir='ltr'>vestre</span> <span class='ocrx_word' id='word_1_114' title='bbox 910 1327 1129 1374; x_wconf 86' lang='lat' dir='ltr'>Potentie</span> <span class='ocrx_word' id='word_1_115' title='bbox 1164 1327 1327 1375; x_wconf 90' lang='lat' dir='ltr'>omnia</span> <span class='ocrx_word' id='word_1_116' title='bbox 1366 1341 1518 1389; x_wconf 92' lang='lat' dir='ltr'>usque</span> <span class='ocrx_word' id='word_1_117' title='bbox 1552 1325 1611 1372; x_wconf 90' lang='lat' dir='ltr'>ad</span> <span class='ocrx_word' id='word_1_118' title='bbox 1647 1325 2076 1388; x_wconf 89' lang='lat' dir='ltr'>complementum,</span> 
     </span>
     <span class='ocr_line' id='line_1_14' title="bbox 305 1408 2082 1473; baseline -0.001 -16"><span class='ocrx_word' id='word_1_119' title='bbox 305 1424 462 1473; x_wconf 90' lang='lat' dir='ltr'>neque</span> <span class='ocrx_word' id='word_1_120' title='bbox 492 1409 543 1457; x_wconf 91' lang='lat' dir='ltr'>in</span> <span class='ocrx_word' id='word_1_121' title='bbox 572 1409 731 1473; x_wconf 89' lang='lat' dir='ltr'>aliqua</span> <span class='ocrx_word' id='word_1_122' title='bbox 751 1425 802 1458; x_wconf 91' lang='lat' dir='ltr'>re</span> <span class='ocrx_word' id='word_1_123' title='bbox 836 1410 1046 1459; x_wconf 88' lang='lat' dir='ltr'>deficere</span> <span class='ocrx_word' id='word_1_124' title='bbox 1072 1410 1175 1459; x_wconf 91' lang='lat' dir='ltr'>sine</span> <span class='ocrx_word' id='word_1_125' title='bbox 1204 1410 1396 1459; x_wconf 89' lang='lat' dir='ltr'>defectu</span> <span class='ocrx_word' id='word_1_126' title='bbox 1424 1413 1502 1457; x_wconf 87' lang='lat' dir='ltr'>aut</span> <span class='ocrx_word' id='word_1_127' title='bbox 1526 1409 1685 1472; x_wconf 86' lang='lat' dir='ltr'>aliqua</span> <span class='ocrx_word' id='word_1_128' title='bbox 1712 1408 2000 1457; x_wconf 90' lang='lat' dir='ltr'>defectione.</span> <span class='ocrx_word' id='word_1_129' title='bbox 2026 1410 2082 1456; x_wconf 90' lang='lat' dir='ltr'>Et</span> 
     </span>
     <span class='ocr_line' id='line_1_15' title="bbox 304 1492 2080 1559; baseline -0.001 -18"><span class='ocrx_word' id='word_1_130' title='bbox 304 1492 462 1541; x_wconf 90' lang='lat' dir='ltr'>adhuc</span> <span class='ocrx_word' id='word_1_131' title='bbox 482 1508 570 1557; x_wconf 90' lang='lat' dir='ltr'>pro</span> <span class='ocrx_word' id='word_1_132' title='bbox 592 1493 765 1556; x_wconf 89' lang='lat' dir='ltr'>majori</span> <span class='ocrx_word' id='word_1_133' title='bbox 787 1493 1048 1542; x_wconf 89' lang='lat' dir='ltr'>securitate</span> <span class='ocrx_word' id='word_1_134' title='bbox 1069 1498 1225 1543; x_wconf 89' lang='lat' dir='ltr'>vestre</span> <span class='ocrx_word' id='word_1_135' title='bbox 1244 1494 1607 1558; x_wconf 80' lang='lat' dir='ltr'>MagnitudiniS‚</span> <span class='ocrx_word' id='word_1_136' title='bbox 1631 1510 1692 1542; x_wconf 92' lang='lat' dir='ltr'>ne</span> <span class='ocrx_word' id='word_1_137' title='bbox 1716 1494 1817 1559; x_wconf 92' lang='lat' dir='ltr'>ejus</span> <span class='ocrx_word' id='word_1_138' title='bbox 1830 1493 2018 1541; x_wconf 90' lang='lat' dir='ltr'>animus</span> <span class='ocrx_word' id='word_1_139' title='bbox 2034 1493 2080 1540; x_wconf 89' lang='lat' dir='ltr'>iu</span> 
     </span>
     <span class='ocr_line' id='line_1_16' title="bbox 304 1576 2083 1640; baseline 0 -16"><span class='ocrx_word' id='word_1_140' title='bbox 304 1576 462 1640; x_wconf 89' lang='lat' dir='ltr'>aliqua</span> <span class='ocrx_word' id='word_1_141' title='bbox 479 1577 775 1626; x_wconf 88' lang='lat' dir='ltr'>dubitatione</span> <span class='ocrx_word' id='word_1_142' title='bbox 799 1581 1064 1636; x_wconf 86' lang='lat' dir='ltr'>remaneat,</span> <span class='ocrx_word' id='word_1_143' title='bbox 1091 1577 1189 1626; x_wconf 94' lang='lat' dir='ltr'>imo</span> <span class='ocrx_word' id='word_1_144' title='bbox 1223 1578 1281 1625; x_wconf 88' lang='lat' dir='ltr'>sit</span> <span class='ocrx_word' id='word_1_145' title='bbox 1304 1579 1600 1626; x_wconf 86' lang='lat' dir='ltr'>certissimus</span> <span class='ocrx_word' id='word_1_146' title='bbox 1631 1577 1689 1626; x_wconf 92' lang='lat' dir='ltr'>de</span> <span class='ocrx_word' id='word_1_147' title='bbox 1712 1593 1856 1636; x_wconf 91' lang='lat' dir='ltr'>novo,</span> <span class='ocrx_word' id='word_1_148' title='bbox 1888 1593 1979 1640; x_wconf 88' lang='lat' dir='ltr'>ego</span> <span class='ocrx_word' id='word_1_149' title='bbox 2009 1591 2083 1624; x_wconf 92' lang='lat' dir='ltr'>su-</span> 
     </span>
     <span class='ocr_line' id='line_1_17' title="bbox 305 1650 2084 1730; baseline 0.001 -23"><span class='ocrx_word' id='word_1_150' title='bbox 305 1659 546 1723; x_wconf 88' lang='lat' dir='ltr'>pradictus</span> <span class='ocrx_word' id='word_1_151' title='bbox 581 1660 736 1708; x_wconf 88' lang='lat' dir='ltr'>sultan</span> <span class='ocrx_word' id='word_1_152' title='bbox 764 1661 956 1725; x_wconf 89' lang='lat' dir='ltr'>Bajazet</span> <span class='ocrx_word' id='word_1_153' title='bbox 989 1650 1139 1720; x_wconf 85' lang='lat' dir='ltr'>Chan,</span> <span class='ocrx_word' id='word_1_154' title='bbox 1164 1662 1276 1725; x_wconf 88' lang='lat' dir='ltr'>juro</span> <span class='ocrx_word' id='word_1_155' title='bbox 1306 1678 1394 1725; x_wconf 90' lang='lat' dir='ltr'>per</span> <span class='ocrx_word' id='word_1_156' title='bbox 1427 1665 1582 1711; x_wconf 90' lang='lat' dir='ltr'>Deum</span> <span class='ocrx_word' id='word_1_157' title='bbox 1613 1677 1775 1709; x_wconf 90' lang='lat' dir='ltr'>verum</span> <span class='ocrx_word' id='word_1_158' title='bbox 1797 1661 1878 1724; x_wconf 93' lang='lat' dir='ltr'>qui</span> <span class='ocrx_word' id='word_1_159' title='bbox 1905 1660 2084 1730; x_wconf 86' lang='lat' dir='ltr'>creavit</span> 
     </span>
     <span class='ocr_line' id='line_1_18' title="bbox 308 1742 2084 1808; baseline 0.001 -18"><span class='ocrx_word' id='word_1_160' title='bbox 308 1742 465 1791; x_wconf 87' lang='lat' dir='ltr'>celum</span> <span class='ocrx_word' id='word_1_161' title='bbox 490 1747 537 1792; x_wconf 90' lang='lat' dir='ltr'>et</span> <span class='ocrx_word' id='word_1_162' title='bbox 557 1748 735 1792; x_wconf 88' lang='lat' dir='ltr'>terram</span> <span class='ocrx_word' id='word_1_163' title='bbox 757 1748 804 1793; x_wconf 93' lang='lat' dir='ltr'>et</span> <span class='ocrx_word' id='word_1_164' title='bbox 825 1744 986 1792; x_wconf 87' lang='lat' dir='ltr'>omnia</span> <span class='ocrx_word' id='word_1_165' title='bbox 1006 1761 1097 1807; x_wconf 93' lang='lat' dir='ltr'>que</span> <span class='ocrx_word' id='word_1_166' title='bbox 1131 1744 1181 1792; x_wconf 89' lang='lat' dir='ltr'>in</span> <span class='ocrx_word' id='word_1_167' title='bbox 1211 1745 1279 1792; x_wconf 91' lang='lat' dir='ltr'>eis</span> <span class='ocrx_word' id='word_1_168' title='bbox 1303 1749 1429 1804; x_wconf 88' lang='lat' dir='ltr'>sunt,</span> <span class='ocrx_word' id='word_1_169' title='bbox 1462 1749 1509 1793; x_wconf 91' lang='lat' dir='ltr'>et</span> <span class='ocrx_word' id='word_1_170' title='bbox 1530 1745 1580 1792; x_wconf 92' lang='lat' dir='ltr'>in</span> <span class='ocrx_word' id='word_1_171' title='bbox 1601 1759 1745 1808; x_wconf 91' lang='lat' dir='ltr'>quem</span> <span class='ocrx_word' id='word_1_172' title='bbox 1769 1744 2011 1791; x_wconf 90' lang='lat' dir='ltr'>credimus</span> <span class='ocrx_word' id='word_1_173' title='bbox 2036 1747 2084 1791; x_wconf 92' lang='lat' dir='ltr'>et</span> 
     </span>
     <span class='ocr_line' id='line_1_19' title="bbox 309 1826 2078 1897; baseline 0 -23"><span class='ocrx_word' id='word_1_174' title='bbox 309 1827 581 1886; x_wconf 90' lang='lat' dir='ltr'>adoramus,</span> <span class='ocrx_word' id='word_1_175' title='bbox 622 1828 751 1890; x_wconf 91' lang='lat' dir='ltr'>quod</span> <span class='ocrx_word' id='word_1_176' title='bbox 785 1828 957 1876; x_wconf 86' lang='lat' dir='ltr'>faciam</span> <span class='ocrx_word' id='word_1_177' title='bbox 991 1827 1252 1891; x_wconf 90' lang='lat' dir='ltr'>adimplere</span> <span class='ocrx_word' id='word_1_178' title='bbox 1285 1844 1343 1876; x_wconf 89' lang='lat' dir='ltr'>ea</span> <span class='ocrx_word' id='word_1_179' title='bbox 1375 1844 1467 1891; x_wconf 92' lang='lat' dir='ltr'>que</span> <span class='ocrx_word' id='word_1_180' title='bbox 1492 1844 1635 1891; x_wconf 87' lang='lat' dir='ltr'>supra</span> <span class='ocrx_word' id='word_1_181' title='bbox 1671 1826 1829 1876; x_wconf 92' lang='lat' dir='ltr'>eidem</span> <span class='ocrx_word' id='word_1_182' title='bbox 1869 1827 2078 1897; x_wconf 85' lang='lat' dir='ltr'>requiro.</span> 
     </span>
     <span class='ocr_line' id='line_1_20' title="bbox 309 1910 2081 1976; baseline 0.001 -18"><span class='ocrx_word' id='word_1_183' title='bbox 309 1910 541 1959; x_wconf 89' lang='lat' dir='ltr'>Promitto</span> <span class='ocrx_word' id='word_1_184' title='bbox 571 1927 660 1975; x_wconf 90' lang='lat' dir='ltr'>per</span> <span class='ocrx_word' id='word_1_185' title='bbox 679 1911 858 1959; x_wconf 88' lang='lat' dir='ltr'>dictum</span> <span class='ocrx_word' id='word_1_186' title='bbox 885 1912 1216 1976; x_wconf 87' lang='lat' dir='ltr'>juramentum</span> <span class='ocrx_word' id='word_1_187' title='bbox 1247 1927 1436 1961; x_wconf 90' lang='lat' dir='ltr'>servare</span> <span class='ocrx_word' id='word_1_188' title='bbox 1463 1911 1625 1960; x_wconf 89' lang='lat' dir='ltr'>omnia</span> <span class='ocrx_word' id='word_1_189' title='bbox 1646 1927 1739 1975; x_wconf 91' lang='lat' dir='ltr'>que</span> <span class='ocrx_word' id='word_1_190' title='bbox 1761 1928 1907 1976; x_wconf 89' lang='lat' dir='ltr'>supra</span> <span class='ocrx_word' id='word_1_191' title='bbox 1926 1911 2081 1959; x_wconf 88' lang='lat' dir='ltr'>conti-</span> 
     </span>
     <span class='ocr_line' id='line_1_21' title="bbox 307 1993 2078 2060; baseline 0.001 -19"><span class='ocrx_word' id='word_1_192' title='bbox 307 1997 482 2042; x_wconf 86' lang='lat' dir='ltr'>nentur</span> <span class='ocrx_word' id='word_1_193' title='bbox 502 1998 550 2043; x_wconf 92' lang='lat' dir='ltr'>et</span> <span class='ocrx_word' id='word_1_194' title='bbox 570 1993 780 2058; x_wconf 89' lang='lat' dir='ltr'>inaliqua</span> <span class='ocrx_word' id='word_1_195' title='bbox 812 2012 863 2044; x_wconf 91' lang='lat' dir='ltr'>re</span> <span class='ocrx_word' id='word_1_196' title='bbox 898 2013 1145 2060; x_wconf 91' lang='lat' dir='ltr'>nunquam</span> <span class='ocrx_word' id='word_1_197' title='bbox 1176 2000 1343 2045; x_wconf 89' lang='lat' dir='ltr'>contra</span> <span class='ocrx_word' id='word_1_198' title='bbox 1374 1997 1533 2044; x_wconf 86' lang='lat' dir='ltr'>facere</span> <span class='ocrx_word' id='word_1_199' title='bbox 1562 2011 1719 2059; x_wconf 92' lang='lat' dir='ltr'>neque</span> <span class='ocrx_word' id='word_1_200' title='bbox 1748 1994 2078 2044; x_wconf 86' lang='lat' dir='ltr'>contravenire</span> 
     </span>
     <span class='ocr_line' id='line_1_22' title="bbox 306 2078 2076 2145; baseline 0.001 -21"><span class='ocrx_word' id='word_1_201' title='bbox 306 2080 459 2125; x_wconf 91' lang='lat' dir='ltr'>vestre</span> <span class='ocrx_word' id='word_1_202' title='bbox 498 2078 833 2142; x_wconf 86' lang='lat' dir='ltr'>Magnitudini.</span> <span class='ocrx_word' id='word_1_203' title='bbox 871 2081 1111 2144; x_wconf 90' lang='lat' dir='ltr'>Scriptum</span> <span class='ocrx_word' id='word_1_204' title='bbox 1146 2079 1556 2145; x_wconf 87' lang='lat' dir='ltr'>Constantinopoli</span> <span class='ocrx_word' id='word_1_205' title='bbox 1594 2079 1643 2127; x_wconf 92' lang='lat' dir='ltr'>in</span> <span class='ocrx_word' id='word_1_206' title='bbox 1682 2079 1859 2143; x_wconf 89' lang='lat' dir='ltr'>palatio</span> <span class='ocrx_word' id='word_1_207' title='bbox 1893 2081 2076 2138; x_wconf 90' lang='lat' dir='ltr'>nostro,</span> 
     </span>
     <span class='ocr_line' id='line_1_23' title="bbox 308 2160 1784 2227; baseline 0.001 -20"><span class='ocrx_word' id='word_1_208' title='bbox 308 2160 572 2208; x_wconf 88' lang='lat' dir='ltr'>secundum</span> <span class='ocrx_word' id='word_1_209' title='bbox 593 2161 848 2210; x_wconf 88' lang='lat' dir='ltr'>adventum</span> <span class='ocrx_word' id='word_1_210' title='bbox 873 2163 1045 2212; x_wconf 85' lang='lat' dir='ltr'>Christi</span> <span class='ocrx_word' id='word_1_211' title='bbox 1067 2164 1142 2212; x_wconf 93' lang='lat' dir='ltr'>die</span> <span class='ocrx_word' id='word_1_212' title='bbox 1161 2181 1226 2212; x_wconf 88' lang='lat' dir='ltr'>xv</span> <span class='ocrx_word' id='word_1_213' title='bbox 1247 2163 1536 2227; x_wconf 90' lang='lat' dir='ltr'>septembris</span> <span class='ocrx_word' id='word_1_214' title='bbox 1562 2166 1683 2223; x_wconf 73' lang='lat'>1494</span> <span class='ocrx_word' id='word_1_215' title='bbox 1705 2162 1784 2227; x_wconf 90' lang='lat'>(1).</span> 
     </span>
    </p>

    <p class='ocr_par' dir='ltr' id='par_1_3' title="bbox 305 2244 2084 2642">
     <span class='ocr_line' id='line_1_24' title="bbox 372 2244 2081 2310; baseline 0.001 -18"><span class='ocrx_word' id='word_1_216' title='bbox 372 2246 427 2292; x_wconf 87' lang='lat' dir='ltr'>Et</span> <span class='ocrx_word' id='word_1_217' title='bbox 456 2245 819 2310; x_wconf 86' lang='lat' dir='ltr'>ego·Philippus</span> <span class='ocrx_word' id='word_1_218' title='bbox 847 2247 905 2295; x_wconf 92' lang='lat' dir='ltr'>de</span> <span class='ocrx_word' id='word_1_219' title='bbox 931 2247 1239 2306; x_wconf 90' lang='lat' dir='ltr'>Patriarchis,</span> <span class='ocrx_word' id='word_1_220' title='bbox 1271 2246 1472 2294; x_wconf 92' lang='lat' dir='ltr'>clericus</span> <span class='ocrx_word' id='word_1_221' title='bbox 1506 2244 1861 2304; x_wconf 86' lang='lat' dir='ltr'>Foroliviensis,</span> <span class='ocrx_word' id='word_1_222' title='bbox 1891 2248 2081 2309; x_wconf 86' lang='lat' dir='ltr'>aposto-</span> 
     </span>
     <span class='ocr_line' id='line_1_25' title="bbox 305 2327 2080 2393; baseline 0.001 -18"><span class='ocrx_word' id='word_1_223' title='bbox 305 2327 400 2376; x_wconf 90' lang='lat' dir='ltr'>lica</span> <span class='ocrx_word' id='word_1_224' title='bbox 425 2333 473 2376; x_wconf 90' lang='lat' dir='ltr'>et</span> <span class='ocrx_word' id='word_1_225' title='bbox 498 2329 734 2393; x_wconf 89' lang='lat' dir='ltr'>imperiali</span> <span class='ocrx_word' id='word_1_226' title='bbox 755 2330 1123 2379; x_wconf 88' lang='lat' dir='ltr'>authoritatibus</span> <span class='ocrx_word' id='word_1_227' title='bbox 1145 2329 1357 2378; x_wconf 88' lang='lat' dir='ltr'>notarius</span> <span class='ocrx_word' id='word_1_228' title='bbox 1384 2329 1603 2392; x_wconf 89' lang='lat' dir='ltr'>publicus</span> <span class='ocrx_word' id='word_1_229' title='bbox 1627 2327 1956 2391; x_wconf 86' lang='lat' dir='ltr'>infrascriptas</span> <span class='ocrx_word' id='word_1_230' title='bbox 1975 2328 2080 2392; x_wconf 86' lang='lat' dir='ltr'>lite-</span> 
     </span>
     <span class='ocr_line' id='line_1_26' title="bbox 308 2411 2082 2477; baseline 0 -18"><span class='ocrx_word' id='word_1_231' title='bbox 308 2428 384 2460; x_wconf 86' lang='lat' dir='ltr'>ras</span> <span class='ocrx_word' id='word_1_232' title='bbox 424 2428 483 2461; x_wconf 88' lang='lat' dir='ltr'>ex</span> <span class='ocrx_word' id='word_1_233' title='bbox 521 2412 742 2476; x_wconf 86' lang='lat' dir='ltr'>originali</span> <span class='ocrx_word' id='word_1_234' title='bbox 783 2414 912 2477; x_wconf 93' lang='lat' dir='ltr'>quod</span> <span class='ocrx_word' id='word_1_235' title='bbox 950 2418 1053 2462; x_wconf 88' lang='lat' dir='ltr'>erat</span> <span class='ocrx_word' id='word_1_236' title='bbox 1093 2413 1326 2477; x_wconf 87' lang='lat' dir='ltr'>scriptum</span> <span class='ocrx_word' id='word_1_237' title='bbox 1369 2412 1520 2460; x_wconf 85' lang='lat' dir='ltr'>literis</span> <span class='ocrx_word' id='word_1_238' title='bbox 1561 2411 1722 2460; x_wconf 88' lang='lat' dir='ltr'>latinis</span> <span class='ocrx_word' id='word_1_239' title='bbox 1766 2412 1816 2458; x_wconf 91' lang='lat' dir='ltr'>in</span> <span class='ocrx_word' id='word_1_240' title='bbox 1858 2426 2082 2460; x_wconf 88' lang='lat' dir='ltr'>sermone</span> 
     </span>
     <span class='ocr_line' id='line_1_27' title="bbox 306 2494 2081 2560; baseline 0.001 -18"><span class='ocrx_word' id='word_1_241' title='bbox 306 2494 484 2555; x_wconf 89' lang='lat' dir='ltr'>italico,</span> <span class='ocrx_word' id='word_1_242' title='bbox 517 2494 566 2542; x_wconf 93' lang='lat' dir='ltr'>in</span> <span class='ocrx_word' id='word_1_243' title='bbox 597 2494 766 2544; x_wconf 89' lang='lat' dir='ltr'>charta</span> <span class='ocrx_word' id='word_1_244' title='bbox 794 2496 1003 2560; x_wconf 86' lang='lat' dir='ltr'>oblonga</span> <span class='ocrx_word' id='word_1_245' title='bbox 1032 2512 1167 2544; x_wconf 91' lang='lat' dir='ltr'>more</span> <span class='ocrx_word' id='word_1_246' title='bbox 1195 2498 1456 2544; x_wconf 88' lang='lat' dir='ltr'>Turcarum</span> <span class='ocrx_word' id='word_1_247' title='bbox 1487 2511 1578 2559; x_wconf 92' lang='lat' dir='ltr'>que</span> <span class='ocrx_word' id='word_1_248' title='bbox 1606 2494 1817 2543; x_wconf 88' lang='lat' dir='ltr'>habebat</span> <span class='ocrx_word' id='word_1_249' title='bbox 1843 2494 1893 2542; x_wconf 90' lang='lat' dir='ltr'>in</span> <span class='ocrx_word' id='word_1_250' title='bbox 1927 2494 2081 2558; x_wconf 83' lang='lat' dir='ltr'>capite</span> 
     </span>
     <span class='ocr_line' id='line_1_28' title="bbox 307 2577 2084 2642; baseline 0.001 -17"><span class='ocrx_word' id='word_1_251' title='bbox 307 2577 497 2642; x_wconf 87' lang='lat' dir='ltr'>signum</span> <span class='ocrx_word' id='word_1_252' title='bbox 518 2577 680 2641; x_wconf 90' lang='lat' dir='ltr'>magni</span> <span class='ocrx_word' id='word_1_253' title='bbox 701 2579 855 2628; x_wconf 90' lang='lat' dir='ltr'>Turce</span> <span class='ocrx_word' id='word_1_254' title='bbox 877 2595 1096 2638; x_wconf 89' lang='lat' dir='ltr'>aureum,</span> <span class='ocrx_word' id='word_1_255' title='bbox 1124 2578 1173 2626; x_wconf 91' lang='lat' dir='ltr'>in</span> <span class='ocrx_word' id='word_1_256' title='bbox 1195 2578 1324 2627; x_wconf 91' lang='lat' dir='ltr'>calce</span> <span class='ocrx_word' id='word_1_257' title='bbox 1346 2577 1557 2641; x_wconf 89' lang='lat' dir='ltr'>nigrum,</span> <span class='ocrx_word' id='word_1_258' title='bbox 1575 2577 1945 2641; x_wconf 89' lang='lat' dir='ltr'>transsumptavi</span> <span class='ocrx_word' id='word_1_259' title='bbox 1967 2577 2084 2626; x_wconf 89' lang='lat' dir='ltr'>fide-</span> 
     </span>
    </p>
   </div>
   <div class='ocr_carea' id='block_1_3' title="bbox 305 2719 2084 3483">
    <p class='ocr_par' dir='ltr' id='par_1_4' title="bbox 306 2719 2082 2826">
     <span class='ocr_line' id='line_1_29' title="bbox 354 2719 2082 2768; baseline 0.001 -12"><span class='ocrx_word' id='word_1_260' title='bbox 354 2722 389 2759; x_wconf 92' lang='lat'>1.</span> <span class='ocrx_word' id='word_1_261' title='bbox 415 2720 517 2758; x_wconf 89' lang='lat' dir='ltr'>Cette</span> <span class='ocrx_word' id='word_1_262' title='bbox 542 2719 646 2758; x_wconf 89' lang='lat' dir='ltr'>lettre</span> <span class='ocrx_word' id='word_1_263' title='bbox 673 2733 712 2758; x_wconf 88' lang='lat' dir='ltr'>se</span> <span class='ocrx_word' id='word_1_264' title='bbox 737 2725 863 2759; x_wconf 86' lang='lat' dir='ltr'>trouve</span> <span class='ocrx_word' id='word_1_265' title='bbox 890 2722 983 2758; x_wconf 85' lang='lat' dir='ltr'>dans</span> <span class='ocrx_word' id='word_1_266' title='bbox 1008 2721 1157 2758; x_wconf 87' lang='lat' dir='ltr'>Sanudo</span> <span class='ocrx_word' id='word_1_267' title='bbox 1188 2723 1247 2768; x_wconf 90' lang='lat' dir='ltr'>(en</span> <span class='ocrx_word' id='word_1_268' title='bbox 1274 2720 1426 2767; x_wconf 88' lang='lat' dir='ltr'>italien),</span> <span class='ocrx_word' id='word_1_269' title='bbox 1449 2725 1485 2757; x_wconf 91' lang='lat' dir='ltr'>et</span> <span class='ocrx_word' id='word_1_270' title='bbox 1510 2720 1601 2757; x_wconf 87' lang='lat' dir='ltr'>dans</span> <span class='ocrx_word' id='word_1_271' title='bbox 1629 2719 1707 2758; x_wconf 90' lang='lat' dir='ltr'>let.</span> <span class='ocrx_word' id='word_1_272' title='bbox 1736 2721 1769 2757; x_wconf 92' lang='lat' dir='ltr'>II</span> <span class='ocrx_word' id='word_1_273' title='bbox 1796 2721 1861 2757; x_wconf 87' lang='lat' dir='ltr'>des</span> <span class='ocrx_word' id='word_1_274' title='bbox 1882 2722 2019 2758; x_wconf 77' lang='lat' dir='ltr'>Lettere</span> <span class='ocrx_word' id='word_1_275' title='bbox 2042 2722 2082 2757; x_wconf 75' lang='lat' dir='ltr'>di</span> 
     </span>
     <span class='ocr_line' id='line_1_30' title="bbox 306 2781 726 2826; baseline 0.005 -10"><span class='ocrx_word' id='word_1_276' title='bbox 306 2781 486 2826; x_wconf 71' lang='lat' dir='ltr'>Principi,</span> <span class='ocrx_word' id='word_1_277' title='bbox 508 2784 591 2826; x_wconf 68' lang='lat' dir='ltr'>etc„</span> <span class='ocrx_word' id='word_1_278' title='bbox 614 2781 675 2820; x_wconf 87' lang='lat' dir='ltr'>fol.</span> <span class='ocrx_word' id='word_1_279' title='bbox 690 2783 726 2818; x_wconf 89' lang='lat'>3.</span> 
     </span>
    </p>

    <p class='ocr_par' dir='ltr' id='par_1_5' title="bbox 305 2837 2084 3483">
     <span class='ocr_line' id='line_1_31' title="bbox 355 2837 2080 2890; baseline 0.001 -16"><span class='ocrx_word' id='word_1_280' title='bbox 355 2840 407 2875; x_wconf 88' lang='lat' dir='ltr'>En</span> <span class='ocrx_word' id='word_1_281' title='bbox 435 2839 539 2885; x_wconf 86' lang='lat'>1497,</span> <span class='ocrx_word' id='word_1_282' title='bbox 567 2840 600 2876; x_wconf 92' lang='grc'>16</span> <span class='ocrx_word' id='word_1_283' title='bbox 628 2840 786 2878; x_wconf 84' lang='lat' dir='ltr'>cardinal</span> <span class='ocrx_word' id='word_1_284' title='bbox 813 2842 857 2879; x_wconf 87' lang='lat' dir='ltr'>de</span> <span class='ocrx_word' id='word_1_285' title='bbox 886 2842 1021 2887; x_wconf 86' lang='lat' dir='ltr'>Gurek,</span> <span class='ocrx_word' id='word_1_286' title='bbox 1048 2842 1233 2890; x_wconf 79' lang='lat' dir='ltr'>Raymont</span> <span class='ocrx_word' id='word_1_287' title='bbox 1258 2840 1436 2886; x_wconf 85' lang='lat' dir='ltr'>Perrault‚</span> <span class='ocrx_word' id='word_1_288' title='bbox 1465 2838 1634 2877; x_wconf 85' lang='lat' dir='ltr'>affirmait</span> <span class='ocrx_word' id='word_1_289' title='bbox 1661 2850 1708 2875; x_wconf 86' lang='lat' dir='ltr'>au</span> <span class='ocrx_word' id='word_1_290' title='bbox 1739 2837 1878 2875; x_wconf 87' lang='lat' dir='ltr'>notaire</span> <span class='ocrx_word' id='word_1_291' title='bbox 1913 2839 2080 2876; x_wconf 88' lang='lat' dir='ltr'>florentin</span> 
     </span>
     <span class='ocr_line' id='line_1_32' title="bbox 306 2898 2079 2948; baseline 0 -13"><span class='ocrx_word' id='word_1_292' title='bbox 306 2898 529 2936; x_wconf 86' lang='lat' dir='ltr'>Alessandro</span> <span class='ocrx_word' id='word_1_293' title='bbox 550 2900 674 2937; x_wconf 88' lang='lat' dir='ltr'>Bracci</span> <span class='ocrx_word' id='word_1_294' title='bbox 702 2901 801 2938; x_wconf 84' lang='lat' dir='ltr'>avoir</span> <span class='ocrx_word' id='word_1_295' title='bbox 823 2914 871 2939; x_wconf 88' lang='lat' dir='ltr'>vu</span> <span class='ocrx_word' id='word_1_296' title='bbox 891 2901 926 2938; x_wconf 86' lang='lat' dir='ltr'>la</span> <span class='ocrx_word' id='word_1_297' title='bbox 951 2901 1055 2939; x_wconf 87' lang='lat' dir='ltr'>lettre</span> <span class='ocrx_word' id='word_1_298' title='bbox 1074 2902 1166 2938; x_wconf 86' lang='lat' dir='ltr'>dans</span> <span class='ocrx_word' id='word_1_299' title='bbox 1192 2900 1346 2948; x_wconf 86' lang='lat' dir='ltr'>laquelle</span> <span class='ocrx_word' id='word_1_300' title='bbox 1371 2900 1404 2936; x_wconf 92' lang='lat' dir='ltr'>le</span> <span class='ocrx_word' id='word_1_301' title='bbox 1426 2900 1546 2936; x_wconf 86' lang='lat' dir='ltr'>sultan</span> <span class='ocrx_word' id='word_1_302' title='bbox 1571 2898 1690 2935; x_wconf 79' lang='lat' dir='ltr'>offrait</span> <span class='ocrx_word' id='word_1_303' title='bbox 1708 2899 1865 2943; x_wconf 76' lang='lat'>200‚000</span> <span class='ocrx_word' id='word_1_304' title='bbox 1886 2899 2013 2935; x_wconf 87' lang='lat' dir='ltr'>dueats</span> <span class='ocrx_word' id='word_1_305' title='bbox 2034 2910 2079 2935; x_wconf 87' lang='lat' dir='ltr'>au</span> 
     </span>
     <span class='ocr_line' id='line_1_33' title="bbox 307 2956 2079 3009; baseline -0.001 -14"><span class='ocrx_word' id='word_1_306' title='bbox 307 2959 405 3006; x_wconf 83' lang='lat' dir='ltr'>Pape</span> <span class='ocrx_word' id='word_1_307' title='bbox 424 2970 517 3007; x_wconf 91' lang='lat' dir='ltr'>pour</span> <span class='ocrx_word' id='word_1_308' title='bbox 535 2959 623 2996; x_wconf 86' lang='lat' dir='ltr'>faire</span> <span class='ocrx_word' id='word_1_309' title='bbox 642 2961 778 2997; x_wconf 91' lang='lat' dir='ltr'>mourir</span> <span class='ocrx_word' id='word_1_310' title='bbox 798 2961 917 2997; x_wconf 87' lang='lat' dir='ltr'>Zizim.</span> <span class='ocrx_word' id='word_1_311' title='bbox 943 2976 962 2994; x_wconf 91' lang='lat'>«</span> <span class='ocrx_word' id='word_1_312' title='bbox 1046 2961 1075 2998; x_wconf 92' lang='lat' dir='ltr'><strong>E</strong></span> <span class='ocrx_word' id='word_1_313' title='bbox 1094 2963 1155 3009; x_wconf 83' lang='lat' dir='ltr'>qui</span> <span class='ocrx_word' id='word_1_314' title='bbox 1177 2960 1206 2996; x_wconf 90' lang='lat' dir='ltr'>si</span> <span class='ocrx_word' id='word_1_315' title='bbox 1227 2959 1362 3008; x_wconf 84' lang='lat' dir='ltr'>allargo</span> <span class='ocrx_word' id='word_1_316' title='bbox 1377 2960 1504 2996; x_wconf 90' lang='lat' dir='ltr'>mecho</span> <span class='ocrx_word' id='word_1_317' title='bbox 1518 2956 1782 3006; x_wconf 89' lang='lat' dir='ltr'>ponendomelo</span> <span class='ocrx_word' id='word_1_318' title='bbox 1802 2956 1839 2993; x_wconf 89' lang='lat' dir='ltr'>in</span> <span class='ocrx_word' id='word_1_319' title='bbox 1860 2962 1999 2994; x_wconf 83' lang='lat' dir='ltr'>secreto</span> <span class='ocrx_word' id='word_1_320' title='bbox 2014 2958 2079 2994; x_wconf 84' lang='lat' dir='ltr'>che</span> 
     </span>
     <span class='ocr_line' id='line_1_34' title="bbox 307 3015 2082 3069; baseline -0.001 -16"><span class='ocrx_word' id='word_1_321' title='bbox 307 3016 342 3054; x_wconf 85' lang='lat' dir='ltr'>la</span> <span class='ocrx_word' id='word_1_322' title='bbox 361 3017 504 3055; x_wconf 76' lang='lat' dir='ltr'>Santita</span> <span class='ocrx_word' id='word_1_323' title='bbox 524 3030 590 3055; x_wconf 88' lang='lat' dir='ltr'>sua</span> <span class='ocrx_word' id='word_1_324' title='bbox 609 3022 740 3057; x_wconf 85' lang='lat' dir='ltr'>teneva</span> <span class='ocrx_word' id='word_1_325' title='bbox 761 3024 893 3057; x_wconf 85' lang='lat' dir='ltr'>strecta</span> <span class='ocrx_word' id='word_1_326' title='bbox 916 3021 1077 3069; x_wconf 84' lang='lat' dir='ltr'>praticha</span> <span class='ocrx_word' id='word_1_327' title='bbox 1103 3025 1138 3057; x_wconf 86' lang='lat' dir='ltr'>et</span> <span class='ocrx_word' id='word_1_328' title='bbox 1163 3019 1317 3056; x_wconf 85' lang='lat' dir='ltr'>amicitia</span> <span class='ocrx_word' id='word_1_329' title='bbox 1345 3018 1401 3055; x_wconf 91' lang='lat' dir='ltr'>col</span> <span class='ocrx_word' id='word_1_330' title='bbox 1421 3017 1564 3054; x_wconf 89' lang='lat' dir='ltr'>Turcho</span> <span class='ocrx_word' id='word_1_331' title='bbox 1590 3016 1741 3053; x_wconf 89' lang='lat' dir='ltr'>insieme</span> <span class='ocrx_word' id='word_1_332' title='bbox 1765 3027 1831 3052; x_wconf 89' lang='lat' dir='ltr'>con</span> <span class='ocrx_word' id='word_1_333' title='bbox 1856 3015 1890 3052; x_wconf 84' lang='lat' dir='ltr'>la</span> <span class='ocrx_word' id='word_1_334' title='bbox 1910 3015 2082 3064; x_wconf 84' lang='lat' dir='ltr'>Signoria</span> 
     </span>
     <span class='ocr_line' id='line_1_35' title="bbox 308 3075 2082 3126; baseline -0.001 -14"><span class='ocrx_word' id='word_1_335' title='bbox 308 3076 344 3112; x_wconf 90' lang='lat' dir='ltr'>di</span> <span class='ocrx_word' id='word_1_336' title='bbox 369 3076 539 3125; x_wconf 86' lang='lat' dir='ltr'>Vinegia.</span> <span class='ocrx_word' id='word_1_337' title='bbox 567 3079 611 3115; x_wconf 84' lang='lat' dir='ltr'>Et</span> <span class='ocrx_word' id='word_1_338' title='bbox 636 3079 775 3116; x_wconf 82' lang='lat' dir='ltr'>haveva</span> <span class='ocrx_word' id='word_1_339' title='bbox 805 3080 900 3117; x_wconf 90' lang='lat' dir='ltr'>visto</span> <span class='ocrx_word' id='word_1_340' title='bbox 931 3080 1038 3117; x_wconf 86' lang='lat' dir='ltr'>Brevi</span> <span class='ocrx_word' id='word_1_341' title='bbox 1065 3079 1100 3116; x_wconf 91' lang='lat' dir='ltr'>di</span> <span class='ocrx_word' id='word_1_342' title='bbox 1128 3092 1195 3116; x_wconf 85' lang='lat' dir='ltr'>sua</span> <span class='ocrx_word' id='word_1_343' title='bbox 1221 3078 1362 3116; x_wconf 77' lang='lat' dir='ltr'>Santita</span> <span class='ocrx_word' id='word_1_344' title='bbox 1393 3077 1517 3126; x_wconf 85' lang='lat' dir='ltr'>scripti</span> <span class='ocrx_word' id='word_1_345' title='bbox 1547 3076 1580 3112; x_wconf 87' lang='lat' dir='ltr'>al</span> <span class='ocrx_word' id='word_1_346' title='bbox 1606 3075 1748 3112; x_wconf 86' lang='lat' dir='ltr'>Turcho</span> <span class='ocrx_word' id='word_1_347' title='bbox 1774 3078 1809 3111; x_wconf 86' lang='lat' dir='ltr'>et</span> <span class='ocrx_word' id='word_1_348' title='bbox 1832 3075 1992 3124; x_wconf 85' lang='lat' dir='ltr'>risposte</span> <span class='ocrx_word' id='word_1_349' title='bbox 2023 3075 2082 3112; x_wconf 91' lang='lat' dir='ltr'>del</span> 
     </span>
     <span class='ocr_line' id='line_1_36' title="bbox 306 3134 2084 3186; baseline -0.001 -15"><span class='ocrx_word' id='word_1_350' title='bbox 306 3135 447 3173; x_wconf 89' lang='lat' dir='ltr'>Turcho</span> <span class='ocrx_word' id='word_1_351' title='bbox 467 3137 514 3173; x_wconf 88' lang='lat' dir='ltr'>ad</span> <span class='ocrx_word' id='word_1_352' title='bbox 534 3149 601 3174; x_wconf 88' lang='lat' dir='ltr'>sua</span> <span class='ocrx_word' id='word_1_353' title='bbox 621 3138 852 3176; x_wconf 85' lang='lat' dir='ltr'>Beatitudine</span> <span class='ocrx_word' id='word_1_354' title='bbox 875 3151 883 3176; x_wconf 71' lang='grc' dir='ltr'><strong><em>ε</em></strong></span> <span class='ocrx_word' id='word_1_355' title='bbox 906 3144 942 3177; x_wconf 83' lang='lat' dir='ltr'>et</span> <span class='ocrx_word' id='word_1_356' title='bbox 962 3140 1207 3176; x_wconf 88' lang='lat' dir='ltr'>ultimamente</span> <span class='ocrx_word' id='word_1_357' title='bbox 1227 3138 1331 3186; x_wconf 89' lang='lat' dir='ltr'>copia</span> <span class='ocrx_word' id='word_1_358' title='bbox 1350 3137 1386 3173; x_wconf 91' lang='lat' dir='ltr'>di</span> <span class='ocrx_word' id='word_1_359' title='bbox 1412 3136 1500 3173; x_wconf 87' lang='lat' dir='ltr'>certi</span> <span class='ocrx_word' id='word_1_360' title='bbox 1520 3134 1665 3183; x_wconf 88' lang='lat' dir='ltr'>capitoli</span> <span class='ocrx_word' id='word_1_361' title='bbox 1685 3139 1722 3171; x_wconf 86' lang='lat' dir='ltr'>et</span> <span class='ocrx_word' id='word_1_362' title='bbox 1740 3135 1980 3172; x_wconf 86' lang='lat' dir='ltr'>conventione</span> <span class='ocrx_word' id='word_1_363' title='bbox 1999 3134 2084 3172; x_wconf 91' lang='lat' dir='ltr'>hinc</span> 
     </span>
     <span class='ocr_line' id='line_1_37' title="bbox 306 3193 2084 3246; baseline -0.001 -16"><span class='ocrx_word' id='word_1_364' title='bbox 306 3193 404 3233; x_wconf 83' lang='lat' dir='ltr'>inde.</span> <span class='ocrx_word' id='word_1_365' title='bbox 426 3195 596 3233; x_wconf 85' lang='lat' dir='ltr'>Preterea</span> <span class='ocrx_word' id='word_1_366' title='bbox 617 3210 751 3246; x_wconf 88' lang='lat' dir='ltr'>sapeva</span> <span class='ocrx_word' id='word_1_367' title='bbox 768 3198 847 3235; x_wconf 85' lang='lat' dir='ltr'>chel</span> <span class='ocrx_word' id='word_1_368' title='bbox 868 3199 1009 3235; x_wconf 85' lang='lat' dir='ltr'>Turcho</span> <span class='ocrx_word' id='word_1_369' title='bbox 1023 3199 1047 3235; x_wconf 92' lang='lat' dir='ltr'>li</span> <span class='ocrx_word' id='word_1_370' title='bbox 1068 3201 1183 3236; x_wconf 87' lang='lat' dir='ltr'>havea</span> <span class='ocrx_word' id='word_1_371' title='bbox 1203 3199 1329 3235; x_wconf 81' lang='lat' dir='ltr'>offerto</span> <span class='ocrx_word' id='word_1_372' title='bbox 1349 3196 1405 3234; x_wconf 91' lang='lat' dir='ltr'>CC</span> <span class='ocrx_word' id='word_1_373' title='bbox 1426 3196 1513 3232; x_wconf 88' lang='lat' dir='ltr'>mila</span> <span class='ocrx_word' id='word_1_374' title='bbox 1532 3194 1661 3232; x_wconf 85' lang='lat' dir='ltr'>Ducati</span> <span class='ocrx_word' id='word_1_375' title='bbox 1689 3206 1728 3230; x_wconf 87' lang='lat' dir='ltr'>se</span> <span class='ocrx_word' id='word_1_376' title='bbox 1751 3195 1876 3231; x_wconf 85' lang='lat' dir='ltr'>faceva</span> <span class='ocrx_word' id='word_1_377' title='bbox 1901 3194 2032 3232; x_wconf 88' lang='lat' dir='ltr'>morire</span> <span class='ocrx_word' id='word_1_378' title='bbox 2059 3193 2084 3229; x_wconf 91' lang='lat' dir='ltr'>il</span> 
     </span>
     <span class='ocr_line' id='line_1_38' title="bbox 305 3251 2083 3306; baseline -0.001 -17"><span class='ocrx_word' id='word_1_379' title='bbox 305 3253 445 3291; x_wconf 86' lang='lat' dir='ltr'>fratello</span> <span class='ocrx_word' id='word_1_380' title='bbox 468 3266 477 3291; x_wconf 73' lang='grc' dir='ltr'>ε</span> <span class='ocrx_word' id='word_1_381' title='bbox 499 3259 535 3292; x_wconf 83' lang='lat' dir='ltr'>et</span> <span class='ocrx_word' id='word_1_382' title='bbox 553 3257 619 3293; x_wconf 88' lang='grc'><strong>6116</strong></span> <span class='ocrx_word' id='word_1_383' title='bbox 633 3257 727 3294; x_wconf 88' lang='lat' dir='ltr'>della</span> <span class='ocrx_word' id='word_1_384' title='bbox 745 3262 858 3295; x_wconf 90' lang='lat' dir='ltr'>morte</span> <span class='ocrx_word' id='word_1_385' title='bbox 879 3270 945 3295; x_wconf 87' lang='lat' dir='ltr'>sua</span> <span class='ocrx_word' id='word_1_386' title='bbox 964 3259 1118 3295; x_wconf 86' lang='lat' dir='ltr'>credeva</span> <span class='ocrx_word' id='word_1_387' title='bbox 1139 3258 1257 3306; x_wconf 88' lang='lat' dir='ltr'>quello</span> <span class='ocrx_word' id='word_1_388' title='bbox 1276 3258 1343 3293; x_wconf 89' lang='lat' dir='ltr'>che</span> <span class='ocrx_word' id='word_1_389' title='bbox 1372 3268 1433 3293; x_wconf 86' lang='lat' dir='ltr'>era</span> <span class='ocrx_word' id='word_1_390' title='bbox 1459 3256 1505 3291; x_wconf 83' lang='lat' dir='ltr'>da</span> <span class='ocrx_word' id='word_1_391' title='bbox 1531 3254 1754 3302; x_wconf 79' lang='lat' dir='ltr'>guidiearne.</span> <span class='ocrx_word' id='word_1_392' title='bbox 1840 3252 2002 3298; x_wconf 87' lang='lat' dir='ltr'>Perusie,</span> <span class='ocrx_word' id='word_1_393' title='bbox 2025 3251 2083 3288; x_wconf 84' lang='lat' dir='ltr'>die</span> 
     </span>
     <span class='ocr_line' id='line_1_39' title="bbox 305 3311 2082 3362; baseline -0.002 -13"><span class='ocrx_word' id='word_1_394' title='bbox 305 3313 392 3350; x_wconf 89' lang='lat' dir='ltr'>VIIJ</span> <span class='ocrx_word' id='word_1_395' title='bbox 413 3314 538 3362; x_wconf 78' lang='lat' dir='ltr'>aprilis</span> <span class='ocrx_word' id='word_1_396' title='bbox 562 3316 958 3354; x_wconf 88' lang='lat' dir='ltr'>MCCCCLXXXXVJ.</span> <span class='ocrx_word' id='word_1_397' title='bbox 987 3317 1194 3354; x_wconf 86' lang='lat' dir='ltr'>Alexander</span> <span class='ocrx_word' id='word_1_398' title='bbox 1225 3315 1396 3353; x_wconf 83' lang='lat' dir='ltr'>Braecius</span> <span class='ocrx_word' id='word_1_399' title='bbox 1421 3314 1599 3351; x_wconf 85' lang='lat' dir='ltr'>notarius.</span> <span class='ocrx_word' id='word_1_400' title='bbox 1623 3328 1641 3346; x_wconf 93' lang='lat'>»</span> <span class='ocrx_word' id='word_1_401' title='bbox 1665 3313 1790 3359; x_wconf 79' lang='lat' dir='ltr'>(Arch.</span> <span class='ocrx_word' id='word_1_402' title='bbox 1818 3313 1979 3349; x_wconf 80' lang='lat' dir='ltr'>Fiorent.</span> <span class='ocrx_word' id='word_1_403' title='bbox 2001 3311 2082 3347; x_wconf 79' lang='lat' dir='ltr'>Lec-</span> 
     </span>
     <span class='ocr_line' id='line_1_40' title="bbox 308 3369 2080 3422; baseline -0.001 -14"><span class='ocrx_word' id='word_1_404' title='bbox 308 3376 382 3409; x_wconf 79' lang='lat' dir='ltr'>tere</span> <span class='ocrx_word' id='word_1_405' title='bbox 400 3374 439 3410; x_wconf 77' lang='grc' dir='ltr'>αἱ</span> <span class='ocrx_word' id='word_1_406' title='bbox 458 3375 490 3410; x_wconf 89' lang='lat' dir='ltr'><em>X</em></span> <span class='ocrx_word' id='word_1_407' title='bbox 507 3375 546 3410; x_wconf 82' lang='lat' dir='ltr'>di</span> <span class='ocrx_word' id='word_1_408' title='bbox 565 3376 683 3421; x_wconf 70' lang='lat' dir='ltr'>Bali«,</span> <span class='ocrx_word' id='word_1_409' title='bbox 705 3376 792 3413; x_wconf 86' lang='lat' dir='ltr'>clas.</span> <span class='ocrx_word' id='word_1_410' title='bbox 822 3377 867 3421; x_wconf 87' lang='lat' dir='ltr'>X,</span> <span class='ocrx_word' id='word_1_411' title='bbox 890 3376 976 3414; x_wconf 84' lang='lat' dir='ltr'>dist.</span> <span class='ocrx_word' id='word_1_412' title='bbox 1004 3378 1039 3421; x_wconf 76' lang='lat'>4,</span> <span class='ocrx_word' id='word_1_413' title='bbox 1060 3382 1101 3412; x_wconf 80' lang='grc' dir='ltr'>11ο</span> <span class='ocrx_word' id='word_1_414' title='bbox 1128 3377 1186 3422; x_wconf 82' lang='lat'>46,</span> <span class='ocrx_word' id='word_1_415' title='bbox 1208 3389 1229 3412; x_wconf 83' lang='lat' dir='ltr'>a</span> <span class='ocrx_word' id='word_1_416' title='bbox 1249 3389 1279 3412; x_wconf 91' lang='grc'><strong>6.</strong></span> <span class='ocrx_word' id='word_1_417' title='bbox 1304 3376 1400 3421; x_wconf 85' lang='grc'><strong>103.)</strong></span> <span class='ocrx_word' id='word_1_418' title='bbox 1423 3374 1524 3411; x_wconf 82' lang='lat' dir='ltr'>Cette</span> <span class='ocrx_word' id='word_1_419' title='bbox 1552 3372 1711 3421; x_wconf 71' lang='lat' dir='ltr'>depeche</span> <span class='ocrx_word' id='word_1_420' title='bbox 1737 3375 1793 3408; x_wconf 86' lang='lat' dir='ltr'>est</span> <span class='ocrx_word' id='word_1_421' title='bbox 1820 3371 1961 3408; x_wconf 78' lang='lat' dir='ltr'>donnee</span> <span class='ocrx_word' id='word_1_422' title='bbox 1987 3369 2080 3406; x_wconf 73' lang='lat' dir='ltr'>inte-</span> 
     </span>
     <span class='ocr_line' id='line_1_41' title="bbox 309 3431 946 3483; baseline 0.008 -15"><span class='ocrx_word' id='word_1_423' title='bbox 309 3431 510 3479; x_wconf 82' lang='lat' dir='ltr'>gralement</span> <span class='ocrx_word' id='word_1_424' title='bbox 529 3436 550 3470; x_wconf 73' lang='grc' dir='ltr'>ἱι</span> <span class='ocrx_word' id='word_1_425' title='bbox 569 3432 805 3483; x_wconf 84' lang='lat' dir='ltr'>l’appendice,</span> <span class='ocrx_word' id='word_1_426' title='bbox 827 3442 867 3472; x_wconf 88' lang='lat' dir='ltr'>n⁰</span> <span class='ocrx_word' id='word_1_427' title='bbox 887 3438 946 3474; x_wconf 80' lang='lat'>27.</span> 
     </span>
    </p>
   </div>
  </div>
 </body>
</html>
