2222 3926
149 319 356 360 [Decembre
377 320 468 359 1494]
558 364 564 367 -
600 318 767 354 RERUM
803 318 1104 354 URBANARUM
1131 318 1480 355 COMMENTAffll.
1868 319 1938 355 209

148 421 410 469 secretario
451 421 498 468 iu
541 421 678 485 cujus
711 419 776 468 rei
813 419 961 468 fidem
1002 425 1049 468 et
1088 419 1418 467 testimonium
1454 434 1545 483 ego
1594 419 1842 482 Philippus
1875 420 1934 467 de

152 504 459 563 Patriarchis,
489 504 690 553 clericus
720 502 1079 561 Foroliviensis,
1105 503 1375 567 apostolica
1395 507 1442 551 et
1467 501 1703 566 imperiali
1723 502 1935 549 authori-

155 587 330 636 tatibus
370 588 588 636 notarius
617 587 838 652 publicus
874 587 1037 635 omnia
1067 587 1394 651 suprascripta
1421 602 1566 634 manu
1601 601 1711 633 mea
1744 585 1937 648 propria

155 671 324 734 scripsi
345 675 392 719 et
414 671 676 735 subscripsi
697 675 744 720 et
765 684 929 719 meum
952 671 1153 735 signum,
1171 670 1391 735 apposui,
1418 674 1631 734 rogatus.

221 755 388 803 Sultan
410 756 598 819 Bajazet
619 755 771 814 Chan,
793 754 920 802 filius
949 754 1134 802 soldani
1165 754 1447 813 Mahumeti,
1474 754 1561 802 Dei
1584 754 1755 817 gratia,
1782 754 1937 817 impe-

157 843 285 887 rator
310 839 440 898 Asie,
475 841 664 903 Europe
699 844 747 887 et
780 838 936 886 omnis
969 838 1227 897 maritime,
1261 838 1382 902 patri
1411 843 1459 886 et
1489 837 1685 885 domino
1720 837 1937 885 omnium

156 923 528 972 christianorum
581 922 736 970 divina
786 921 1086 986 providentia
1132 936 1254 985 pape
1305 921 1578 969 Alexandro
1625 923 1688 970 VI
1738 936 1936 970 romane

158 1007 373 1056 Ecclesie
398 1006 542 1071 digno
563 1006 797 1070 pontifici,
827 1009 935 1069 post
963 1005 1173 1053 debitam
1202 1009 1250 1052 et
1277 1005 1576 1053 meritoriam
1598 1004 1937 1053 salutationem

157 1107 216 1139 ex
235 1091 364 1139 bono
387 1090 548 1138 animo
567 1094 614 1138 et
635 1105 756 1153 puro
777 1089 923 1136 corde
946 1087 1274 1151 significamus
1297 1093 1455 1136 vestre
1478 1088 1795 1152 Magnitudini
1820 1105 1939 1152 qua-

153 1175 264 1223 liter
282 1191 369 1239 per
388 1173 646 1237 Georgium
663 1172 950 1231 Buzardum,
977 1173 1260 1220 servitorem
1276 1177 1324 1220 et
1338 1173 1560 1220 nuntium
1582 1176 1740 1221 vestre
1763 1175 1940 1221 Poten-

156 1259 237 1317 tie,
263 1257 585 1307 intelleximus
606 1257 784 1304 bonam
809 1255 1245 1304 convalescentiam
1266 1272 1402 1303 suam
1423 1261 1471 1304 et
1495 1257 1640 1305 etiam
1663 1273 1754 1319 que
1778 1257 1942 1305 retulit

154 1358 240 1406 pro
261 1346 398 1406 parte
412 1341 632 1405 ejusdem
656 1339 1017 1403 Magnitudinis,
1052 1355 1110 1388 ex
1137 1339 1310 1402 quihus
1343 1340 1478 1388 letati
1500 1356 1666 1388 sumus
1693 1356 1942 1403 magnam-

157 1442 250 1490 que
296 1424 678 1474 consolationem
711 1424 989 1487 accepimus
1024 1440 1033 1470 :
1073 1423 1199 1471 inter
1222 1424 1316 1471 alia
1344 1423 1461 1471 mihi
1500 1424 1663 1472 retulit
1695 1424 1824 1487 quod
1856 1440 1943 1472 rex

158 1509 357 1558 Francie
402 1508 643 1556 animatus
673 1514 747 1558 est
782 1509 962 1556 habere
1002 1509 1120 1555 Gem
1158 1507 1358 1555 fratrem
1394 1512 1635 1566 nostrum,
1677 1508 1758 1570 qui
1792 1511 1865 1556 est
1896 1507 1944 1555 in

159 1596 381 1644 manibus
415 1600 574 1643 vestre
606 1592 845 1651 potentie,
879 1592 1008 1655 quod
1044 1595 1172 1640 esset
1209 1592 1415 1639 multum
1452 1596 1621 1640 contra
1655 1591 1946 1640 volontatem

161 1685 393 1739 nostram,
425 1684 473 1728 et
492 1682 650 1728 vestre
676 1676 994 1740 Magnitudini
1026 1681 1310 1738 sequeretur
1335 1676 1600 1724 maximum
1635 1675 1865 1724 damnum
1900 1680 1948 1724 et

160 1764 304 1812 vestri
335 1779 504 1812 omnes
534 1761 783 1810 christiani
806 1764 1088 1824 paterentur
1117 1759 1481 1808 detrimentum.
1508 1759 1693 1808 Idcirco
1716 1776 1810 1808 una
1838 1776 1948 1808 cum

161 1847 380 1911 predicto
412 1847 622 1909 Georgio
651 1845 865 1908 cogitare
887 1844 1103 1907 cepimus
1133 1860 1220 1908 pro
1251 1843 1431 1907 quiete,
1459 1845 1663 1894 utilitate
1694 1850 1741 1893 et
1762 1846 1948 1894 honore

164 1934 318 1979 vestre
341 1928 560 1977 Potentie
583 1932 628 1977 et
647 1928 805 1976 adhuc
830 1943 916 1991 pro
945 1943 1056 1975 mea
1079 1927 1403 1975 satisfactione
1433 1945 1442 1975 :
1467 1928 1648 1976 bonum
1670 1934 1799 1978 esset
1822 1931 1949 1993 quod

166 2014 345 2062 dictum
367 2014 504 2070 Gem,
531 2027 695 2060 meum
717 1994 916 2061 fratrem
947 2012 1027 2075 qui
1050 2011 1297 2074 subjectus
1319 2015 1391 2060 est
1415 2013 1557 2060 morti
1580 2017 1627 2061 et
1649 2012 1874 2061 detentus
1901 2013 1950 2060 in

167 2097 389 2145 manibus
427 2099 586 2145 vestre
619 2095 982 2158 Magnitudinis,
1026 2094 1160 2143 obire
1201 2094 1440 2153 faceretis,
1485 2096 1614 2158 quod
1645 2096 1683 2144 si
1711 2097 1777 2145 ita
1802 2102 1949 2153 esset,

168 2185 215 2230 et
241 2180 452 2245 potentie
479 2183 635 2228 vestre
659 2178 772 2226 utile
801 2183 849 2226 et
878 2178 1027 2241 quieti
1058 2178 1509 2227 commodissimum
1539 2180 1755 2243 mihique
1778 2182 1952 2245 gratis-

170 2266 370 2323 simum3
414 2269 461 2313 et
488 2263 526 2311 si
559 2263 609 2311 in
638 2263 734 2311 hoc
755 2262 1035 2326 Magnitudo
1075 2266 1233 2310 vestra
1272 2267 1501 2311 contenta
1548 2263 1607 2312 sit
1647 2265 1952 2328 complacere

168 2349 327 2408 nobis,
358 2352 501 2413 prout
528 2347 577 2394 in
603 2363 690 2394 sua
714 2345 973 2410 prudentia
1002 2345 1291 2394 confidimus
1324 2346 1485 2395 facere
1521 2347 1660 2406 velle,
1698 2348 1840 2397 debet
1868 2364 1954 2412 pro

170 2432 460 2481 meliorisne
476 2430 695 2480 Potentie
713 2434 760 2479 et
778 2446 865 2494 pro
884 2429 1054 2494 majori
1072 2435 1236 2478 nostra
1252 2430 1598 2490 satisfactione,
1620 2437 1800 2494 quanto
1816 2433 1956 2480 citius

171 2517 365 2581 poterit,
398 2531 510 2564 cum
544 2515 625 2563 illo
659 2514 847 2563 meliori
886 2513 1029 2561 modo
1061 2528 1156 2576 quo
1189 2513 1397 2577 placebit
1429 2519 1586 2563 vestre
1616 2516 1953 2580 Magnitudini,

173 2601 354 2650 dictum
383 2603 502 2649 Gem
533 2599 693 2647 levare
724 2598 882 2646 facere
915 2613 975 2645 ex
1007 2597 1241 2661 angustiis
1269 2599 1406 2647 istius
1429 2599 1598 2647 mundi
1620 2604 1667 2648 et
1696 2601 1966 2648 transferre*

175 2685 281 2749 ejus
309 2683 519 2731 animam
543 2681 592 2729 in
621 2680 751 2729 aliud
780 2680 996 2728 seculum
1025 2680 1106 2727 ubi
1134 2681 1387 2730 meliorem
1414 2682 1612 2731 habebit
1638 2683 1869 2745 quietem.
1902 2685 1959 2731 Et

178 2767 215 2815 si
233 2767 328 2815 hoc
349 2765 614 2830 adimplere
641 2763 784 2812 faciet
816 2767 974 2811 vestra
1000 2765 1239 2823 Potentia,
1275 2770 1322 2813 et
1357 2765 1605 2813 mandabit
1627 2766 1765 2814 nohis
1787 2780 1960 2830 corpus

179 2867 320 2899 suum
341 2850 389 2897 in
411 2849 751 2913 qualicumque
770 2847 878 2896 loco
901 2848 1046 2897 fuerit
1074 2849 1194 2896 citra
1214 2865 1346 2896 mare
1369 2854 1606 2909 nostrum,
1635 2851 1962 2914 promittimus

180 2951 287 2994 nos,
312 2934 470 2982 sultan
489 2934 679 2997 Bajazet
702 2932 1020 2996 supradictus,
1046 2932 1095 2979 in
1117 2947 1424 2995 quocumque
1456 2933 1564 2982 loco
1590 2934 1822 2997 placuerit
1848 2937 1964 2983 San-

182 3019 333 3067 ctitati
363 3024 521 3067 vestre
560 3017 844 3064 ducatorum
885 3020 1103 3064 trecenta
1133 3015 1301 3074 millia,
1343 3021 1581 3079 quatenus
1619 3019 1772 3082 possit
1809 3024 1966 3066 vestra

184 3103 401 3151 Potentia
421 3119 481 3151 ex
498 3102 589 3150 illis
612 3117 776 3150 emere
798 3100 907 3148 filiis
931 3100 1029 3147 suis
1048 3100 1206 3163 aliqua
1224 3101 1461 3159 dominia;
1484 3117 1605 3165 quos
1624 3107 1843 3150 trecenta
1863 3102 1968 3149 mil-

182 3188 247 3235 lia
267 3186 467 3234 ducatos
489 3186 775 3249 consignare
797 3185 1029 3232 faciemus
1050 3184 1114 3232 illi
1139 3185 1215 3233 cui
1234 3185 1476 3233 ordinabit
1491 3190 1646 3233 vestra
1666 3186 1963 3249 Magnitudo,

186 3275 446 3332 antequam
468 3269 528 3316 sit
548 3269 687 3316 nobis
710 3268 893 3316 dictum
915 3283 1089 3332 corpus
1111 3268 1276 3316 datum
1298 3273 1443 3333 etper
1464 3274 1647 3318 vestros
1669 3270 1791 3317 meis
1815 3271 1972 3319 consi-

190 3358 389 3418 gnatum
415 3367 424 3399 z
451 3350 608 3400 adhuc
627 3352 873 3414 permittet
894 3357 1052 3400 vestra
1070 3353 1290 3401 Potentia
1311 3353 1455 3415 quod,
1482 3353 1576 3400 vita
1598 3369 1706 3401 mea
1735 3360 1781 3402 et
1807 3371 1968 3417 quam-

193 3436 272 3484 diu
295 3436 474 3491 vixero,
496 3432 782 3480 habebimus
802 3450 996 3497 semper
1009 3434 1185 3482 bonam
1208 3440 1255 3483 et
1275 3435 1529 3483 maximam
1550 3436 1828 3484 amicitiam.
1852 3440 1968 3484 Cum

386 3548 417 3571 τ.
443 3547 477 3570 ιι.
1743 3539 1786 3572 »Η
