2216 3886
200 333 421 373 [Aont1499]
650 332 819 370 RERUM
854 331 1157 371 {JRBANARUM
1192 330 1542 368 COMMENTARH.
1912 335 1977 373 551

200 439 393 483 cutores
427 434 625 483 ducatos
659 451 768 484 xxv.
804 435 939 493 Quod
978 434 1317 483 executoribus
1348 433 1688 481 damnantibus
1722 438 1769 481 et
1806 434 1985 497 impro-

202 518 446 578 bantibus,
469 523 515 567 et
537 520 662 583 quod
682 519 942 568 honestum
961 524 1091 568 esset
1110 534 1160 568 se
1184 518 1394 566 facturos
1413 516 1770 581 pollicentibus,
1794 518 1985 580 acquie-

198 607 369 650 verunt
390 602 665 651 beneficiati
687 607 734 652 et
761 618 898 661 onus,
924 609 974 651 ut
998 602 1251 667 prefertur,
1277 601 1543 649 subierunt.
1571 604 1621 649 In
1654 602 1783 650 exitu
1812 603 1984 653 domus

199 685 431 744 defuncti,
453 685 561 734 date
589 686 782 736 fuerunt
811 686 1007 735 cuilibet
1030 686 1162 734 fratri
1185 691 1230 734 et
1262 685 1502 734 sacerdoti
1530 684 1730 733 candele
1755 690 1976 748 quatuor,

200 769 440 833 magistris
467 785 579 818 vero
607 776 654 818 et
680 771 964 819 officialibus
991 775 1314 818 conventuum
1337 785 1437 828 sex,
1465 768 1686 816 similiter
1707 773 1754 817 et
1778 775 1985 832 quatuor

199 852 394 901 cuilibet
435 853 833 901 beneficiatorum
876 852 1220 916 predictorum.
1265 850 1483 899 Interfuit
1526 851 1821 898 camerarius
1867 852 1982 899 cleri

200 935 340 985 Urbis
372 951 483 983 cum
510 941 715 999 quatuor
746 936 851 983 aliis
879 935 1172 999 presbyteris
1210 949 1319 982 cum
1354 933 1652 997 pluvialibus.
1680 935 1981 983 Camerarius

200 1019 369 1066 habuit
403 1019 451 1067 in
482 1035 619 1067 suam
658 1023 844 1083 partem
877 1018 1164 1068 intortitium
1199 1034 1364 1078 unum,
1398 1018 1580 1066 faculas
1618 1018 1736 1067 duas
1771 1019 1977 1079 similes;

200 1102 445 1150 canonicis
475 1107 636 1151 autem
668 1102 867 1151 basilice
905 1102 1121 1167 predicte
1156 1118 1194 1150 s,
1230 1102 1376 1161 Petri,
1404 1102 1484 1165 qui
1515 1102 1660 1150 etiam
1694 1103 1755 1150 ad
1783 1103 1981 1151 domum

199 1186 401 1249 predicti
435 1186 646 1234 defuncti
684 1191 939 1246 venerant,
969 1186 1079 1234 data
1116 1185 1203 1233 fuit
1243 1186 1439 1234 cuilibet
1486 1201 1655 1234 eorum
1699 1204 1792 1236 una
1827 1188 1984 1236 facula

200 1269 357 1317 medie
378 1269 513 1318 libre.
537 1270 857 1318 Interfuerunt
884 1270 933 1317 in
957 1269 1119 1317 officio
1141 1269 1377 1333 predicto,
1402 1269 1452 1316 in
1473 1269 1598 1327 aula,
1619 1286 1667 1317 XI
1691 1270 1977 1331 cardinales,

196 1352 418 1401 videlicet
449 1369 487 1400 s.
516 1353 760 1413 Praxedis,
789 1354 1006 1413 Ursinus,
1034 1352 1400 1410 Alexandrinus,
1427 1368 1466 1399 s.
1494 1353 1675 1413 CruciS,
1703 1355 1979 1410 Gurcensis,

196 1435 555 1499 Agrigentinus,
579 1438 847 1500 Capuanus,
877 1437 1151 1495 Grimanus,
1175 1436 1422 1494 SenensiS,
1450 1436 1708 1484 Cesarinus
1730 1442 1778 1485 et
1809 1439 1982 1501 Borgia

195 1517 295 1582 qui,
318 1517 484 1567 funere
506 1525 639 1567 extra
660 1519 859 1568 domum
881 1520 1150 1584 deportato,
1172 1519 1285 1567 inde
1307 1519 1367 1567 ad
1390 1519 1560 1567 domos
1584 1536 1694 1568 suas
1714 1521 1978 1580 redierunt,

195 1601 392 1665 dempto
419 1601 523 1650 solo
552 1603 803 1663 Gurcensi,
829 1604 910 1667 qui
937 1619 1024 1667 per
1054 1603 1196 1651 aliam
1224 1603 1347 1651 viam
1376 1604 1611 1667 precessit
1641 1604 1804 1663 funus,
1830 1609 1876 1652 et
1898 1620 1985 1668 per

200 1684 343 1733 aliam
376 1685 500 1734 viam
533 1687 753 1750 pervenit
782 1687 843 1735 ad
870 1687 1117 1735 basilicam
1147 1686 1434 1750 predictam.
1465 1687 1609 1735 Venit
1635 1686 1809 1735 deinde
1841 1687 1982 1735 funus

202 1769 331 1832 quod
356 1769 566 1833 positum
593 1770 682 1818 fuit
708 1771 835 1819 circa
865 1771 1081 1820 medium
1109 1771 1242 1819 navis
1274 1765 1570 1830 ecclesie,'et
1598 1771 1777 1819 ibidem
1805 1771 1982 1820 decan—

199 1858 348 1901 tatum
369 1853 732 1918 responsorium
749 1853 920 1902 Libera
941 1871 1028 1914 me,
1051 1854 1274 1913 Domine,
1293 1869 1380 1917 per
1400 1853 1715 1902 beneficiatos
1734 1859 1781 1903 et
1800 1854 1982 1903 clerum

202 1953 240 1984 s.
269 1936 396 1985 Petri
427 1952 481 1985 ac
509 1937 628 1985 alios
657 1937 926 2002 religiosos.
954 1941 1011 1986 D.
1037 1938 1239 1986 Brienus
1269 1937 1327 1985 de
1355 1940 1536 1996 Monte,
1561 1938 1824 1986 canonicus
1853 1939 1982 2001 ejus—

198 2020 310 2068 dem
338 2021 552 2081 basilice,
574 2027 774 2086 accepto
805 2022 1014 2086 pluviali,
1041 2021 1157 2070 fecit
1187 2020 1432 2079 officium;
1460 2037 1554 2084 quo
1581 2021 1735 2080 finito,
1764 2037 1983 2070 camera.-

201 2104 296 2152 rius
317 2104 433 2152 cleri
455 2104 595 2153 Urbis
618 2121 727 2153 cum
749 2106 846 2153 suis
872 2110 1079 2170 quatuor
1098 2106 1383 2170 pluvialibus
1406 2107 1602 2165 indutiS,
1629 2106 1757 2154 idem
1781 2121 1982 2170 respon-

199 2187 381 2236 sorium
410 2203 521 2236 cum
550 2190 649 2237 suis
682 2188 924 2237 versiculis
953 2193 1000 2236 et
1027 2189 1312 2248 orationem,
1338 2204 1474 2237 more
1507 2189 1666 2249 solito,
1693 2189 1978 2237 decantavit.

200 2274 304 2329 Quo
339 2272 599 2336 completo,
629 2273 850 2321 canonici
882 2273 1007 2320 dicte
1040 2272 1245 2321 ecclesie
1279 2273 1530 2322 voluerunt
1565 2273 1694 2337 quod
1726 2273 1982 2322 defunctus

198 2355 259 2403 ad
279 2371 448 2404 eorum
475 2356 742 2404 sacristiam
766 2357 1121 2420 deportaretur,
1143 2356 1489 2404 custodiendus
1516 2356 1697 2405 ibidem
1719 2372 1870 2420 usque
1892 2373 1980 2420 po-

200 2438 340 2503 pulus
367 2440 636 2499 recederet,
661 2441 791 2504 quod
821 2441 983 2489 facere
1010 2440 1251 2498 volebant,
1281 2447 1331 2487 ut
1357 2456 1468 2488 eum
1497 2440 1658 2503 quoad
1687 2440 1981 2503 paramentis

201 2521 300 2569 suis
329 2523 461 2570 novis
494 2524 755 2587 spoliarent
785 2529 830 2572 et.
857 2524 1099 2572 veteribus
1132 2524 1205 2571 vel
1236 2524 1357 2571 forte
1392 2524 1535 2571 nullis
1570 2523 1674 2571 aliis
1706 2523 1977 2571 induerent.

201 2604 339 2661 Quod
358 2606 582 2668 prohibui
601 2623 662 2654 ne
688 2606 840 2666 fieret,
866 2611 913 2655 et
940 2612 1074 2656 recta
1099 2607 1175 2654 via
1205 2622 1315 2654 eum
1343 2607 1607 2670 deportare
1628 2606 1717 2654 feci
1739 2606 1800 2653 ad
1820 2606 1981 2670 capel-

197 2688 293 2736 lam
316 2704 355 2735 S.
382 2690 640 2738 Petronille
661 2690 708 2737 in
731 2706 825 2754 qua
846 2690 933 2739 fuit
958 2706 1068 2739 cum
1091 2691 1315 2739 omnibus
1335 2690 1630 2755 paramentis
1654 2689 1750 2737 suis
1773 2693 1820 2738 et
1841 2689 1981 2743 mitra

199 2771 340 2835 plane
366 2787 504 2832 nova,
530 2789 674 2837 quam
703 2773 984 2822 difficillime
1007 2774 1141 2838 potui
1174 2773 1455 2823 defendere.
1483 2778 1526 2825 V
1530 2775 1721 2823 olebant
1744 2775 1873 2823 enim
1900 2790 1980 2822 ca-

196 2855 355 2903 nonici
378 2860 424 2904 et
445 2856 718 2905 beneficiati
747 2873 855 2906 eam
883 2858 1115 2922 arripere,
1144 2862 1191 2904 et
1212 2857 1355 2905 aliam
1377 2859 1622 2922 antiquam
1644 2874 1741 2906 non
1762 2858 1980 2906 cardina-

198 2937 350 2986 litiam
382 2939 468 2987 sed
497 2940 824 3004 episcopalem
858 2941 923 2988 illi
955 2941 1225 3005 imponere,
1255 2941 1352 2989 imo
1386 2947 1434 2990 et
1464 2947 1599 3006 tapes
1633 2957 1801 3000 novuS,
1835 2957 1979 3005 quem

200 3021 287 3068 suh
317 3038 368 3070 se
397 3022 623 3083 habebat,
649 3024 738 3072 sub
770 3040 828 3073 eo
858 3025 1035 3073 mansit
1064 3025 1113 3072 in
1145 3025 1366 3089 deposito
1395 3042 1454 3073 ex
1487 3025 1823 3073 sollicitatione
1851 3040 1975 3072 mea.

201 3104 381 3151 Profuit
406 3105 468 3153 ad
498 3107 592 3154 hoc
619 3107 826 3156 multum
855 3112 1021 3156 RmuS.
1055 3111 1110 3156 D.
1137 3109 1392 3157 cardinalis
1427 3108 1686 3157 Gurcensis
1716 3107 1976 3171 presentia,

199 3187 279 3249 qui
307 3188 530 3236 omnibus
559 3190 787 3252 predictis
819 3191 1051 3249 interfuit,
1077 3195 1125 3238 et
1152 3192 1256 3255 ejus
1287 3193 1569 3255 presidium,
1597 3192 1675 3239 ubi
1708 3195 1808 3240 erat
1838 3207 1974 3254 opus,

200 3268 466 3332 imploravi.
506 3274 698 3321 Portata
735 3274 929 3322 fuerunt
968 3279 1078 3322 ante
1117 3275 1399 3322 defunctum
1439 3290 1527 3338 per
1570 3274 1829 3322 familiares
1866 3290 1978 3322 suos

201 3351 587 3417 familiarumque
628 3371 825 3405 suorum
862 3362 909 3405 et
945 3357 1210 3405 amicorum
1246 3357 1504 3405 familiares
1543 3357 1747 3405 honeste
1786 3358 1979 3406 vestitos

201 3435 430 3484 intortitia
456 3443 666 3496 centum,
695 3456 788 3503 que
818 3441 877 3487 ad
905 3440 1136 3504 hoc-fieri
1175 3440 1405 3499 ordinavi,
1439 3445 1484 3487 et
1518 3440 1698 3488 faculas
1729 3435 1787 3488 de
1821 3440 1980 3496 media
