2216 3886
261 330 332 365 520
865 325 1099 363 JOHANNIS
1132 324 1428 370 BURCHARDI,
1817 326 1922 367 [Mars
1943 329 2037 369 1499]

263 435 417 480 totum
434 429 594 478 ducati
622 429 669 476 in
698 443 814 476 auro
843 444 987 487 van,
1013 428 1191 475 carleni
1211 443 1306 485 xlx,
1328 426 1403 474 vel
1434 425 1560 473 circa
1580 441 1589 483 3
1610 425 1755 472 habui
1781 426 1828 472 in
1850 432 2034 489 partem

261 530 422 563 meam
452 513 651 560 ducatos
682 511 842 573 largos
862 511 995 574 *duos
1029 510 1087 556 de
1124 524 1334 566 camera,
1361 513 1471 556 octo
1503 509 1553 556 in
1584 522 1701 556 auro
1735 512 1783 554 et
1819 508 2036 558 carlenos

262 613 411 654 xxxv3
433 595 634 643 totidem
652 593 818 641 habuit
841 592 1000 639 socius
1022 607 1175 640 meus
1199 591 1490 639 Donavimus
1510 605 1643 639 more
1663 589 1802 638 solito
1824 590 1883 639 de
1904 606 2038 639 com-

260 679 392 728 muni
408 677 547 726 cleris
567 675 884 739 campanariis
901 679 1059 723 certos
1077 689 1272 737 grossos
1290 674 1566 722 bolonerios
1582 677 1630 722 et
1644 674 1906 736 quatrinos,
1925 689 2040 736 quo-

259 777 368 809 rum
390 759 590 823 quilibet
611 758 670 807 de
693 758 785 805 illis
810 757 980 806 habuit
1009 757 1059 805 in
1087 762 1274 821 partem
1303 773 1458 817 suam,
1482 761 1533 805 ut
1554 761 1724 821 postea
1751 756 2032 818 retulerunt,

260 844 478 892 carlenos
501 846 628 890 octo.

324 929 377 975 In
403 940 530 984 sero,
561 924 690 973 circa
717 923 890 971 horam
923 939 1020 983 xm,
1052 926 1182 986 Papa
1214 926 1409 987 paratus
1442 938 1594 987 cappa
1626 923 1791 983 rubea,
1821 927 2038 987 portatus

259 1012 307 1059 in
344 1010 459 1058 sede
494 1008 648 1067 solita,
678 1008 808 1056 venit
848 1007 907 1055 ad
945 1006 1179 1070 capellam
1212 1006 1479 1070 predictam
1518 1006 1599 1054 ubi
1632 1006 1822 1070 incepte
1854 1011 1963 1055 sunt
1992 1012 2040 1055 et

259 1096 447 1142 cantate
480 1091 713 1140 matutine
747 1091 915 1150 solite3
949 1090 1212 1138 secundam
1241 1090 1503 1138 lectionem
1534 1094 1786 1138 cantarunt
1820 1089 2037 1154 Hispani,

258 1181 400 1241 prout
430 1175 478 1223 in
507 1174 880 1239 precedentibus
912 1174 1096 1222 duabus
1127 1173 1395 1231 matutinis,
1420 1189 1531 1222 cum
1563 1189 1740 1237 magna
1765 1173 1924 1222 laude.
1949 1173 2040 1221 Alii

260 1260 482 1308 dixerunt
509 1258 746 1322 Hispanos
778 1273 920 1322 posse
954 1257 1127 1306 melius
1167 1256 1342 1306 ceteris
1374 1257 1652 1321 hujusmodi
1686 1260 1731 1305 et
1763 1257 2039 1320 passionem

260 1343 490 1402 recitare,
523 1357 633 1389 cum
667 1357 836 1390 eorum
866 1346 1201 1390 antecessores
1234 1340 1445 1404 passioni
1480 1340 1655 1388 Christi
1688 1339 2035 1409 interfuissent.

263 1426 370 1474 Alia
398 1424 561 1473 omnia
588 1425 839 1473 observata
869 1427 979 1472 sunt
1013 1438 1149 1472 more
1178 1421 1338 1470 solito.
1364 1422 1513 1470 Iidem
1542 1422 1738 1486 Hispani
1767 1427 2036 1482 cantarunt,

261 1509 389 1557 dicta
409 1507 620 1556 secunda
644 1507 852 1556 lectione
875 1506 1026 1565 finita,
1051 1505 1273 1569 primam,
1299 1505 1560 1553 secundam
1584 1509 1631 1554 et
1657 1505 1846 1553 tertiam
1869 1505 2038 1554 lectio-

261 1606 392 1651 nem,
411 1591 461 1638 in
478 1590 743 1650 matutinis,
766 1590 815 1638 in
833 1589 1032 1638 basilica
1050 1606 1088 1637 s.
1113 1588 1241 1636 Petri
1264 1604 1375 1636 cum
1397 1604 1572 1651 magna
1593 1588 1807 1636 omnium
1827 1588 1968 1636 laude
1991 1594 2038 1636 et

260 1675 428 1739 gratia.
1466 1680 1469 1682 ’
1647 1727 1650 1730 Δ
1749 1673 1753 1678 ’

330 1758 538 1807 Sabbato
567 1760 754 1816 sancto,
784 1759 844 1805 30
872 1755 985 1804 dicti
1013 1755 1193 1803 mensis
1221 1754 1399 1813 martii,
1430 1755 1514 1802 SS.
1550 1757 1606 1802 D.
1638 1757 1693 1802 N.
1721 1754 1850 1802 venit
1877 1754 1937 1802 ad
1957 1770 2039 1802 ca-

260 1843 437 1908 pellam
470 1841 598 1889 circa
625 1841 797 1888 horam
826 1855 935 1897 xn13
970 1841 1136 1888 Rmus.
1165 1843 1222 1888 D.
1258 1839 1513 1888 cardinalis
1544 1837 1801 1887 Gurcensis
1835 1838 2059 1908 cantavit·

260 1925 473 1975 officium
506 1928 553 1973 et
586 1923 785 1971 missam
819 1922 1087 1971 solemnem
1119 1924 1358 1987 Hispanus
1390 1923 1487 1982 ille,
1525 1922 1624 1985 qui,
1661 1922 1903 1970 dominica
1935 1922 2039 1985 pal-

261 2024 450 2057 marum
473 2012 521 2056 et
542 2007 749 2065 veneris,
779 2011 994 2055 sanctam
1014 2007 1291 2070 passionem
1317 2007 1404 2055 sub
1425 2022 1539 2055 voce
1566 2005 1854 2069 evangeliste
1878 2010 2039 2053 canta-

262 2096 414 2150 verat;
446 2090 652 2139 cantavit
684 2089 887 2137 Eoezcltet
905 2090 1016 2153 jam
1043 2105 1178 2139 more
1205 2090 1476 2154 hispanim,
1510 2105 1568 2138 ex
1594 2088 1718 2136 notis
1747 2088 2037 2152 evangeliste

261 2173 433 2232 nostri,
466 2188 577 2221 cum
610 2188 786 2236 magno
822 2172 1012 2220 fastidio
1046 2175 1172 2236 Pape
1206 2176 1252 2220 et
1288 2172 1521 2221 omnium.
1563 2172 1795 2219 Dominus
1829 2171 2037 2221 Vasinus

264 2256 517 2315 Gambara,
539 2256 859 2304 subdiaconus
878 2256 1187 2319 apostolicus,
1207 2256 1504 2304 annuntiavit
1520 2258 1646 2319 Pape
1661 2254 1888 2314 Alleluia,
1909 2255 2038 2317 quod

265 2339 522 2387 Gurcensis
545 2339 746 2387 cantavit
764 2354 898 2386 more
923 2339 1080 2398 solito,
1105 2344 1152 2387 et
1172 2339 1239 2387 ita
1259 2339 1351 2387 alte
1374 2339 1586 2388 secundo
1608 2338 1736 2402 quod
1752 2353 1925 2395 >omnes
1945 2338 2038 2385 mi-

262 2425 506 2481 rarentur;
543 2422 685 2470 tertio
716 2426 876 2469 autem
907 2426 1005 2470 tam
1038 2422 1132 2470 alte
1166 2422 1373 2486 gloriose
1407 2429 1453 2471 et
1485 2421 1878 2487 perfecte„quod
1911 2423 2040 2484 Papa

264 2505 584 2569 singulariter,
622 2520 806 2559 omnes,
826 2505 1092 2554 cardinales
1127 2511 1174 2554 et
1207 2507 1285 2554 alii
1318 2505 1510 2554 fuerunt
1540 2505 1600 2554 ad
1627 2520 1856 2569 magnum
1888 2503 2038 2551 risum

266 2593 313 2637 et
345 2588 571 2651 gaudium
598 2589 859 2652 provocati,
897 2605 986 2638 nec
1016 2606 1126 2638 meo
1161 2595 1378 2654 tempore
1413 2589 1676 2652 quisquam·
1699 2588 1814 2636 illud
1845 2588 1910 2635 ita
1933 2587 2039 2635 lau-

267 2670 491 2720 dabiliter
517 2671 742 2720 cantavit.
775 2671 881 2719 Alia
913 2673 1076 2720 omnia
1106 2677 1212 2720 acta
1244 2678 1354 2720 sunt
1386 2688 1520 2720 more
1555 2672 1712 2720 solito.
1749 2671 1882 2720 Idem
1911 2670 2039 2719 cele-

266 2754 410 2802 brans
439 2754 703 2802 incensavit
730 2754 877 2802 altare
908 2755 968 2803 ad
998 2755 1302 2819 Maqnifieat,
1336 2755 1560 2818 imposito
1586 2755 1716 2818 prius
1742 2770 1830 2818 per
1860 2757 2037 2817 Papam

267 2835 490 2894 incenso;
523 2836 620 2898 qui,
650 2836 810 2883 officio
832 2837 987 2895 finito,
1013 2838 1154 2885 rediit
1174 2839 1233 2885 ad
1255 2853 1470 2885 cameras
1498 2837 1716 2900 antiquas
1743 2836 2037 2899 paramentis

268 2918 387 2965 albis
407 2922 614 2981 paratas.

333 3001 585 3054 Dominica
610 3002 813 3061 Pasche,
847 3003 1209 3052 resurrectionis
1241 3004 1489 3053 salvatoris
1520 3005 1671 3054 nostri
1696 3007 1811 3052 Jesu
1842 3003 2034 3063 Christi,

269 3087 323 3131 31
351 3084 465 3132 dicti
485 3085 665 3133 mensis
686 3085 861 3144 martii,
886 3087 969 3134 SS.
996 3089 1053 3134 D.
1078 3089 1133 3135 N.
1158 3093 1352 3149 paratus
1374 3103 1509 3136 more
1533 3088 1671 3136 solito
1693 3087 1820 3136 venit
1839 3102 2039 3150 proces-

269 3167 516 3216 sionaliter
535 3183 646 3216 cum
669 3184 819 3232 regno
841 3169 901 3216 ad
921 3169 1184 3229 basilicam,
1210 3170 1858 3224 solemnitercelebraturuS.
1883 3173 2038 3219 Inter-

269 3249 463 3298 fuerunt
493 3267 589 3299 xxv
623 3251 890 3301 cardinales
926 3268 935 3300 ε
975 3252 1336 3315 Neapolitanus,
1371 3270 1411 3302 s.
1450 3254 1638 3318 Angeli,
1679 3254 2035 3312 Ulixbonensis,

269 3333 504 3397 episcopi;
527 3350 565 3382 s.
588 3335 864 3396 Clementis,
887 3338 1270 3396 Beneventanus,
1293 3353 1332 3385 s.
1355 3338 1598 3398 Praxedis,
1622 3336 1837 3395 Ursinus,
1863 3352 1902 3383 s.
1928 3335 2037 3384 Dio-

267 3415 407 3478 nysii,
428 3416 793 3475 Alexandrinus,
819 3435 857 3466 s.
884 3419 1066 3477 CruciS,
1091 3420 1366 3478 Gurcensis,
1392 3420 1771 3483 SegobricensiS,
1796 3419 2035 3482 Agrigen-
