2222 3926
326 270 398 325 ἐπε
777 300 780 304 »
932 288 1164 326 JonANNJs
1197 288 1490 326 BURCHARDI.
1876 288 1983 327 [Mars
2004 278 2101 328 14⁹6]

330 390 413 450 'sit;
443 371 678 458 marchio,
711 390 849 439 factis
877 390 936 438 ab
964 389 1162 437 introitu
1190 405 1380 438 camere
1409 387 1647 459 papagalli
1677 386 1826 434 tribus
1853 387 2025 436 debitis
2051 389 2099 436 in

329 476 506 521 terram
528 489 681 536 usque
708 473 1006 531 reverentiis,
1041 473 1325 536 genuflexus
1348 474 1522 537 pedem
1558 456 1686 536 Pape
1708 477 1754 521 et
1774 477 1875 520 tum
1906 487 2100 520 manum

328 556 571 605 osculatus
607 562 679 625 est
713 562 760 604 et
800 555 860 604 ad
887 555 1106 603 osculum
1147 556 1243 603 oris
1279 558 1405 620 Pape
1439 540 1513 605 est
1550 560 1792 619 receptus,
1829 559 1877 604 et
1908 554 2100 604 interim

328 639 628 703 genuflexus,
654 638 862 702 quedam
891 638 1050 686 brevia
1069 637 1214 686 verba
1239 638 1406 687 habuit
1434 655 1544 688 cum
1565 639 1818 703 pontifice;
1848 643 1967 697 tum,
1998 638 2102 702 ejus

320 721 460 789 jussu
494 720 702 768 surrexit
735 725 783 768 et
814 720 872 768 ab
901 719 1124 790 omnihus
1155 725 1265 791 octo
1299 722 1621 770 cardinalibus
1654 721 1882 786 predictis
1915 720 1975 769 ad
2007 720 2102 768 oris

329 803 547 851 osculum
582 802 803 852 similiter
835 787 1058 867 receptus
1093 807 1208 851 est:
1243 805 1420 853 mansit
1438 805 1585 870 juxta
1623 821 1814 853 murum
1840 821 1869 853 a
1900 804 2103 853 sinistris

327 890 453 958 Pape
485 891 615 934 stans
656 890 702 935 et
739 902 848 934 cum
876 869 1271 935 vicecancellario
1313 891 1360 936 et
1397 887 1656 938 Valentino
1685 887 2005 937 cardinalibus
2031 887 2104 935 lo-

326 987 497 1035 quens,
529 970 721 1039 interim
747 970 877 1035 quod
906 971 1047 1035 pauci
1079 971 1136 1019 de
1159 971 1337 1019 familia
1358 987 1461 1031 sua,
1486 971 1566 1035 qui
1600 987 1766 1020 secum
1790 972 2100 1030 intraverunt,

326 1055 500 1119 pedem
535 1057 662 1123 Pape
698 1054 899 1103 osculati
921 1055 1136 1114 fuerunt;
1175 1055 1349 1104 deiude
1372 1072 1399 1104 a
1416 1055 1614 1119 prelatis
1646 1059 1694 1104 et
1721 1055 1988 1104 oratoribus
2021 1069 2101 1102 su-

253 1189 255 1191 ,
326 1138 554 1207 pradictis
588 1137 670 1201 qui
693 1153 805 1187 eum
833 1137 1147 1198 adduxerant,
1171 1139 1312 1203 jussu
1337 1139 1598 1203 pontificis,
1623 1155 1776 1203 usque
1806 1139 1866 1188 ad
1886 1154 2103 1188 cameras

327 1220 387 1270 ad
415 1221 646 1289 palatium
678 1236 870 1271 camere
893 1221 1154 1286 apostolice
1175 1221 1224 1269 in
1252 1221 1425 1286 quibus
1455 1222 1570 1270 olim
1600 1222 1863 1286 imperator
1889 1226 1936 1271 et
1961 1237 2102 1286 reges

327 1305 524 1370 Hispani
544 1304 777 1369 hospitari
800 1310 1174 1365 consueverunt,
1203 1321 1291 1369 pro
1321 1321 1407 1354 suo
1435 1306 1645 1370 hospitio
1674 1305 1936 1364 ordinataS,
1966 1320 2101 1353 asso-

327 1387 494 1437 ciatus.
518 1389 836 1453 Interrogavit
856 1404 934 1438 me
960 1374 1326 1452 pontifex-anne
1348 1389 1629 1438 conveniret
1648 1389 1807 1453 ipsum
1830 1379 1997 1438 saltem
2015 1404 2103 1452 per

327 1457 474 1522 unum
504 1473 796 1523 cardinalem
827 1488 980 1537 usque
1002 1472 1062 1522 ad
1083 1486 1299 1521 cameras
1329 1471 1570 1536 predictas
1597 1472 1825 1521 associari
1856 1487 1865 1520 ε
1898 1471 1975 1520 cui
1997 1487 2100 1519 res-

326 1555 474 1621 pondi
500 1573 598 1606 non
620 1556 877 1606 convenire
903 1573 912 1605 :
939 1573 998 1605 ex
1028 1572 1122 1620 quo
1149 1555 1385 1620 permisit,
1410 1560 1461 1605 ut
1489 1557 1799 1621 premittitur,
1823 1557 1982 1621 ipsum
2013 1571 2103 1619 per

328 1640 539 1703 prelatos
569 1640 758 1690 deduci.
1997 1633 1999 1636 ”

392 1723 645 1772 Dominica
662 1723 948 1788 palmarum,
981 1727 1039 1771 27
1063 1723 1242 1782 martii,
1268 1725 1350 1772 SS.
1377 1725 1434 1771 D.
1461 1727 1644 1782 noster,
1670 1727 1930 1786 antequam
1951 1722 2103 1771 exiret

326 1823 569 1856 camenam
600 1810 856 1867 secretam,
882 1807 1118 1856 ordinavit
1140 1823 1251 1855 cum
1274 1807 1475 1855 sacrista
1501 1806 1631 1870 quod
1651 1805 1857 1854 ministri
1882 1804 2101 1854 celebra-

325 1895 430 1940 rent
443 1905 552 1940 cum
569 1890 827 1939 dalmatica
842 1894 887 1939 et
902 1890 1128 1939 tunicella
1139 1895 1187 1939 et
1200 1890 1451 1939 celebrans
1465 1905 1574 1938 cum
1587 1889 1783 1954 capsula
1795 1889 1854 1938 de
1866 1889 2094 1937 broccato

324 1990 494 2033 aure03
520 1990 606 2039 per
635 1974 878 2038 quondam
907 1973 1203 2024 cardinalem
1224 1973 1621 2038 Andegavensem
1643 1972 1782 2023 factis
1802 1972 2097 2037 paramentis

325 2062 591 2118 uterentur,
621 2063 822 2123 propter
841 2058 1143 2127 ,present1am
1177 2056 1490 2106 marchionis.
1517 2056 1601 2104 Cui
1634 2054 2102 2119 sacristarespondit

325 2158 430 2189 esse
452 2142 501 2189 in
523 2141 709 2206 capella
729 2142 821 2191 alia
840 2147 1125 2207 paramenta
1144 2157 1231 2205 per
1250 2140 1402 2189 felicis
1425 2139 1773 2188 recordationis
1796 2138 2096 2186 Bonifacium

323 2240 496 2273 novum
517 2226 643 2274 facta
664 2242 721 2274 ex
744 2226 877 2274 viridi
904 2230 952 2274 et
979 2226 1116 2290 nigro
1149 2225 1434 2289 composita,
1460 2239 1554 2288 que
1575 2223 1666 2287 ipsi
1692 2223 1847 2286 magis
1870 2222 2101 2270 conveni-

323 2312 445 2367 rent,
472 2312 520 2357 et
540 2308 742 2372 pulchra
768 2309 1076 2372 antiquorum
1104 2324 1238 2357 more
1270 2312 1431 2356 essent
1457 2311 1626 2355 ornata
1647 2306 1685 2353 si
1705 2305 1921 2369 placeret
1947 2306 2097 2353 Sanc-

324 2391 446 2439 titati
469 2406 552 2439 sue
574 2391 667 2439 illis
686 2392 771 2452 uti,
794 2397 841 2441 et
862 2376 1040 2456 placuit
1060 2408 1069 2439 z
1092 2391 1402 2455 interrogavit
1423 2390 1598 2438 deinde
1620 2405 1648 2437 a
1669 2404 1746 2436 me
1770 2388 2099 2437 cum‘daturus

323 2478 452 2523 esset
478 2489 638 2522 rosam
666 2474 934 2523 marchioni
965 2475 1152 2538 prefato
1175 2475 1255 2523 ubi
1275 2474 1324 2522 id
1345 2474 1498 2537 magis
1521 2472 1800 2521 conveniret
1830 2472 1878 2519 in
1908 2486 2102 2519 camera

323 2557 402 2605 illa
440 2556 520 2606 ubi
570 2561 690 2618 erat,
736 2558 809 2607 vel
846 2558 1101 2623 papagalli,
1141 2562 1222 2606 aut
1264 2558 1312 2606 in
1356 2557 1556 2621 capella.
1580 2546 1846 2619 -Respondi
1883 2553 2013 2618 quod
2053 2553 2100 2601 in

325 2657 518 2689 camera
552 2641 793 2706 papagalli
835 2642 995 2706 potius
1029 2658 1038 2689 :
1069 2641 1236 2690 habuit
1265 2657 1411 2705 super
1445 2641 1540 2689 hoc
1586 2638 1839 2687 consilium
1882 2637 2097 2685 omnium

325 2739 446 2787 quos
482 2724 542 2772 ad
577 2741 627 2774 se
657 2725 840 2774 vocavit
880 2741 989 2773 cum
1022 2726 1195 2789 quibus
1234 2725 1443 2774 decrevit
1481 2739 1641 2772 rosam
1683 2725 1867 2771 secrete
1902 2723 1949 2768 et
1985 2735 2100 2767 coo-

323 2810 511 2869 pertam
554 2808 734 2870 portari
775 2807 954 2856 debere
997 2807 1056 2855 ad
1096 2807 1329 2871 capellam
1363 2806 1631 2871 predictam
1675 2806 1723 2853 in
1761 2803 1887 2852 illius
1925 2803 2100 2850 sacris-

325 2888 437 2936 tiam
477 2894 548 2947 et,
595 2889 728 2937 finita
770 2889 943 2949 missa,
996 2891 1201 2954 desuper
1245 2891 1394 2939 altare
1439 2890 1554 2954 poni
1596 2904 1684 2952 per
1729 2886 2007 2944 sacristam,
2052 2891 2098 2933 et

325 2971 485 3020 statim
525 2988 613 3036 per
651 2973 882 3022 clericum
923 2990 1117 3023 camere
1151 2975 1262 3022 inde
1301 2989 1385 3022 sue
1421 2971 1670 3022 Sanctitati
1697 2969 1877 3033 portari
1910 2968 2094 3032 prefato

324 3041 590 3104 Marchioni
625 3057 921 3116 tradendam,
963 3073 1107 3121 super
1140 3057 1297 3105 verbis
1331 3057 1392 3104 ad
1419 3057 1515 3104 hoc
1544 3055 1593 3103 in
1623 3052 1935 3103 ceremoniali
1967 3052 2094 3100 ordi—
2128 3118 2141 3122 -

323 3139 464 3199 natiS,
499 3144 547 3188 et
576 3139 704 3203 quod
735 3139 969 3199 marchio,
1002 3154 1112 3188 rosa
1142 3139 1231 3187 sibi
1260 3139 1449 3197 tradita,
1483 3136 1761 3185 immediate
1795 3139 1905 3183 ante
1936 3134 2093 3198 ipsum

324 3226 432 3284 post
463 3222 732 3271 cardinales
760 3223 1042 3272 assistentes
1069 3222 1331 3281 incederet,
1354 3237 1500 3270 manu
1526 3235 1686 3269 rosam
1707 3223 1918 3283 gestam,
1944 3232 2095 3280 usque

324 3305 383 3365 ad
403 3320 649 3354 cameram
678 3306 917 3372 papagalli
946 3311 1081 3355 extra
1107 3305 1341 3370 capellam
1371 3305 1655 3370 predictam,
1689 3306 1736 3352 et
1766 3301 1895 3366 quod
1921 3299 2094 3349 deinde

325 3405 382 3437 ex
417 3389 585 3437 eadem
621 3406 814 3439 camera
842 3407 869 3438 a
898 3395 999 3438 toto
1031 3389 1343 3438 cardinalium
1372 3389 1575 3452 collegio
1606 3401 1757 3451 usque
1791 3385 1850 3434 ad
1876 3399 2093 3433 cameras
