2248 3906
378 340 448 375 396
987 337 1219 374 JOHANNIS
1252 335 1545 381 BURCHARDI,
1679 342 1682 346 ’
1917 332 2037 384 Δ[Αοιῗιῐ
2055 346 2149 386 1497]

378 441 648 500 columnas,
672 439 766 488 hoc
794 444 867 488 est
893 440 1213 489 exterioribus
1242 438 1426 486 duabus
1456 438 1693 486 columnis
1714 455 1810 487 non
1839 434 2143 505 mensuratis,

377 512 549 591 palmis
576 534 696 583 xx11,
722 528 768 572 et
793 524 997 586 largum,
1028 538 1125 570 non
1155 521 1443 584 computatis
1466 521 1702 569 columnis
1721 512 1952 588 utsupra,
1975 528 2147 591 palmis

376 626 462 657 xm
483 623 634 671 usque
653 607 712 654 ad
728 606 858 668 ligna
875 619 1018 668 super
1044 603 1279 654 columnis
1296 604 1453 666 posita
1468 604 1639 667 palmis
1663 621 1790 666 X11113
1809 622 1867 655 eo
1885 608 1973 658 fuit
1991 615 2148 661 extre-

378 707 509 739 mum
537 695 584 738 et
609 688 911 747 vilissimum,
935 687 1002 735 ita
1028 687 1155 750 quod
1185 686 1451 735 cardinales
1474 687 1550 734 vix
1580 693 1627 736 et
1652 688 1958 740 incommode
1979 698 2148 757 potue-

378 778 489 822 runt
522 772 733 820 officium
770 769 1083 819 absolutionis
1115 785 1366 833 peragere.
1401 773 1600 819 Tectum
1633 771 1720 821 suit
1749 772 1945 840 longum
1977 777 2147 840 palmis

374 872 457 906 vm
484 855 558 904 vel
587 855 723 912 citra,
748 857 793 902 et
819 854 1025 916 largum,
1052 858 1099 902 et
1128 854 1273 902 etiam
1301 853 1443 914 male,
1471 859 1629 903 tamen
1657 859 1853 920 propter
1873 860 2146 908 extremita-

379 946 476 989 tem
508 938 650 987 castri
679 954 776 986 non
805 938 959 1001 potuit
987 953 1093 986 esse
1120 938 1277 1001 majus
1308 954 1318 985 :
1347 942 1525 987 tectum
1558 940 1700 986 castri
1729 956 1825 988 non
1854 943 2143 1004 mensuravi,

381 1024 510 1088 quod
539 1023 627 1072 fuit
659 1038 746 1086 pro
777 1022 1002 1085 qualitate
1036 1037 1122 1069 sua
1156 1021 1279 1080 ben-e
1316 1022 1654 1085 compositum.
1688 1022 2043 1074 Advertendum
2076 1030 2146 1074 est

379 1111 635 1170 propterea
660 1105 788 1168 quod
817 1109 1028 1152 castrum
1055 1103 1104 1150 in
1125 1103 1253 1152 dicta
1273 1103 1477 1152 ecclesia
1498 1105 1650 1168 potuit
1672 1121 1778 1154 esse
1804 1107 1947 1155 trium
1970 1123 2148 1157 canna-

379 1204 484 1236 rum
517 1189 713 1252 langum
746 1191 792 1235 et
824 1186 1029 1235 duorum
1060 1186 1204 1234 etiam
1234 1186 1422 1249 largum
1459 1191 1507 1236 et
1539 1176 1635 1236 non
1666 1189 1820 1252 potuit
1854 1205 1960 1239 esse
1990 1191 2149 1239 minus

378 1273 749 1320 convenienter:
780 1271 934 1335 potuit
962 1270 1106 1319 etiam
1135 1270 1389 1318 commode
1418 1271 1486 1318 sic
1513 1270 1677 1332 fuisse,
1700 1272 1812 1335 quia
1841 1289 2038 1323 scamna
2062 1268 2148 1339 pro

377 1355 576 1403 funestis
599 1355 790 1403 fuerunt
818 1355 944 1403 inter
971 1353 1220 1402 columnas
1241 1369 1327 1417 per
1346 1354 1577 1415 medium,
1602 1371 1766 1404 versus
1786 1345 1931 1405 nares
1953 1358 2149 1407 collate-

378 1438 501 1486 rales
523 1454 583 1487 ne
606 1437 847 1486 intorticia
868 1453 1012 1501 super
1031 1436 1267 1485 columnis
1294 1437 1448 1501 posita
1474 1453 1557 1485 eos
1582 1439 1894 1502 pertubarent
1919 1457 1929 1489 :
1951 1456 2064 1505 que,
2087 1457 2148 1491 ne

379 1522 719 1570 comburerent
761 1537 901 1569 arcus
935 1521 1167 1569 voltarum
1201 1520 1422 1581 ecclesie,
1455 1522 1610 1585 posita
1642 1522 1835 1571 fuerunt
1873 1527 1925 1572 ut
1953 1529 2149 1574 urerent

377 1591 541 1654 versus
560 1604 774 1653 medium
800 1604 1003 1653 ecclesie
1025 1619 1122 1652 non
1140 1619 1304 1652 versus
1326 1598 1483 1663 arcus,
1507 1609 1558 1652 ut
1580 1605 1696 1653 alias
1718 1605 1878 1655 facere
1900 1608 2149 1656 consuevi-

378 1704 485 1736 mus
505 1707 513 1735 :
535 1689 690 1752 prima
704 1703 917 1745 scamna,
935 1702 1022 1750 pro
1041 1687 1243 1735 funestis
1262 1687 1500 1750 prioribus
1520 1688 1614 1735 sive
1633 1689 1895 1751 majoribus
1908 1690 2145 1750 videlicet,

377 1771 534 1834 posita
570 1771 762 1818 fuerunt
800 1770 927 1817 inter
962 1770 1197 1818 secundos
1231 1785 1370 1818 arcus
1405 1770 1680 1833 superiores
1720 1770 1924 1819 ecclesie
1956 1761 2070 1819 hinc
2103 1776 2150 1820 et

377 1853 513 1912 inde,
551 1852 762 1901 secunda
806 1853 931 1900 inter
968 1852 1136 1900 tertios
1175 1868 1337 1912 arcus,
1381 1857 1426 1901 et
1470 1853 1518 1900 in
1559 1839 1868 1916 sequentibus
1914 1854 2149 1902 columnis

378 1952 576 1985 scamna
592 1936 748 1999 posita
767 1936 815 1983 in
839 1939 1159 1984 transversum
1180 1936 1338 1985 medie
1360 1936 1492 1984 navis
1512 1936 1734 1996 ecclesie,
1759 1941 1806 1985 et
1827 1936 1907 1985 illa
1925 1937 1974 1985 in
1997 1942 2150 1986 trans—

376 2036 568 2069 versum
593 2019 848 2083 duplicata.
876 2021 928 2066 In
958 2019 1131 2082 quibus
1162 2035 1245 2067 sex
1276 2020 1483 2068 scamnis
1515 2019 1743 2069 sederunt
1775 2036 1943 2070 omnes
1975 2020 2149 2069 funesti

378 2106 458 2169 qui
488 2120 690 2153 numero
726 2104 918 2152 fuerunt
945 2106 1193 2167 sexaginta
1229 2104 1297 2152 vel
1324 2104 1469 2164 circa,
1501 2109 1552 2152 ut
1585 2103 1674 2167 ipsi
1706 2104 1825 2151 mihi
1863 2104 2145 2165 retulerunt,

343 2192 353 2200 ‘
377 2187 488 2250 quia
508 2187 610 2249 ipse
632 2202 729 2235 non
746 2186 1009 2234 numeravi.
1033 2189 1263 2235 Cantor-es
1286 2188 1368 2234 SS.
1396 2189 1452 2234 D.
1477 2186 1627 2234 nostri
1650 2190 1885 2234 steterunt
1902 2186 1951 2233 in
1968 2186 2152 2250 capella

380 2273 508 2317 retro
539 2269 687 2318 altare
715 2270 870 2333 majus
894 2286 903 2318 :
932 2269 1167 2333 pulpitum
1195 2269 1308 2332 poni
1339 2269 1430 2316 feci
1457 2284 1544 2332 pro
1573 2269 1779 2316 oratorio
1803 2269 1940 2332 juxta
1965 2268 2150 2316 colum-

379 2369 491 2400 nam
538 2352 586 2400 in
629 2353 784 2416 capite
825 2353 1007 2400 scamni
1051 2352 1364 2400 diaconorum
1411 2352 1741 2400 cardinalium.
1780 2351 2022 2399 Intorticia
2064 2366 2152 2415 per

380 2436 634 2484 ecclesiam
660 2452 803 2499 super
830 2436 1079 2484 columnas
1106 2435 1262 2499 posita
1286 2435 1480 2484 fuerunt
1499 2451 1681 2494 Lxxuu,
1704 2427 1923 2483 videlicet
1943 2450 2031 2499 per
2048 2435 2151 2483 lon-

379 2520 643 2582 gitudinem
666 2519 870 2567 ecclesie
897 2519 1022 2567 inter
1042 2519 1252 2582 singulas
1274 2520 1391 2567 duas
1419 2519 1687 2578 columnas,
1711 2518 1933 2568 videlicet
1953 2519 2149 2583 dempto

380 2591 484 2650 uno·
509 2602 680 2666 spatio,
710 2603 760 2649 in
790 2618 902 2666 quo,
937 2618 1023 2666 per
1059 2618 1275 2652 errorem
1305 2602 1538 2666 magistri,
1565 2607 1701 2651 erant
1722 2606 1908 2651 tantum
1938 2603 2149 2666 quinque

378 2690 591 2749 capsette
625 2701 711 2749 pro
742 2685 952 2748 quinque
986 2685 1258 2745 intorticiis,
1292 2690 1338 2733 et
1374 2701 1516 2749 supra
1548 2685 1798 2735 introitum
1834 2675 2149 2750 principalem

381 2770 585 2818 ecclesie
614 2786 714 2830 sex,
747 2775 792 2817 et
823 2786 967 2833 supra
996 2769 1281 2828 cancellum,
1313 2772 1440 2817 retro
1474 2768 1622 2816 altare
1645 2769 1819 2833 majus,
1845 2784 2034 2828 novem,
2063 2783 2150 2832 pro

381 2853 627 2915 sepultura
659 2853 772 2912 duo,
801 2868 888 2916 pro
921 2852 1081 2899 missis
1113 2852 1267 2899 hassis
1300 2855 1521 2914 quatuor,
1555 2867 1698 2915 supra
1732 2854 1940 2898 castrum
1978 2849 2155 2898 doloris

382 2950 571 2991 novem,
595 2934 793 2982 inferius
815 2936 952 2998 juxta
979 2940 1205 2993 castrum,
1230 2934 1395 2997 viginti
1424 2938 1469 2981 et
1489 2934 1583 2981 duo
1612 2949 1757 2996 sup-er
1773 2932 2072 2981 candelabris
2095 2933 2156 2980 ad

383 3021 525 3080 caput
555 3022 601 3065 et
628 3017 775 3080 pedes
806 3017 949 3065 castri
974 3033 983 3064 :
1016 3033 1101 3080 pro
1136 3017 1332 3064 sacrista
1359 3033 1391 3075 1,
1417 3032 1503 3080 pro
1537 3016 1736 3065 custode
1768 3016 1987 3080 ejusdem
2011 3014 2045 3076 i,
2066 3031 2152 3080 pro

385 3099 547 3148 officio
581 3094 676 3149 sive
711 3093 897 3164 capella
935 3100 1243 3148 servientium
1277 3115 1521 3148 armorum
1560 3101 1643 3148 SS.
1672 3102 1729 3148 D.
1761 3102 1817 3148 N.
1851 3114 1973 3164 pape
2005 3115 2070 3159 113
2107 3103 2154 3147 et

387 3184 550 3231 omnia
569 3184 661 3233 hec
688 3183 930 3232 intorticia
950 3183 1138 3231 fuerunt
1166 3183 1353 3247 singula
1378 3187 1579 3246 quatuor
1601 3183 1849 3243 librarum,
1875 3186 1923 3231 et
1941 3197 2028 3247 pro
2049 3197 2154 3230 car-

388 3267 625 3315 dinalibus
658 3268 895 3316 intorticia
924 3283 1027 3316 xvn
1061 3271 1108 3316 et
1136 3283 1252 3315 xvm
1277 3283 1363 3331 pro
1395 3267 1659 3315 elevatione
1690 3266 1978 3314 sacramenti
2007 3264 2152 3312 misse

388 3351 601 3413 maj0ris,
626 3356 673 3399 et
698 3352 789 3400 hec
818 3351 1009 3399 suerunt
1035 3351 1262 3399 librarum
1291 3367 1374 3398 sex
1397 3366 1483 3414 pro
1514 3350 1724 3399 cuilibet.
1751 3349 1923 3398 Facule
1951 3348 2152 3395 duarum

388 3430 619 3480 librarum
636 3449 723 3496 pro
742 3434 938 3498 prelatis
962 3439 1009 3484 et
1030 3435 1228 3483 funestis
1249 3450 1450 3482 numero
1468 3450 1567 3493 ccc,
1586 3434 1742 3482 facule
1763 3432 1902 3480 unius
1921 3431 2042 3480 libre
2063 3445 2150 3494 pro
