2202 3938
142 364 264 407 ¹[Aont
285 364 378 402 1492]
606 361 777 398 RERUM
811 359 1115 418 URBANARUM
1147 358 1499 396 COMMENTARII.
1923 362 1948 398 3

142 465 372 529 exceptis
400 464 612 527 quinque
643 463 872 512 duntaxat
901 462 1224 512 cardinalibus
1252 461 1334 526 qui
1365 462 1486 509 nihil
1514 461 1800 509 voluerunt:
1827 462 1946 509 ethi

159 554 269 597 311111
319 547 588 597 cardinales
636 547 1004 610 NeapolitanuS,
1052 546 1306 605 Senensis,
1348 545 1746 610 PortugallensiS,
1796 545 1948 593 sancti

160 634 287 682 Petri
321 633 383 680 ad
411 632 633 691 Vincula,
672 635 836 680 sancte
874 631 1024 679 Marie
1058 631 1107 679 in
1142 631 1353 679 Porticu.
1390 630 1449 677 Hi
1487 629 1575 678 soli
1610 628 1732 676 nihil
1766 628 1947 677 habere

157 718 414 766 voluerunt
445 716 765 777 dixeruntque
797 714 844 762 in
872 713 1158 778 pontificatu
1190 729 1333 762 voces
1362 712 1543 761 dandas
1572 727 1679 760 esse
1718 711 1865 776 gratis
1902 717 1950 759 et

158 818 257 849 non
289 800 589 848 muneribus.
621 800 793 847 Fertur
820 798 982 858 etiam,
1014 802 1277 861 antequam
1302 797 1541 845 intrarent
1573 795 1800 845 conclave
1837 811 1950 859 pre-

158 884 357 942 dictum,
393 882 844 932 vicecancellarium
884 898 973 945 pro
1012 880 1238 929 habendo
1277 884 1389 929 voto
1427 880 1620 930 Ascanii
1659 878 1864 943 predicti
1903 885 1952 927 et

162 968 469 1032 sequentium
502 965 692 1013 misisse
725 969 934 1028 quatuor
961 965 1119 1013 mulos
1154 969 1384 1014 oneratos
1420 968 1622 1029 argento
1658 962 1719 1010 ad
1752 963 1951 1011 domum

161 1051 273 1099 dieti
297 1048 509 1107 Ascanii,
535 1053 587 1096 ut
604 1048 668 1096 ibi
688 1049 737 1095 in
759 1049 864 1113 ejus
892 1048 1037 1097 domo
1063 1050 1442 1109 custodirentur,
1467 1048 1583 1096 dum
1612 1051 1740 1095 esset
1762 1046 1811 1094 in
1833 1062 1952 1095 con-

158 1134 309 1192 clave,
336 1138 383 1181 et
404 1131 534 1195 quod
561 1132 779 1180 securius
805 1131 870 1179 ibi
892 1137 1089 1196 possent
1110 1149 1398 1197 permanere
1422 1148 1567 1197 quam
1588 1131 1636 1178 in
1660 1131 1764 1195 ejus
1783 1130 1947 1179 domo.

159 1217 296 1273 Quod
331 1220 587 1280 argentum
624 1215 777 1263 fertur
806 1215 954 1264 fuisse
997 1216 1164 1265 datum
1201 1216 1330 1266 dicto
1363 1216 1571 1265 Ascanio
1605 1230 1693 1279 pro
1725 1214 1952 1263 habendo

158 1301 202 1365 ej
212 1317 266 1348 113
281 1304 415 1358 voto3
440 1299 716 1363 civibusque
732 1300 962 1348 Romanis
981 1300 1132 1349 multa
1152 1301 1391 1365 promisit.

225 1386 341 1431 Post
359 1399 495 1431 suam
519 1383 887 1432 coronationem
916 1383 1087 1433 habuit
1113 1383 1336 1433 notitiam
1358 1385 1565 1449 qualiter
1585 1401 1613 1433 a
1634 1384 1711 1435 die
1738 1389 1953 1434 extreme

161 1466 454 1515 infirmitatis
476 1467 746 1516 Innocentii
775 1483 928 1531 usque
961 1467 1021 1516 ad
1052 1468 1156 1532 ejus
1185 1469 1553 1518 coronationem
1585 1469 1843 1534 plusquam
1866 1470 1955 1518 du-

159 1551 288 1600 centi
332 1555 379 1599 et
422 1550 589 1615 viginti
628 1551 855 1600 homines
894 1551 1096 1600 diversis
1134 1552 1256 1601 10013
1290 1557 1337 1601 01
1375 1553 1676 1617 temporibus
1717 1554 1956 1603 interfecti

163 1636 374 1684 fuerunt.
402 1634 577 1683 Habuit
608 1635 754 1683 etiam
784 1635 1016 1684 notitiam
1034 1636 1094 1684 de
1120 1636 1532 1697 interfectoribus,
1558 1638 1617 1688 de
1648 1637 1806 1687 causis
1828 1642 1876 1686 et
1896 1638 1955 1686 de

165 1718 511 1783 prodimentis;
536 1722 584 1766 et
605 1718 665 1766 de
687 1718 914 1766 omnibus
941 1719 1016 1766 bis
1045 1735 1138 1783 que
1166 1718 1246 1766 1110
1274 1722 1428 1769 Rome
1458 1725 1595 1786 gesta
1625 1725 1734 1770 sunt
1762 1721 1956 1785 plenam

168 1802 390 1851 notitiam
409 1801 597 1850 habuit.

231 1886 417 1934 Eodem
448 1901 617 1933 mense
648 1885 858 1947 augusti,
891 1885 968 1934 die
998 1901 1113 1934 vero
1141 1890 1217 1946 17,
1246 1887 1365 1935 obiit
1399 1890 1456 1935 D.
1483 1888 1671 1937 Florius
1703 1892 1955 1948 Roacotta,

173 1969 313 2017 miles
336 1969 489 2016 sancti
505 1968 758 2027 Johannis,
784 1968 961 2016 relictis
982 1970 1146 2017 multis
1163 1971 1375 2019 millibus
1403 1972 1701 2021 florenorum
1720 1973 1842 2022 auri.

231 2054 318 2102 Die
349 2052 589 2116 sequenti,
614 2051 732 2100 obiit
760 2054 818 2099 D.
851 2052 994 2100 Falco
1029 2052 1088 2101 de
1121 2054 1396 2115 Sinibaldis,
1427 2055 1596 2104 dolore
1628 2056 1782 2121 magis
1811 2072 1957 2119 quam

161 2138 253 2186 alia
274 2136 573 2194 infirmitate,
598 2150 656 2183 eo
686 2134 817 2198 quod
845 2135 1070 2198 sperabat
1095 2137 1444 2186 cardinalatum
1471 2139 1551 2187 diu
1574 2154 1661 2203 per
1686 2154 1799 2186 eum
1821 2142 1960 2202 opta-

164 2226 285 2280 tum,
321 2220 359 2268 si
394 2235 533 2268 casus
565 2219 872 2283 contingeret
907 2218 956 2266 in
989 2219 1202 2283 aliquem
1234 2237 1293 2269 ex
1327 2222 1425 2270 suis
1459 2221 1646 2271 amicis.
1679 2221 1818 2278 Quod
1850 2238 1960 2270 cum

164 2303 363 2352 vidisset
400 2301 854 2350 vicecancellarium
887 2318 996 2351 esse
1031 2319 1225 2367 papam,
1259 2308 1393 2353 tanto
1424 2305 1515 2353 fuit
1555 2305 1720 2353 dolore
1760 2305 1962 2354 affectus

166 2391 218 2434 ut
249 2386 396 2436 vitam
433 2401 545 2433 cum
584 2388 740 2432 morte
770 2386 1115 2449 permutaverit
1141 2403 1288 2451 parva
1322 2388 1530 2452 quadam
1565 2389 1819 2449 febricula,
1852 2405 1960 2438 011111

168 2486 263 2533 qua
281 2468 437 2516 omnis
457 2484 567 2532 spes
589 2468 662 2516 sui
684 2469 1008 2517 cardinalatus
1030 2471 1247 2520 recessit.

235 2553 323 2601 Die
353 2556 411 2600 27
444 2552 634 2617 augusti
661 2552 899 2618 ejusdem,
932 2559 1192 2603 coronatus
1218 2555 1305 2604 fuit
1325 2555 1388 2621 (1)
1416 2557 1692 2606 Alexander
1717 2557 1767 2605 in
1796 2560 1962 2605 sancto

221 2690 255 2728 1.
285 2689 358 2727 Sur
376 2687 410 2726 10
430 2692 718 2726 couronnement
731 2688 976 2727 d’Alexandre
996 2690 1044 2728 VI
1058 2703 1143 2740 voy.
1165 2693 1186 2728 a
1199 2691 1427 2741 l'appendice
1449 2701 1491 2730 11ο
1511 2695 1535 2730 6
1554 2692 1591 2731 13
1605 2694 1765 2742 depeche
1786 2693 1831 2730 de
1844 2692 1965 2730 Valori

175 2750 235 2795 (27
252 2750 352 2798 aout)
366 2753 402 2786 et
414 2749 449 2786 13
462 2749 616 2787 relation
633 2752 708 2787 tres
723 2749 1004 2788 circonstanciee
1019 2751 1064 2788 de
1079 2752 1305 2789 Bernardino
1321 2753 1428 2790 Corio
1447 2755 1544 2801 (app.
1556 2760 1598 2789 n⁰
1606 2755 1657 2799 7).
1675 2754 1724 2790 Le
1739 2751 1886 2801 general
1901 2752 1966 2788 des

176 2807 424 2854 Camaldules,
439 2806 564 2846 Pietro
585 2808 730 2855 Delfini,
753 2809 849 2847 alors
869 2812 891 2846 a
911 2810 1040 2856 Rome,
1060 2815 1208 2848 raconte
1233 2816 1327 2849 cette
1354 2812 1557 2849 0010111οηί0
1578 2813 1670 2868 dans
1697 2811 1733 2848 13
1758 2812 1862 2849 101110
1890 2809 1965 2847 sui-

177 2872 284 2905 vante
307 2880 316 2906 :

541 2945 559 2963 «
587 2929 820 2967 Rev-nardino
839 2931 963 2967 Priora·
981 2917 1179 2969 claustrale
1201 2931 1328 2980 (Epist.
1347 2931 1410 2969 nb.
1434 2932 1497 2978 111,
1519 2944 1577 2980 ep.
1599 2932 1673 2977 38).

226 3034 245 3052 «
268 3018 307 3056 Si
325 3018 391 3057 tibi
413 3019 576 3057 seriatim
597 3021 731 3057 referre
752 3032 794 3058 ac
813 3019 1040 3069 perscribere
1058 3020 1207 3058 voluero
1231 3033 1304 3069 qua
1319 3021 1396 3058 heri
1428 3020 1652 3066 celebritate,
1676 3018 1964 3057 honorificentia.

165 3080 312 3126 'pompa
343 3080 517 3116 Summus
544 3080 654 3117 fuerit
672 3080 839 3129 pontifex
865 3086 1072 3126 coronatuS,
1095 3093 1169 3118 non
1196 3081 1355 3119 sufficiet
1373 3081 1466 3119 dies.
1490 3080 1686 3117 Pulchrum
1716 3091 1803 3116 sane
1824 3082 1965 3127 specta-

181 3137 302 3174 culum
322 3142 359 3176 et
376 3139 458 3177 visu
485 3140 698 3177 delectabile
727 3152 846 3189 neque
865 3141 1013 3190 penitus
1032 3141 1312 3189 infructuosum,
1334 3142 1366 3179 si
1392 3143 1439 3178 ad
1460 3141 1624 3190 spiritum
1653 3152 1733 3187 quse
1755 3138 1968 3186 temporalia

186 3201 286 3242 sunt,
305 3199 454 3236 referas.
483 3199 615 3237 Varius
641 3201 737 3236 enim
763 3200 1019 3238 distinctarum
1046 3213 1284 3250 personarum
1306 3205 1342 3239 et
1360 3201 1582 3250 dignitatum
1602 3203 1768 3243 ornatus,
1789 3198 1892 3243 ordo,
1910 3197 1966 3233 111-

188 3266 314 3292 0033113
335 3269 574 3305 supernorum
595 3259 726 3296 civium
741 3264 850 3309 atque
867 3260 1055 3298 beatorum
1069 3261 1202 3298 multas
1219 3267 1256 3300 et
1269 3262 1431 3299 diversas
1446 3260 1625 3298 referebat
1639 3258 1727 3294 mihi
1745 3257 1966 3301 mansiones,

187 3318 224 3350 et
243 3314 411 3352 Ecclesiae
436 3316 543 3355 istius
576 3319 764 3356 militantis
789 3320 911 3367 decor,
932 3321 979 3357 ad
1005 3321 1327 3370 consydemndum
1351 3320 1611 3369 triumphantis
1637 3317 1808 3354 Ecclesioe
1835 3320 1968 3354 statum

189 3385 230 3410 ac
258 3374 503 3422 splendorem,
530 3378 689 3415 animum
716 3379 850 3428 saepius
881 3381 1068 3419 evocabat.
1101 3382 1225 3419 Effusa
1251 3386 1327 3419 erat
1351 3393 1415 3430 per
1441 3385 1553 3418 totam
1579 3378 1704 3415 urbem
1727 3376 1833 3413 turba
1857 3375 1970 3411 multa

190 3432 351 3470 virorum
371 3445 412 3470 ac
438 3434 630 3472 mulierum
654 3438 694 3473 in
719 3438 847 3476 itinere
873 3443 983 3488 atque
1008 3452 1027 3477 0
1050 3441 1218 3478 fenestris
1240 3440 1497 3490 spectantium,
1519 3440 1634 3476 donec
1655 3448 1676 3473 3
1696 3437 1735 3472 S.
1760 3432 1867 3471 Petro
1887 3436 1971 3481 post

190 3492 409 3531 celebratam
441 3493 488 3530 ab
510 3493 588 3541 ipso
608 3495 786 3534 Pontifice
805 3498 955 3535 missam
987 3499 1144 3547 Spiritus
1169 3501 1307 3545 Sancti,
1329 3501 1374 3537 ad
1396 3500 1612 3536 Lateranum
1638 3496 1880 3545 pervenimus.
1904 3491 1971 3527 Via
