2202 3900
272 320 346 356 3612
884 319 903 356 J
907 317 1114 356 OHANNIS
1148 316 1443 362 ΒΠΗΟΗΑΗΒῘ,
1825 320 1930 362 [Mars
1952 322 2046 362 1497]

275 426 456 483 mento,
489 422 574 470 sed
604 421 870 486 expectavit
895 422 943 469 in
971 421 1155 484 capella
1179 420 1369 483 majori,
1393 433 1543 482 prope
1565 418 1731 478 altare,
1754 420 1835 468 ubi
1862 424 2047 488 accepit

274 505 473 555 calicem
507 522 616 554 cum
653 509 956 553 sacramento
991 504 1049 551 de
1080 502 1302 550 manibus
1338 504 1464 565 Pape
1498 501 1615 549 illud
1643 503 1877 565 portantis
1912 521 1922 553 :
1957 507 2046 554 alia

274 589 527 637 observata
547 604 682 636 more
705 587 860 635 solito.

338 675 389 719 In
414 685 540 729 sero,
565 672 693 732 Papa
712 669 761 715 in
786 667 900 715 sede
927 670 1143 730 portatus
1165 670 1238 714 est
1260 666 1320 713 ad
1340 666 1573 730 capellam
1598 667 1660 715 ad
1686 670 1975 719 matutinum
1999 677 2047 721 61

273 755 364 802 11116
395 752 541 800 11111116
572 752 621 799 111
652 767 708 799 66
737 750 798 798 611
824 750 1058 821 capellam
1090 753 1358 812 reportatus
1381 754 1453 798 est
1479 750 1525 797 in
1548 767 1700 815 cappa
1729 752 1788 801 de
1818 754 2040 803 scarlato.

272 837 375 884 Alia
404 851 537 884 more
570 834 726 882 solito.
762 834 948 882 Oblatio
996 833 1054 881 ad
1100 848 1295 881 crucem
1334 833 1381 880 in
1421 834 1604 897 capella
1640 834 1858 898 predicta
1901 835 2047 885 hodie

273 921 396 968 sacta
430 917 647 966 ascendit
679 917 740 965 ad
778 916 977 965 ducatos
1001 932 1109 963 Lxxl
1139 921 1185 963 et
1217 916 1339 964 ultra
1363 916 1411 963 in
1442 933 1577 977 auro,
1611 918 1670 966 de
1697 919 1867 982 quibus
1900 918 2047 968 habui

272 1003 319 1051 in
340 1006 475 1067 parte
496 1017 605 1050 mea
623 1002 820 1049 ducatos
842 1000 1024 1047 similes
1044 1016 1108 1059 xl,
1127 999 1346 1047 carlenos
1367 1016 1414 1047 1x
1438 1001 1522 1063 (1).

342 1085 549 1134 Sabbato
572 1089 757 1143 sancto,
787 1086 845 1131 25
868 1082 1045 1142 martii,
1071 1085 1237 1130 Rmus.
1263 1085 1320 1130 D.
1347 1082 1599 1131 cardinalis
1622 1100 1659 1131 s.
1685 1084 1898 1150 Dionysii
1919 1085 2048 1134 cele-

275 1169 426 1218 bravit
452 1168 649 1216 missam
677 1166 918 1231 publicam
945 1166 994 1213 in
1022 1165 1206 1229 ‘capella
1230 1165 1466 1228 predicta,
1498 1169 1627 1230 Papa
1654 1171 1904 1231 presente,
1936 1167 2047 1231 igne

277 1259 324 1301 et
344 1253 542 1301 incenso
564 1267 652 1315 per
671 1250 827 1314 ipsum
858 1249 1153 1297 cardinalem
1182 1249 1468 1297 benedictis.
1501 1249 1714 1298 Alleluia
1744 1250 2050 1299 annunciavit

277 1339 333 1385 D.
362 1336 564 1386 Vasinus
594 1337 739 1397 Pape,
765 1333 845 1395 qui
870 1332 987 1379 illud
1013 1332 1165 1380 noluit
1193 1332 1442 1391 inchoare,
1475 1333 1560 1381 sed
1587 1334 1837 1382 celebrans
1865 1334 1914 1382 id
1939 1334 2049 1382 fecit

279 1420 418 1467 tertio
455 1417 907 1466 convenientissime
947 1419 995 1463 et
1030 1415 1335 1463 laudabiliter
1371 1420 1418 1464 et
1455 1417 1548 1464 alia
1582 1433 1718 1465 more
1759 1417 1900 1466 solito
1941 1421 2048 1465 sunt

311 1506 489 1549 eracta.

277 1518 305 1566 p
341 1583 592 1631 Dominica
611 1580 794 1629 Pasche
814 1578 1183 1628 resurrectionis
1202 1579 1461 1628 Salvatoris
1478 1583 1534 1629 N.
1556 1584 1598 1629 J.
1624 1583 1817 1642 Christi,
1840 1586 1900 1631 26
1919 1598 2048 1631 mar-

278 1666 346 1724 tii,
372 1666 455 1714 SS.
481 1665 535 1712 D.
561 1667 617 1712 N.
648 1665 777 1713 venit
802 1663 1225 1727 processionaliter
1253 1663 1302 1709 in
1333 1664 1446 1711 sede
1478 1665 1538 1712 ad
1558 1665 1805 1714 basilicam
1837 1683 1876 1714 S.
1902 1666 2047 1724 Petri,

278 1749 357 1796 ubi
380 1748 635 1796 celebravit
656 1747 854 1795 missam
876 1746 1143 1795 solemnem
1171 1761 1303 1794 more
1327 1746 1484 1794 solito.
1511 1749 1677 1795 Rmus
1709 1750 1766 1797 D.
1797 1748 2051 1797 cardinalis

278 1833 336 1881 de
359 1831 596 1880 Cesarinis
616 1831 821 1879 cantavit
844 1830 1143 1893 evangelium
1161 1830 1381 1889 latinum,
1407 1832 1461 1876 R.
1486 1832 1540 1877 D.
1568 1831 1819 1893 Georgius,
1844 1831 2052 1879 Alexan-

277 1916 378 1974 (161,
419 1915 673 1978 episcopus
716 1899 1076 1973 Archadiensis,
1118 1913 1419 1976 evangelium
1459 1929 1674 1976 grecum,
1720 1917 1776 1962 D.
1822 1914 2048 1975 Vasinus,

277 1997 599 2051 subdiaconus
633 1999 923 2062 apostolicus
954 1997 1206 2061 epistolam
1235 1982 1433 2045 latinam
1465 2000 1512 2045 et
1547 1998 1602 2044 D.
1642 1996 1933 2056 Demetrius,
1966 1997 2052 2045 be-

276 2080 526 2129 neficiatus
557 2081 763 2130 basilice
804 2098 842 2129 6.
888 2081 1032 2140 Ρ6111,
1076 2081 1330 2144 epistolam
1371 2095 1583 2143 grecam.
1629 2080 1838 2128 Primam
1877 2096 2051 2144 aquam

276 2165 497 2212 manibus
526 2180 649 2228 pape
679 2164 966 2213 ministravit
996 2168 1159 2212 orator
1190 2163 1387 2211 dominii
1417 2164 1748 2224 Venetiarum,
1787 2166 2050 2213 secundam

276 2252 439 2296 orator
458 2248 586 2310 regis
607 2248 926 2311 Neapolitani,
951 2248 1142 2296 tertiam
1164 2250 1221 2294 D.
1249 2246 1580 2306 Gundisalvus,
1606 2247 1895 2295 Ferdinandi
1917 2249 2052 2311 capi-

275 2334 463 2387 taneus,
489 2333 536 2377 et
557 2334 775 2391 quartam
805 2330 898 2377 dux
925 2330 1126 2388 Gandie,
1151 2329 1276 2376 filius
1298 2344 1437 2392 pape.
1464 2331 1592 2391 Papa
1613 2329 1983 2378 communicavit
2003 2331 2050 2377 in

275 2412 422 2459 missa
452 2426 621 2460 omnes
656 2412 883 2461 diaconos
916 2412 1201 2470 cardinales,
1238 2412 1613 2475 gubernatorem
1647 2411 1804 2471 Urbis,
1842 2413 2051 2461 electum

277 2494 566 2557 Rheginum,
592 2494 799 2543 electum
830 2496 1171 2553 Mutinensem,
1197 2495 1434 2543 datarium
1457 2498 1503 2542 et
1530 2494 1665 2542 alios.
1701 2494 1857 2543 Finita
1882 2496 2047 2551 missa,

274 2577 385 2625 visis
422 2578 593 2626 lancea
625 2584 672 2627 61
698 2580 829 2627 vultu
862 2579 1052 2639 Christi,
1084 2578 1299 2626 ascendit
1328 2578 1388 2626 ad
1407 2579 1570 2626 locum
1600 2578 1790 2642 publice
1812 2579 2044 2627 benedic-

278 2662 420 2711 tionis
443 2663 542 2723 ubi,
562 2662 740 2727 populo
761 2663 951 2726 publice
973 2662 1021 2710 in
1044 2677 1192 2725 regno
1213 2661 1493 2710 solemniter
1513 2661 1788 2721 benedictO,
1810 2663 2052 2710 concessit

277 2746 500 2793 omnibus
521 2746 760 2809 plenarias
782 2747 1100 2810 indulgentias
1123 2762 1240 2809 quas
1266 2746 1431 2793 RRmi.
1461 2748 1561 2792 DD.
1587 2745 1857 2793 cardinales
1880 2746 1939 2793 de
1962 2748 2050 2793 Ce-

278 2829 448 2875 sarinis
469 2829 518 2875 in
538 2829 686 2876 latino
709 2834 756 2877 et
783 2846 820 2876 s.
853 2829 1046 2892 Georgii
1077 2829 1284 2887 diaconi,
1311 2829 1358 2876 in
1379 2827 1559 2891 vulgari
1579 2827 1884 2891 publicarunt
1916 2843 1927 2875 z
1957 2827 2050 2875 alia

277 2910 526 2958 observata
546 2926 680 2958 more
703 2911 859 2959 solito.

343 2993 479 3041 Feria
508 2994 721 3041 secunda
752 2994 954 3053 Pasche,
978 2998 1035 3041 27
1059 2994 1235 3053 martii,
1273 2993 1540 3042 cardinales
1568 2998 1677 3042 ante
1704 2994 1875 3041 horam
1902 2992 2048 3040 misse

323 3142 355 3177 1.
384 3141 432 3176 Le
454 3151 545 3188 pape
565 3144 694 3176 courut
713 3151 761 3175 un
783 3140 896 3188 grand
918 3140 1068 3187 danger.
1092 3140 1141 3175 Le
1168 3139 1297 3187 peuple
1319 3140 1457 3176 romain
1477 3141 1540 3188 qui
1566 3140 1598 3177 le
1626 3140 1780 3177 hai'ssait
1806 3141 1925 3178 s'etait
1949 3141 2051 3178 renni

276 3211 339 3235 6111
358 3199 389 3235 16
410 3199 547 3247 Champ
567 3199 611 3235 de
632 3199 736 3236 Flore
763 3202 798 3236 61
826 3198 967 3236 l'aurait
995 3198 1114 3246 lapide
1143 3210 1228 3235 avec
1249 3198 1301 3235 les
1322 3199 1526 3247 Espagnols
1546 3200 1591 3236 de
1613 3212 1653 3236 sa
1676 3200 1783 3245 suite,
1807 3212 1894 3238 sans
1921 3199 2052 3238 l’inter-

274 3258 420 3295 vention
447 3259 491 3294 de
511 3258 694 3306 plusieurs
715 3258 926 3296 cardinaux.
951 3273 970 3292 11
992 3258 1056 3295 Die
1087 3259 1275 3295 Romanen
1303 3259 1426 3296 hetten
1445 3259 1516 3295 den
1542 3271 1634 3307 pays
1656 3258 1720 3294 mit
1744 3259 1889 3296 bestain
1910 3260 1987 3297 doit
2010 3271 2050 3296 zo

275 3316 393 3365 slayn‚
415 3328 456 3353 so
477 3317 624 3354 verbast
645 3317 793 3354 wasche
814 3328 854 3353 zo
881 3318 986 3354 deser
1013 3322 1092 3366 szyt
1116 3317 1181 3354 mit
1208 3317 1312 3354 sinen
1337 3318 1492 3355 frunden
1513 3319 1583 3355 den
1607 3319 1838 3367 Hispanioler
1855 3334 1889 3365 »,
1912 3319 2050 3356 6611116

273 3374 427 3411 cavalier
448 3375 558 3421 Harff,
582 3375 674 3412 dans
695 3374 729 3411 la
749 3375 898 3412 relation
927 3377 972 3412 de
998 3388 1066 3413 son
1091 3388 1233 3424 voyage
1258 3380 1278 3413 a
1305 3377 1418 3414 Rome
1444 3378 1606 3425 pendant
1636 3377 1669 3414 la
1696 3377 1842 3425 Paques
1870 3377 1915 3414 de
1942 3377 2047 3415 1497.

278 3433 468 3482 (00103116,
492 3434 597 3479 1860,
613 3445 648 3482 p.
671 3435 747 3480 33.)
