2216 3886
174 310 442 354 [havian-1498]
620 309 790 347 RERUM
822 309 1126 347 URBANARUM
1158 310 1507 349 COMMENTARII.
1884 317 1951 355 431

174 411 372 459 domum
409 411 765 470 conduxerunt,
798 417 847 461 et
880 411 1042 459 multis
1077 411 1291 475 prelatis.
1326 412 1560 475 Equitavit
1596 414 1784 462 medius
1829 417 1953 466 inter

172 498 273 544 DD.
297 496 591 559 Ragusiuum
622 499 668 544 et
698 498 1008 544 Cremensem
1036 494 1459 559 archiepiscopos:
1481 511 1590 544 cum
1615 497 1793 560 gratias
1823 500 1952 563 egis-

170 584 243 628 set
264 579 497 643 pontifici,
524 583 581 627 D.
605 580 843 628 Mattheus
877 579 934 628 de
970 578 1183 638 Ubaldis,
1213 578 1404 627 auditor
1431 583 1554 638 rote,
1577 582 1776 630 nomine
1799 583 1951 632 colle-

168 662 233 726 gii
252 663 521 711 auditorum
543 663 639 727 egit
661 663 837 727 gratias
864 668 912 711 et
940 663 1044 727 ipse
1075 662 1233 711 eidem
1255 663 1312 710 de
1339 663 1444 726 ipsa
1463 665 1787 727 promotione.
1815 667 1943 717 Visi-

168 746 281 794 tavit
307 746 482 794 deinde
508 746 774 795 cardinales
796 746 1032 811 palatinos
1057 746 1280 795 videlicet
1301 763 1339 794 s.
1365 747 1611 807 Praxedis‚
1634 750 1942 811 Perusinum,

169 814 564 889 Alexandrinum,
600 829 991 893 Segobriensem,
1023 830 1409 894 Agrigentinum,
1435 847 1472 878 s.
1499 830 1777 890 Clementis,
1815 832 1946 880 Ulix-

164 913 448 962 bonensem.
471 930 510 961 s.
534 913 767 978 Dionysii,
793 930 831 961 s.
858 913 1021 962 Crucis
1040 918 1087 961 et
1107 916 1374 962 Scnensem
1395 929 1404 960 :
1427 914 1767 977 Neapolitanus
1790 915 1945 963 noluit

164 995 340 1044 visitari
363 1012 373 1055 ;
397 995 681 1046 Valentinus
703 1001 751 1045 et
772 996 947 1059 Borgia
967 1000 1104 1044 erant
1126 996 1175 1043 in
1195 996 1463 1045 venatione.

231 1079 318 1128 Die
348 1079 514 1127 martis
539 1079 802 1143 sequentis,
828 1082 886 1127 23
913 1079 1027 1127 dicti
1052 1078 1233 1127 mensis
1253 1080 1480 1144 januarii,
1503 1080 1707 1131 visitavit
1734 1082 1784 1130 in
1805 1098 1944 1131 man-

164 1162 276 1211 tello
320 1163 422 1212 sine
461 1179 628 1227 cappa,
672 1178 783 1211 cum
823 1162 1062 1227 episcopis
1102 1162 1317 1211 Croiensi
1357 1167 1405 1211 et
1442 1163 1652 1212 Tudensi
1693 1165 1940 1226 duntaxat,

162 1246 288 1296 inter
320 1263 439 1310 quos
473 1246 701 1310 equitavit
732 1247 918 1294 medius
961 1247 1110 1310 (quod
1143 1252 1303 1295 tamen
1335 1247 1453 1294 mihi
1488 1264 1587 1295 non
1619 1249 1798 1312 placuit
1831 1250 1944 1313 quia

161 1330 251 1379 fuit
271 1331 395 1378 forte
415 1330 517 1379 sine
535 1346 687 1394 cappa
708 1330 972 1378 associatus
991 1347 1019 1378 a
1039 1330 1135 1378 suis
1158 1331 1436 1379 domesticis
1456 1331 1643 1392 amicis)
1668 1337 1779 1380 ante
1803 1349 1943 1396 pran-

161 1416 311 1476 dium,
345 1415 640 1464 cardinalem
671 1415 954 1463 Grimanum
983 1414 1305 1479 patriarcham
1333 1430 1502 1473 suum;
1532 1419 1642 1478 post
1668 1415 1940 1479 prandium,

161 1500 207 1549 in
243 1499 430 1549 eodem.
450 1500 700 1559 mantello,
730 1499 994 1548 associatus
1028 1503 1079 1547 ut
1109 1514 1269 1562 supra,
1293 1497 1493 1546 visitavit
1522 1497 1818 1546 cardinalem
1849 1502 1943 1548 Re-

161 1582 506 1632 chanatensem
537 1588 586 1632 et
611 1583 882 1631 Johannem
912 1582 962 1629 in
989 1582 1134 1640 lecto,
1168 1597 1279 1629 cum
1315 1586 1446 1629 esset
1476 1581 1715 1642 infirmus,
1747 1582 1941 1630 Colum-

161 1683 292 1727 nam,
323 1667 382 1715 de
414 1667 633 1727 Sabellis,
667 1667 964 1724 Cesarinum,
996 1665 1055 1721 de
1085 1664 1285 1713 Medicis
1317 1668 1365 1712 et
1396 1665 1695 1724 Farnesium,
1727 1666 1851 1714 unde
1882 1665 1943 1714 ad

160 1749 359 1798 domum
388 1766 525 1798 suam
551 1766 770 1799 reversus
798 1754 887 1798 est.
913 1748 1148 1812 Equitavit
1176 1748 1321 1796 etiam
1342 1748 1402 1796 ad
1424 1751 1525 1814 DD,
1551 1751 1823 1808 Estensem,
1848 1752 1941 1798 Be-

159 1837 498 1893 neventanum,
518 1850 557 1881 s.
577 1833 790 1881 Severini
809 1837 856 1882 et
871 1832 1131 1881 Ascanium
1148 1832 1597 1880 vicecancellarium
1614 1849 1820 1897 quorum
1837 1833 1941 1881 nul-

157 1913 231 1962 lus
253 1914 384 1963 domi
406 1920 526 1976 erat,
553 1919 600 1963 et
621 1915 915 1963 cardinalem
934 1932 973 1963 s.
997 1915 1169 1979 Angeli
1191 1916 1272 1978 qui
1291 1916 1577 1964 dormiebat.

225 1999 404 2047 Eadem
435 1999 530 2058 die,
560 2003 616 2047 19
650 1999 763 2047 dicti
791 1998 972 2048 mensis
999 1999 1227 2063 januarii,
1251 1999 1601 2048 illustrissimus
1629 2002 1686 2047 D.
1711 2000 1936 2065 princeps

159 2082 422 2146 Boguslaus
451 2082 738 2131 Stetinensis
767 2087 814 2131 et
842 2082 1230 2132 Pomeraniensis
1255 2083 1368 2142 dux,
1393 2083 1443 2130 in
1472 2099 1632 2143 mane,
1657 2083 1858 2132 recessit
1877 2084 1936 2132 ab

158 2166 284 2214 Urbe
318 2166 379 2214 ad
407 2166 612 2230 patriam
650 2182 785 2214 suam
823 2167 1091 2227 rediturus,
1125 2166 1391 2234 associatus
1425 2167 1484 2214 ab
1517 2166 1840 2215 illustrissimo
1874 2171 1933 2216 D.

158 2249 391 2309 Henrico,
426 2249 549 2299 duce
590 2250 959 2310 Brunswicensi,
994 2252 1050 2298 D.
1087 2250 1348 2298 Philiberto
1387 2250 1635 2310 Naturelli,
1667 2251 1935 2299 oratoribus

156 2333 453 2382 serenissimi
483 2337 813 2383 Romanorum
840 2334 987 2398 regis,
1017 2339 1065 2382 et
1090 2333 1306 2398 pluribus
1333 2334 1438 2382 aliis
1465 2334 1744 2394 curialibus,
1767 2334 1936 2384 amicis

155 2419 270 2467 suis.

222 2503 449 2563 Sabbato,
482 2507 539 2551 27
564 2503 678 2551 dicti
706 2503 887 2552 mensis
908 2503 1134 2568 januarii,
1166 2508 1274 2568 post
1296 2503 1467 2551 horam
1487 2519 1815 2569 vesperarum,
1848 2521 1934 2568 per

155 2591 343 2651 portam
363 2586 605 2646 Viridarii,
631 2586 821 2634 intravit
842 2587 1021 2635 Urbem
1042 2587 1330 2650 magnificus
1357 2588 1522 2646 Bonzi,
1544 2589 1792 2651 utriusque
1809 2588 1930 2652 juris

153 2669 339 2730 doctor,
362 2674 524 2719 orator
544 2670 789 2739 magnifici
811 2669 1012 2718 dominii
1034 2670 1295 2719 Florentini
1314 2671 1374 2718 ad
1395 2673 1479 2719 SS.
1503 2673 1559 2718 D.
1582 2676 1802 2719 nostrum
1820 2672 1931 2719 des-

152 2752 349 2812 tinatus,
372 2754 450 2817 qui
481 2758 702 2818 receptus
729 2754 818 2802 fuit
845 2770 873 2802 a
897 2754 1090 2802 familiis
1118 2757 1174 2802 D.
1200 2757 1256 2803 N.
1277 2771 1400 2819 pape
1426 2759 1472 2802 et
1498 2754 1714 2802 omnium
1744 2757 1932 2802 RRmo-

152 2854 276 2886 rum.
304 2837 638 2898 cardinalium,
663 2843 712 2888 et
732 2854 884 2902 usque
911 2838 972 2886 ad
996 2839 1261 2902 hospitium
1290 2855 1428 2887 suum
1455 2838 1515 2886 ab
1537 2837 1607 2885 eis
1631 2837 1766 2887 more
1788 2838 1928 2887 solito

153 2922 434 2970 associatus.
457 2925 558 2986 Ego
575 2939 672 2971 non
694 2922 906 2983 interfui,
929 2922 1015 2971 sed
1036 2922 1377 2982 Bernardinus,
1402 2922 1563 2970 socius
1578 2937 1715 2970 meus
1735 2938 1744 2969 :
1763 2922 1928 2986 hospi-

154 3008 278 3052 tatus
299 3010 370 3053 est
391 3007 436 3054 in
460 3006 604 3055 domo
623 3007 683 3056 de
704 3006 958 3067 MarceHis,
985 3023 1127 3072 supra
1147 3007 1346 3067 flumen,
1368 3007 1506 3071 juxta
1523 3005 1719 3055 domum
1740 3006 1928 3069 magni-

151 3086 229 3134 fici
251 3089 440 3137 comitis
460 3090 777 3139 Mirandulani
801 3091 813 3143 (
828 3090 882 3155 t).

217 3171 357 3219 Feria
377 3172 532 3232 tertia,
555 3176 615 3221 30
639 3174 752 3222 dicti
783 3174 962 3223 mensis
985 3173 1210 3237 januarii,
1235 3189 1409 3237 corpus
1431 3173 1528 3221 sive
1550 3172 1752 3220 cadaver
1771 3169 1922 3218 felicis

152 3253 497 3303 recordationis
519 3257 784 3306 Innocentii
806 3273 926 3321 pape
948 3257 1098 3305 octavi
1129 3257 1275 3321 quod,
1300 3260 1408 3320 post
1434 3256 1538 3319 ejus
1566 3254 1751 3302 obitum
1773 3253 1923 3318 depo-

201 3438 234 3475 1.
264 3435 355 3486 Voy.
379 3437 531 3482 Sanuto,
554 3442 580 3477 t.
604 3437 630 3484 I,
653 3436 720 3477 col.
742 3438 826 3475 863.
