2202 3900
173 320 270 361 [suin
292 317 386 355 1497]
615 310 784 348 RERUM
818 310 1121 347 URBANARUM
1157 310 1505 349 COMMENTARII.
1884 310 1957 351 385

176 425 233 470 D.
272 423 459 478 PetrUS,
493 416 674 465 electus
711 415 898 480 Regini,
923 402 1071 463 *Urbis
1102 414 1414 478 gubernator,
1445 418 1735 474 commotus,
1769 416 1956 478 accepit

176 503 472 552 intorticium
512 517 538 550 e
572 498 793 547 manibus
831 500 886 546 D.
922 497 1071 546 Ulixis
1105 496 1401 555 Lanciarini,
1435 496 1578 544 unius
1618 512 1675 545 ex
1714 497 1956 561 magistris

179 586 600 652 supplicationum,
638 587 686 631 et
723 581 838 630 illud
882 582 931 628 in
975 585 1150 629 terram
1188 579 1391 644 projecit
1426 579 1482 628 ‘ac
1521 580 1724 644 pedibus
1763 579 1959 629 calcavit

176 669 590 727 indiscretissime,
616 682 727 714 cum
750 681 927 730 magna
947 665 1164 713 omnium
1182 668 1315 723 nota,
1341 679 1397 712 ac
1426 664 1585 727 ipsum
1610 666 1665 712 D.
1693 664 1880 713 Ulixem
1899 680 1956 713 ac

179 759 235 804 D.
259 758 453 803 Petrum
474 750 627 800 Colini
645 755 693 798 et
713 748 1047 813 Prigentinum
1068 748 1264 807 Natalis,
1291 747 1502 811 collegas
1525 764 1656 807 suos,
1681 748 1762 812 qui
1791 764 1959 797 secum

182 844 336 899 erant,
368 841 503 886 extra
541 835 906 898 processionem
939 833 1267 881 inhumaniter
1300 831 1465 880 trudit.
1497 834 1554 879 D.
1590 836 1752 880 autem
1784 835 1964 881 Lucam

186 925 424 982 Dulcium,
453 923 739 987 magistrum
773 918 963 982 registri
982 918 1221 966 bullarum
1251 919 1365 967 dicti
1402 921 1458 966 D.
1489 917 1745 976 Fernandi,
1781 917 1967 965 socium

186 1011 235 1057 in
267 1023 355 1056 suo
386 1007 494 1055 loco
527 1004 724 1062 dimisit,
749 1003 830 1066 qui
860 1002 1058 1050 incessit
1088 1007 1196 1065 post
1228 1003 1489 1066 scriptores
1516 1000 1761 1066 predictos
1786 1005 1833 1049 et
1857 1006 1967 1049 ante

189 1090 548 1139 abbreviatores
571 1088 630 1135 de
652 1102 796 1151 parco
817 1086 1009 1150 majori,
1034 1086 1230 1135 nemine
1253 1086 1634 1144 contradicente,
1653 1100 1798 1148 quem
1818 1083 1970 1131 secuti

189 1178 299 1223 sunt
331 1171 685 1221 abbreviatores
721 1169 926 1234 predicti
960 1173 1007 1217 et
1042 1169 1167 1229 illos,
1202 1170 1483 1229 bullatores,
1518 1168 1736 1232 magistri
1765 1167 1967 1230 plumbi,

190 1257 435 1307 secretarii
466 1260 514 1304 et
546 1254 761 1303 advocati
795 1252 999 1312 mixtim,
1029 1253 1310 1300 cubicularii
1346 1258 1482 1302 extra
1517 1267 1764 1300 cameram
1794 1256 1842 1300 et
1872 1251 1970 1310 alii,

191 1358 326 1391 more
355 1340 511 1389 solito.
538 1338 790 1387 Processio
816 1336 945 1386 venit
976 1353 1127 1400 usque
1160 1336 1221 1384 ad
1250 1322 1498 1400 angulumx
1517 1336 1688 1384 domus
1718 1335 1844 1384 bone
1871 1352 1975 1384 me-

193 1425 346 1474 morie
368 1422 624 1472 cardinalis
639 1421 920 1480 Aleriensis,
940 1420 1160 1490 indehper
1182 1425 1507 1469 transversum
1527 1425 1679 1485 usque
1699 1422 1760 1470 ad
1778 1421 1976 1469 domum

193 1503 450 1558 cardinalis
473 1523 512 1554 s.
539 1504 798 1555 Clementis
821 1509 868 1552 et
888 1520 975 1568 per
994 1505 1118 1552 viam
1147 1507 1374 1553 Sanctam
1401 1505 1462 1553 ad
1485 1505 1736 1554 basilicam
1759 1523 1797 1554 s.
1823 1505 1974 1564 Petri3

196 1597 363 1642 Rmus.
405 1593 462 1639 D.
505 1588 762 1638 cardinalis
797 1588 1056 1636 Perusinus
1088 1587 1421 1637 celebraturus
1459 1588 1587 1637 venit
1621 1589 1668 1636 in
1702 1588 1979 1653 processio-

197 1691 328 1735 nem,
352 1675 402 1722 in
421 1675 530 1723 loco
550 1689 656 1732 suo,
682 1689 834 1736 usque
857 1672 918 1720 ad
938 1672 1137 1720 domum
1156 1672 1411 1721 cardinalis
1434 1689 1472 1720 s.
1497 1672 1780 1731 Clementis3
1806 1672 1980 1721 deinde

199 1758 417 1823 pervenit
454 1758 515 1805 ad
555 1756 803 1804 basilicam
841 1756 1127 1819 predictam,
1159 1756 1238 1803 ubi
1273 1756 1458 1820 accepit
1496 1761 1780 1820 paramenta
1821 1757 1977 1805 solita.

203 1846 332 1906 Papa
348 1840 554 1906 portavit
575 1844 951 1899 sacramentum,
975 1839 1025 1887 in
1052 1840 1166 1888 sede
1193 1841 1367 1888 sedens
1396 1839 1484 1888 sub
1515 1840 1821 1901 baldachino,
1846 1857 1982 1889 more

203 1926 362 1975 solito.
398 1928 527 1989 Papa
565 1924 806 1973 concessit
835 1924 1157 1987 indulgentias
1199 1928 1384 1987 septem
1426 1939 1662 1972 annorum
1697 1928 1744 1972 et
1783 1923 1983 1972 totidem

204 2010 622 2074 quadragenarum
644 2024 781 2071 quas,
805 2007 941 2055 finita
967 2008 1132 2067 missa,
1156 2007 1270 2056 licet
1291 2023 1378 2071 per
1395 2007 1677 2071 pontificem
1703 2008 1853 2067 datas,
1880 2024 1986 2055 car-

204 2094 375 2142 dinalis
413 2092 672 2141 Perusinus
703 2091 953 2140 celebrans
984 2091 1238 2155 publicavit
1270 2108 1278 2138 :
1310 2090 1402 2138 alia
1435 2091 1686 2139 observata
1714 2095 1824 2139 sunt
1849 2106 1984 2139 more

206 2178 363 2226 solito.

270 2260 539 2319 Dominica,
574 2263 600 2307 4
630 2259 812 2308 mensis
837 2259 979 2323 junii,
1005 2262 1060 2307 R.
1092 2259 1142 2306 in
1173 2259 1364 2308 Christo
1396 2262 1448 2309 P.
1484 2264 1541 2310 D.
1575 2263 1763 2320 Petrus,
1798 2261 1988 2309 archie-

207 2345 435 2410 piscopus
463 2344 691 2408 Reginus,
716 2344 841 2391 alme
867 2343 1006 2391 Urbis
1028 2344 1339 2407 gubernator,
1372 2332 1468 2393 una
1495 2361 1606 2394 cum
1630 2351 1837 2409 quatuor
1863 2346 1986 2404 aliis,

209 2432 520 2478 consecratus
541 2427 627 2476 fuit
646 2427 692 2475 in
714 2427 898 2491 capella
915 2428 1100 2491 majore
1121 2428 1284 2491 palatii
1307 2429 1558 2492 apostolici
1577 2429 1704 2493 apud
1726 2446 1764 2477 s.
1794 2432 1989 2478 Petrum

210 2529 295 2578 per
318 2517 373 2561 R.
403 2515 456 2560 D.
482 2511 898 2571 Bartholomeum,
922 2511 1342 2576 archiepiscopum
1374 2514 1708 2574 Cusentinum,
1738 2516 1820 2562 SS.
1846 2516 1903 2561 D.
1929 2515 1986 2560 N.

211 2612 334 2661 pape
353 2595 683 2655 secretarium,
701 2598 842 2659 prout
862 2595 910 2642 in
930 2595 1199 2659 protocollo
1218 2611 1328 2644 meo
1348 2597 1735 2645 ceremoniarum
1751 2597 1988 2645 adnotavi.

214 2681 360 2728 Missa
383 2679 535 2739 finita,
565 2682 622 2727 D.
655 2678 948 2742 gubernator
974 2678 1055 2742 qui
1079 2679 1275 2728 domum
1304 2679 1565 2729 residentia
1594 2697 1679 2729 sue
1712 2681 1995 2730 solemniter

214 2779 269 2812 ac
289 2777 524 2828 pompose
543 2767 789 2826 paraverat
807 2778 917 2811 cum
938 2763 1110 2827 pannis
1130 2769 1177 2811 et
1195 2762 1343 2811 auleis
1361 2768 1408 2812 et
1428 2764 1675 2812 credentia
1690 2770 1991 2829 sumptuosa,

216 2846 345 2896 dedit
364 2845 619 2911 prandium
640 2845 828 2894 duobus
860 2861 919 2895 ex
946 2861 1112 2894 secum
1144 2847 1460 2906 consecratiS,
1482 2834 1703 2896 videlicet
1734 2848 1995 2913 Spoletano

215 2936 263 2981 et
295 2929 488 2979 Clusino
522 2929 779 2994 episcopis,
817 2930 896 2994 qui
928 2936 1091 2978 tamen
1120 2946 1357 2995 expensas
1386 2932 1573 2995 prandii
1600 2932 1879 2997 hujusmodi
1907 2947 1996 2995 pro

219 3029 387 3064 eorum
403 3018 506 3063 rata
527 3015 788 3073 solverunt,
808 3018 854 3063 et
871 3003 1113 3062 nonnullis
1136 3014 1238 3062 aliis
1259 3015 1455 3079 prelatis
1474 3032 1561 3080 pro
1584 3017 1757 3080 quibus
1773 3016 1997 3065 omnibus

219 3103 384 3162 parate
407 3097 600 3147 fuerunt
623 3098 673 3146 in
694 3098 801 3146 aula
823 3097 949 3147 dicte
972 3097 1145 3146 domus
1169 3098 1262 3146 due
1284 3115 1451 3148 mense
1472 3099 1616 3163 longe
1636 3117 1728 3162 que
1750 3100 1799 3147 in
1821 3099 1996 3163 angulo

221 3181 281 3228 ad
307 3180 553 3228 dexteram
580 3181 801 3230 intrantis
829 3182 989 3230 aulam
1020 3182 1452 3246 conjungebantur,
1478 3183 1697 3230 videlicet
1722 3199 1817 3231 una
1845 3184 1892 3230 in
1918 3199 1999 3231 ca-

220 3264 316 3328 pite
345 3263 452 3311 aule
480 3264 605 3314 dicte
635 3268 682 3312 et
708 3265 801 3313 alia
826 3282 912 3330 per
936 3266 1137 3330 longum
1163 3266 1223 3314 ad
1249 3266 1427 3314 dictam
1461 3266 1727 3314 dexteram.
1756 3266 1999 3315 Sedebant

224 3353 386 3396 autem
407 3347 456 3394 in
478 3347 616 3395 dictis
638 3349 817 3397 mensis
837 3349 931 3397 hoc
959 3349 1126 3398 ordine
1150 3365 1160 3397 :
1186 3350 1235 3397 in
1263 3350 1418 3413 capite
1445 3349 1598 3412 prime
1622 3366 1808 3410 mense,
1834 3367 1929 3398 non
1953 3351 2001 3397 in

227 3431 359 3492 sede,
385 3430 470 3479 sed
491 3431 538 3478 in
559 3430 731 3489 banco,
749 3432 886 3496 juxta
900 3424 1106 3492 murum,
1126 3432 1651 3497 seditarchiepiscopus
1673 3437 1999 3488 conservator,

417 3544 449 3569 τ.
478 3544 514 3568 11.
1769 3534 1815 3569 25
