2202 3926
319 323 390 360 114
930 326 949 362 J
955 327 1117 363 OHANN
1121 327 1164 365 IS
1198 327 1494 376 BURCHARDI,
1877 330 1987 372 [Avril
2003 334 2096 374 1494]

386 425 550 475 Clerus
577 427 918 491 Neapolitanus
948 446 1058 479 cum
1085 431 1390 496 religiosis‘in
1413 431 1619 480 ecclesia
1641 430 1956 494 Neapolitana
1976 450 2095 483 con-

318 511 610 575 gregabitur,
636 528 695 561 ex
721 529 831 577 qua,
854 514 976 563 hora
1002 515 1178 576 debita,
1202 515 1496 580 precedente
1521 514 1768 563 dumtaxat
1795 530 1938 564 cruce
1961 518 2092 583 ejus-

319 595 429 643 dem
459 596 680 657 ecclesie,
707 597 875 646 ordine
906 598 1227 662 infrascripto,
1257 598 1414 646 veniat
1439 613 1589 661 usque
1616 598 1677 645 ad
1698 603 1889 662 portam
1915 602 2096 663 Capua-

317 695 430 727 nam
455 680 534 727 ubi
569 696 619 727 se
649 685 801 728 vertat
830 682 1076 744 processio
1103 699 1113 739 3
1143 681 1208 729 ita
1239 681 1370 745 quod
1397 681 1668 741 inferiores,
1688 681 1909 732 videlicet
1937 683 2094 747 primo

314 762 612 823 incedentes,
639 762 733 811 sint
752 763 875 811 versi
897 764 958 812 ad
978 764 1234 813 ecclesiam
1248 764 1632 829 Neapolitanam,
1652 770 1699 814 et
1716 765 1871 815 clerus
1887 767 2093 828 ecclesie

314 846 645 910 Neapolitane,
670 847 892 896 videlicet
913 848 1306 913 archiepiscopus
1336 864 1447 897 cum
1469 849 1714 898 canonicis
1743 853 1791 898 et
1811 850 1915 897 aliis
1939 852 2093 915 majo-

316 927 446 978 ribus
495 929 767 991 dumtaxat,
810 931 905 980 sint
939 949 1089 997 prope
1129 938 1320 997 portam
1361 933 1647 998 predictam.
1686 933 2094 999 Archiep1scopus

314 1015 658 1079 ,Neapolitanus
689 1020 883 1080 paratus
915 1016 1004 1065 erit
1037 1017 1236 1078 amictu,
1268 1017 1375 1066 alba
1408 1021 1456 1066 et
1487 1018 1696 1082 cingulo,
1732 1017 1870 1078 stola,
1900 1016 2093 1082 pluviali

315 1102 362 1147 et
398 1099 541 1147 mitra
575 1099 826 1163 preciosis,
870 1104 919 1148 et
953 1101 1317 1164 processionem
1357 1101 1632 1161 concludat,
1677 1117 1823 1165 quem
1863 1101 2094 1166 precedat

314 1199 435 1231 unus
470 1183 730 1232 canonicus
764 1184 1110 1249 Neapolitanus
1141 1186 1477 1251 superpellicio
1505 1186 1719 1247 indutus,
1754 1186 1834 1249 qui
1867 1186 2092 1235 baculum

311 1268 602 1333 pastoralem
624 1273 735 1318 ante
755 1269 914 1333 ipsum
936 1270 1143 1330 deferat3
1169 1275 1217 1319 et
1235 1271 1354 1319 alius
1376 1270 1656 1330 canonicuS,
1682 1271 1829 1319 etiam
1850 1270 1900 1318 in
1921 1286 2092 1334 super-

309 1351 518 1417 pellicio,
548 1369 741 1402 crucem
760 1354 969 1418 portabit
991 1355 1094 1404 sine
1115 1354 1287 1403 baculo
1319 1355 1483 1419 legato·
1506 1355 1567 1403 ad
1592 1354 1812 1403 osculum
1833 1353 2089 1419 porrigen-

311 1437 450 1496 dam3
476 1442 524 1486 et
555 1438 649 1486 duo
681 1438 758 1486 alii
784 1438 1020 1499 canonici,
1049 1443 1098 1487 ut
1128 1455 1273 1503 supra
1298 1439 1468 1498 induti,
1493 1439 1608 1487 hinc
1637 1442 1683 1488 et
1710 1438 1823 1487 inde
1857 1437 2089 1503 gremiale

309 1525 419 1570 ante
440 1521 861 1586 archiepiscopum
883 1526 1106 1571 tenentes
1136 1528 1184 1571 et
1210 1522 1425 1572 fimbrias
1454 1522 1724 1572 anteriores
1745 1522 1966 1587 pluvialis
1986 1521 2086 1571 ele-

308 1611 492 1666 vantes,
517 1606 934 1671 archiepiscopum
955 1607 1081 1656 inter
1102 1623 1152 1656 se
1174 1607 1390 1655 medium
1412 1606 1738 1656 associabunt.

376 1690 473 1739 Sub
512 1690 728 1754 predicta
765 1696 905 1755 porta
940 1691 1141 1740 civitatis
1176 1691 1507 1756 Neapolitane,
1541 1693 1767 1755 Capuana
1785 1693 2080 1755 nuncupata,

309 1779 533 1839 paratum
555 1774 646 1823 erit
665 1773 1008 1822 baldachinum
1029 1790 1117 1838 pro
1137 1774 1314 1839 legato.

379 1858 574 1907 Nobiles
596 1858 908 1922 Neapolitane
933 1858 1120 1906 sedium
1141 1857 1349 1917 illarum,
1374 1861 1483 1907 ante
1501 1873 1620 1921 quas
1639 1856 1826 1921 legatus
1848 1856 1938 1906 erit
1956 1862 2086 1906 tran-

314 1943 511 2002 siturUS,
530 1942 589 1990 ad
603 1941 893 2006 portandum
912 1941 1252 1990 baldachinum
1267 1941 1446 1991 ibidem
1460 1941 1613 2006 parati
1631 1945 1789 2002 erunt,
1811 1945 1858 1990 et
1871 1941 2085 2006 legatum

311 2028 649 2091 expectabunt.

373 2114 554 2175 Legato
586 2109 911 2165 supradictam
941 2114 1132 2173 portam
1165 2125 1432 2174 capuanam
1463 2109 1592 2159 dicte
1623 2108 1822 2158 civitatis
1850 2109 2078 2169 intrante,

308 2191 722 2255 archiepiscopus,
748 2191 940 2241 detecto
969 2193 1143 2257 capite,
1170 2194 1298 2242 facta
1323 2193 1415 2242 sibi
1436 2193 1569 2257 prius
1597 2192 1867 2242 reverentia
1887 2209 2083 2242 crucem

309 2275 479 2324 offerat
500 2273 830 2336 osculandam,
857 2291 915 2324 ea
933 2276 1066 2340 prius
1083 2276 1341 2345 panniculo
1363 2281 1509 2336 tersa,
1535 2281 1583 2325 et
1600 2276 1858 2341 panniculo
1878 2261 2082 2325 deoscu-

306 2358 421 2407 lato.
457 2361 681 2422 Legatus,
705 2359 901 2407 invitato
934 2360 1064 2423 prius
1098 2360 1158 2407 ad
1183 2359 1497 2408 osculandum
1526 2376 1662 2424 rege,
1686 2376 1880 2409 crucem
1905 2359 2077 2424 ipsam,

309 2444 499 2492 detecto
527 2444 702 2508 capite,
728 2460 787 2493 ex
811 2460 935 2507 equo
957 2447 1236 2493 reverenter
1255 2443 1563 2493 osculabitur.
1589 2447 1707 2503 Rex,
1732 2447 1843 2492 ante
1864 2459 2078 2503 crucem,

308 2526 463 2591 ipsam
484 2543 582 2575 non
611 2528 906 2576 osculabitur
935 2543 945 2575 ε
977 2533 1080 2575 tum
1106 2527 1291 2576 dicatur
1317 2526 1581 2591 antiphona
1607 2526 1836 2574 Sacerdos
1864 2533 1910 2573 et
1917 2526 2082 2590 ponti-

305 2612 394 2675 fex
414 2619 497 2659 etc.
523 2612 901 2676 Responsorium
926 2627 935 2659 :
959 2611 1085 2659 Ecce
1112 2611 1324 2659 sacerdos
1345 2627 1550 2676 maymcs
1577 2618 1682 2671 etc„
1707 2625 1819 2659 cum
1844 2609 2080 2658 versiculo

307 2698 355 2742 et
379 2693 539 2743 Gloria
557 2696 706 2759 patri,
735 2694 798 2743 Te
819 2695 977 2743 Deum
1001 2695 1267 2755 laudamus,
1290 2697 1508 2759 Hymnus
1527 2693 1615 2742 Ad
1631 2710 1795 2742 cenam
1813 2692 1858 2741 Α
1864 2693 1953 2757 qni
1961 2708 2080 2756 pro-

306 2777 399 2825 vidi
423 2786 509 2826 etc.
535 2782 740 2843 Legatus
769 2782 815 2828 et
841 2795 925 2827 rex
946 2779 1090 2827 simul
1116 2779 1204 2828 sub
1231 2778 1520 2826 baldachino
1547 2776 1828 2840 equitabunt
1856 2791 1885 2823 a
1910 2790 2079 2839 supra-

305 2861 434 2909 dicta
458 2866 599 2925 porta
626 2866 850 2927 Capuana
881 2879 1033 2927 usque
1063 2863 1124 2911 ad
1153 2861 1408 2911 ecclesiam
1434 2860 1817 2924 Neapolitanam.
1843 2861 2077 2907 Pervento

306 2945 366 2992 ad
402 2945 865 3010 archiepiscopalem
898 2946 1154 2995 ecclesiam
1187 2944 1567 3008 Neapolitanam,
1593 2941 2001 3005 archiepiscopus,
2026 2944 2078 2989 ut

307 3044 449 3091 supra
492 3035 704 3093 paratus,
754 3033 892 3077 Rmo.
936 3030 1096 3092 legato
1141 3028 1319 3077 dictam
1360 3026 1617 3076 ecclesiam
1661 3023 1855 3071 intranti
1906 3023 2077 3072 offerat

308 3113 634 3174 aspersorium
665 3129 776 3162 cum
814 3129 938 3176 aqua
966 3112 1239 3172 benedicta,
1276 3127 1333 3161 eo
1364 3110 1496 3174 prius
1529 3107 1836 3167 deosculat03
1865 3107 2073 3171 legatu8‚

305 3200 501 3259 recepto
547 3196 842 3261 aspersorio,
885 3195 1040 3259 primo
1086 3210 1275 3259 regem,
1315 3194 1487 3242 deinde
1531 3208 1606 3252 se,
1648 3195 1819 3256 postea
1860 3190 2073 3254 prelatos

306 3294 474 3327 omnes
493 3285 540 3328 et
561 3282 680 3328 alios
707 3283 946 3344 aspergat.
978 3281 1097 3326 Tum
1127 3295 1250 3327 unus
1271 3277 1612 3327 canonicorum
1633 3275 1847 3340 predicte
1868 3273 2075 3323 ecclesie

305 3362 619 3422 thuribulum,
657 3369 704 3411 et
742 3364 954 3428 prefatus
1000 3362 1391 3427 archiepiscopus
1433 3360 1701 3409 naviculam
1738 3357 1923 3407 incensi
1963 3372 2074 3405 cum

305 3444 526 3505 cocleari,
571 3445 696 3508 quod
732 3446 862 3508 prius
896 3444 1217 3504 deosculetur,
1258 3445 1417 3508 legato
1454 3443 1677 3502 offerant,
1712 3440 2074 3505 archiepiscopo
