2216 3886
162 346 376 388 [Juin1498]
615 344 784 382 RERUM
815 342 1117 381 URRANARUM
1145 342 1496 380 COMMENTARII.
1885 346 1956 382 489

228 448 408 496 Eadem
429 447 506 496 die
527 447 776 507 mercurii,
811 450 866 496 13
883 446 1025 510 junii,
1051 445 1098 493 in
1121 461 1281 506 mane,
1307 446 1509 495 recessit
1539 461 1598 495 ex
1627 447 1753 495 Urbe
1776 450 1949 496 Rmus,

163 537 220 582 D.
255 532 510 581 cardinalis
541 534 600 582 de
635 531 811 596 Borgia
839 531 989 579 iturus
1017 529 1265 578 Perusiam
1295 528 1356 577 ad
1384 529 1680 592 legationem
1714 545 1870 588 suam,
1907 535 1955 579 et

162 633 273 664 cum
300 632 358 666 eo
396 620 453 665 D.
484 616 769 665 Franciscus
797 614 1014 673 Brevius,
1050 613 1230 662 electus
1258 613 1561 673 Cenetensis,
1594 618 1642 662 et
1675 613 1838 678 plures
1875 614 1952 664 alii

159 700 347 764 prelati,
369 716 396 749 a
416 700 515 748 suis
538 704 725 749 tantum
746 698 1029 748 associatus,

228 783 366 832 Feria
393 784 575 847 quinta,
613 786 672 831 28
703 783 816 830 dicti
845 782 1026 831 mensis
1051 781 1192 845 junii,
1227 781 1351 830 festo
1383 781 1698 830 sacratissimi
1733 785 1951 848 corporis

164 867 358 927 Christi,
391 867 440 914 in
467 881 628 925 mane,
662 865 791 914 circa
817 865 988 912 horam
1013 863 1321 911 undecimam
1351 863 1572 912 ordinata
1600 869 1673 912 est
1704 866 1954 928 processio

163 967 250 1015 per
282 954 474 999 Rmum.
510 952 566 998 D.
591 949 888 998 cardinalem
913 964 951 995 s.
983 947 1194 1010 Georgii,
1230 947 1567 1006 camerarium,
1592 950 1727 995 extra
1765 952 1956 1011 portam

162 1035 343 1098 palatii,
379 1047 515 1080 more
551 1034 719 1091 solito;
759 1031 979 1080 videlicet
1007 1030 1243 1095 precessit
1273 1030 1520 1095 processio
1554 1030 1670 1079 cleri
1700 1032 1858 1091 Urbis,
1895 1033 1954 1082 de

162 1119 389 1166 mandato
423 1121 569 1182 Pape,
602 1120 818 1165 nostram
851 1114 1149 1173 immediate,
1184 1114 1250 1162 ita
1282 1114 1411 1178 quod
1441 1114 1524 1162 illa
1553 1118 1601 1162 et
1633 1118 1798 1163 nostra
1826 1120 1957 1164 esset

164 1201 337 1251 eadem
361 1201 626 1265 processio.
659 1203 773 1248 Post
802 1198 933 1246 illam
956 1198 1240 1247 collectores
1261 1197 1463 1262 plumbi,
1487 1197 1826 1252 sollicitatores
1846 1198 1956 1248 lite-

164 1302 327 1335 rarum
357 1285 748 1349 apostolicarum,
782 1283 956 1331 notarii
986 1282 1232 1330 auditores
1260 1297 1471 1342 camere,
1506 1281 1678 1330 notarii
1713 1281 1956 1332 auditores

165 1375 286 1429 rote,
311 1374 651 1434 procuratores
672 1366 1010 1432 penitentiarie
1033 1366 1314 1430 apostolice,
1342 1368 1683 1429 procuratores
1709 1366 1955 1416 audientie

166 1453 596 1510 contradictarum,
626 1451 872 1500 auditores
901 1450 961 1498 de
985 1450 1143 1514 prima
1164 1449 1347 1498 visione
1373 1453 1421 1498 et
1441 1465 1589 1513 parco
1621 1450 1795 1514 majori
1820 1466 1831 1498 :
1856 1466 1954 1498 non

165 1539 401 1585 venerunt
429 1534 686 1599 scriptores
712 1533 1050 1599 penitentiarie
1082 1533 1363 1597 apostolice,
1395 1533 1656 1596 scriptores
1683 1534 1951 1597 apostolici,

167 1619 383 1684 magistri
404 1619 654 1683 utriusque
681 1617 895 1682 registri;
927 1617 986 1666 de
1014 1617 1241 1665 mandato
1264 1618 1349 1665 SS.
1381 1619 1438 1665 D.
1464 1619 1522 1665 N.
1545 1633 1668 1682 pape
1690 1633 1787 1665 non
1807 1617 1956 1666 inter-

169 1703 381 1751 fuerunt.
415 1705 527 1751 Post
557 1703 818 1767 scriptores
848 1702 1141 1766 apostolicos
1170 1701 1477 1750 incesserunt
1509 1701 1865 1750 abbreviatores
1894 1702 1954 1750 de

171 1801 316 1850 parco
343 1785 516 1850 majori
539 1802 549 1833 z
574 1785 1006 1843 rescribendariuS,
1033 1789 1318 1849 procurator
1341 1789 1389 1833 et
1409 1789 1714 1849 computator
1739 1785 1955 1834 incesse-

172 1874 282 1918 runt
301 1873 410 1934 post
431 1869 691 1933 scriptores
714 1874 762 1918 et
782 1868 1140 1917 abbreviatores
1164 1869 1426 1932 predictos,
1450 1884 1546 1917 non
1566 1869 1752 1918 laterali
1780 1874 1833 1917 ut
1853 1869 1950 1929 alii,

171 1954 256 2001 sed
285 1953 335 2000 in
367 1952 527 2001 medio
559 1953 650 2014 vie,
687 1957 739 2001 ut
770 1953 1034 2001 bestialitas
1065 1967 1235 2001 eorum
1262 1953 1414 2017 possit
1439 1953 1612 2002 melius
1639 1953 1698 2002 ab
1732 1954 1836 2002 aliis
1870 1969 1954 2002 co-

169 2035 338 2101 gnosci
360 2040 408 2084 et
427 2036 648 2101 intelligi.
669 2036 1041 2086 Abbreviatores
1062 2036 1304 2100 predictos
1325 2037 1514 2100 sequuti
1538 2042 1648 2086 sunt
1668 2035 1952 2094 bullatores,

170 2119 388 2184 magistri
419 2119 622 2183 plumbi,
658 2120 905 2170 secretarii
939 2124 987 2169 et
1018 2120 1233 2169 advocati
1265 2120 1471 2181 mixtim,
1508 2120 1786 2170 cubicularii
1820 2124 1956 2169 extra

170 2220 414 2255 cameram
442 2210 488 2254 et
518 2206 616 2265 alii,
645 2205 814 2254 ordine
842 2222 930 2253 suo
959 2209 1210 2255 consueto.
1238 2206 1491 2255 Processio
1515 2205 1644 2254 venit
1670 2205 1732 2253 ad
1758 2204 1954 2253 domum

172 2289 296 2337 Rmi.
323 2293 380 2338 D.
412 2289 669 2340 cardinalis
698 2306 736 2337 s.
770 2289 1052 2349 Clementis,
1082 2293 1130 2338 et
1156 2305 1243 2354 per
1267 2290 1393 2339 viam
1420 2289 1552 2338 illam
1581 2290 1807 2337 Sanctam
1833 2288 1960 2336 venit

172 2374 232 2421 ad
259 2373 509 2422 basilicam
538 2390 576 2421 s.
609 2372 752 2421 Petri.
786 2374 950 2420 Rmus.
982 2375 1040 2420 D.
1071 2373 1326 2421 cardinalis
1354 2373 1701 2433 celebraturus,
1734 2372 1899 2421 nescio
1922 2373 1961 2421 si

171 2457 300 2505 venit
331 2472 419 2520 per
451 2457 663 2520 aliquam
694 2461 883 2520 partem
915 2457 1267 2520 processionis3
1305 2457 1452 2506 credo
1473 2460 1647 2506 'tamen
1682 2457 1811 2520 quod
1842 2472 1958 2517 non,

176 2539 261 2587 sed
280 2540 410 2603 quod
433 2543 562 2603 Papa
585 2539 647 2587 ad
669 2539 846 2603 palatio
868 2538 1197 2587 descendente
1227 2539 1286 2587 ad
1306 2539 1690 2603 processionem,
1720 2539 1823 2602 ipse
1850 2538 1962 2586 des-

175 2622 338 2671 cendit
356 2622 419 2670 ad
438 2621 687 2670 basilicam
714 2622 982 2685 predictam
1003 2626 1051 2670 et
1072 2622 1258 2685 accepit
1278 2627 1577 2686 paramenta.
1610 2625 1740 2686 Papa
1758 2623 1962 2686 portavit

176 2710 532 2754 sacramentum
553 2721 581 2753 a
600 2720 744 2769 parva
771 2704 956 2768 capella
982 2704 1030 2752 in
1058 2705 1236 2763 aulam,
1267 2705 1457 2754 detecto
1486 2705 1642 2769 capite
1669 2704 1781 2754 inde
1807 2706 1962 2755 bireto

176 2794 371 2853 recepto
393 2790 454 2837 ad
472 2788 623 2853 pedes
656 2789 893 2837 scalarum
916 2788 1014 2847 ubi,
1039 2793 1236 2852 recepta
1256 2789 1398 2836 mitra
1419 2788 1504 2837 suit
1523 2789 1572 2837 in
1601 2789 1716 2838 sede
1738 2805 1824 2838 sua
1844 2806 1963 2838 con-

176 2877 314 2921 sueta
337 2876 554 2937 portatus
578 2888 728 2936 usque
750 2871 811 2920 ad
832 2871 1082 2920 basilicam
1111 2872 1407 2936 predictam;
1432 2872 1531 2932 ubi,
1558 2888 1670 2921 cum
1700 2878 1830 2922 esset
1851 2878 1962 2922 ante

179 2956 330 3005 altare
365 2957 540 3021 majus,
579 2960 840 3020 antequam
880 2955 939 3004 de
977 2956 1092 3005 sede
1129 2961 1366 3021 surgeret,
1398 2956 1536 3005 finxit
1575 2972 1838 3022 syncopam
1874 2973 1963 3021 per

179 3054 322 3102 quam
356 3039 601 3088 videbatur
629 3039 858 3088 deficere.
891 3041 1130 3103 Aspersus
1163 3040 1252 3088 fuit
1284 3040 1334 3087 in
1367 3040 1540 3089 faciem
1566 3041 1675 3089 vino
1709 3046 1756 3090 et
1788 3056 1913 3104 aqua
1948 3058 1958 3089 :

178 3122 306 3169 visus
327 3128 401 3169 est
425 3122 585 3171 redire
605 3122 655 3170 in
683 3138 735 3172 se
757 3123 835 3186 qui
856 3124 915 3171 de
938 3139 990 3171 se
1015 3138 1114 3172 non
1134 3129 1426 3182 recesserat3
1463 3124 1686 3183 surrexit,
1710 3124 1823 3172 fecit
1843 3139 1962 3172 con-

179 3204 442 3253 sessionem
476 3220 587 3253 cum
621 3205 940 3267 celebraturo,
981 3210 1028 3255 et
1063 3207 1228 3256 omnia
1258 3223 1393 3256 more
1433 3207 1592 3256 solit0.
1631 3207 1779 3255 Missa
1804 3206 1957 3266 finita,

180 3287 419 3336 concessit
441 3288 841 3338 interessentibus
869 3290 1192 3353 indulgentias
1214 3296 1401 3355 septem
1429 3305 1666 3338 annorum
1691 3296 1739 3338 et
1759 3290 1959 3339 totidem

180 3371 600 3435 quadragenarum
640 3388 758 3436 quas
796 3364 1055 3437 publicavit
1095 3377 1260 3422 Rmus.
1306 3377 1361 3421 D.
1405 3373 1661 3422 cardinalis
1698 3374 1957 3423 Perusinus

182 3455 433 3504 celebrans
451 3471 462 3514 ;
487 3458 534 3503 et
553 3453 647 3503 alia
666 3461 776 3503 sunt
797 3471 933 3504 more
955 3456 1096 3505 solito
1118 3457 1383 3506 observata.
