2222 3926
127 329 286 378 [sanvier
306 335 400 375 1495]
555 332 726 371 RERUM
738 345 745 359 ι
758 332 1063 370 URBANARUM
1096 333 1443 372 COMMENTARH.
1839 309 1911 377 237

132 457 135 460 ’
193 426 377 487 Eodem
399 453 526 496 ser0,
556 422 839 485 nunciatum
860 427 1193 500 fuit‘pontifici
1222 433 1388 501 regem
1414 437 1717 501 Alphonsum
1746 456 1912 495 76665-

130 511 252 572 sisse
274 538 332 571 ex
353 521 553 586 Neapoli
582 537 692 570 cum
719 536 896 584 magno
923 520 1151 569 thesauro
1180 520 1229 567 in
1255 521 1406 584 galeis
1427 528 1652 584 quatuor,
1677 522 1830 580 iturus
1852 524 1913 572 ad

131 594 344 655 Siciliam
366 608 412 654 et
434 604 714 669 Hispaniam
743 620 832 668 pro
853 603 1078 668 gentibus
1107 609 1277 652 contra
1302 619 1468 668 regem
1499 605 1700 664 Francie
1729 605 1914 661 condus

133 691 300 740 cendis
320 691 401 751 (1).
828 688 830 690 ’
1004 752 1006 754 ¹
1395 746 1400 751 ¹
1730 743 1735 746 ,
1830 674 1856 748 ⁶,

130 789 133 793 ’
201 775 341 823 Feria
369 775 551 839 quinta,
587 778 647 823 29
681 774 862 824 mensis
887 772 1111 839 januarii,
1145 776 1382 838 venerunt
1409 773 1511 837 regi
1543 773 1746 822 Francie
1777 778 1825 823 et
1855 757 1915 831 en

136 859 341 907 Francia
376 861 629 922 apportata
660 845 855 906 fuerunt
887 857 937 905 in
966 856 1212 915 barilibus,
1249 857 1298 904 in
1328 855 1489 915 mulis,
1525 856 1697 905 decem
1727 862 1775 906 et
1805 861 1914 906 octo

138 941 291 990 millia
314 941 597 989 ducatorum
620 945 667 989 et
687 955 844 1004 nuper
869 940 1014 989 etiam
1035 939 1224 988 fuerant
1245 943 1497 1003 apportata
1516 944 1726 1003 quatuor
1745 924 1916 1001 millia,

138 1026 358 1090 impensa
375 1024 675 1088 singulorum
689 1006 895 1081 dierum,
917 1037 1063 1084 quam
1081 1037 1166 1069 rex
1179 1021 1391 1069 habebat
1409 1021 1650 1070 ordinarie
1671 1038 1783 1082 cum
1793 1009 1912 1079 suis.

203 1108 382 1156 Eadem
405 1107 500 1166 die,
531 1106 579 1154 in
601 1121 727 1164 sero,
759 1104 1041 1153 nunciatum
1067 1104 1155 1151 fuit
1190 1104 1404 1168 pontifici
1443 1105 1803 1170 Ferdinandum
1829 1105 1919 1171 du-

138 1207 245 1240 cem
267 1190 501 1249 Calabrie,
526 1187 725 1253 Neapoli
754 1188 802 1235 in
823 1203 1028 1250 regnum
1051 1203 1158 1235 esse
1186 1193 1488 1251 assumptum
1511 1205 1570 1238 ex
1602 1189 1918 1249 concessione

137 1274 372 1339 Alphonsi
394 1273 561 1338 patris,
591 1272 846 1336 ipsumque
876 1270 1234 1319 Ferdinandum
1267 1270 1629 1320 matrimonium
1651 1289 1763 1321 cum
1784 1273 1921 1337 illus-

137 1358 350 1406 trissima
385 1360 440 1405 D.
482 1356 684 1405 lsabella
719 1355 778 1404 de
814 1354 1072 1419 Aragonia,
1112 1353 1212 1402 filia
1246 1354 1375 1418 regis
1411 1353 1702 1403 Ferdinandi
1737 1355 1808 1404 avi
1845 1351 1919 1404 sui

142 1441 376 1502 defuncti,
433 1441 662 1489 mandato
709 1438 946 1503 Alphonsi
1000 1438 1147 1503 regis,
1192 1438 1342 1502 patris
1390 1438 1480 1497 sui,
1532 1452 1630 1502 per‘
1664 1438 1818 1502 'verba
1860 1439 1921 1499 de

142 1525 357 1589 presenti
385 1523 701 1582 contraxisse,
741 1522 984 1586 equitasse
1010 1537 1098 1586 per
1126 1521 1378 1586 Neapolim
1415 1525 1644 1585 tanquam
1675 1538 1776 1582 rex,
1819 1510 1924 1570 vasss

147 1609 290 1657 sallos
318 1609 648 1673 juramentum
675 1605 920 1654 fidelitatis
955 1605 1046 1653 sibi
1084 1605 1379 1672 prestitisse,
1412 1605 1620 1655 barones
1654 1611 1702 1655 et
1734 1605 1923 1668 nobiles

146 1681 474 1741 incarceratos
507 1707 594 1756 per
631 1706 773 1745 avum
809 1694 857 1738 et
894 1692 1082 1754 patrem
1119 1705 1261 1738 suum
1303 1689 1545 1739 relaxasse
1588 1695 1637 1739 et
1669 1690 1922 1757 liberasse,

146 1776 382 1839 quosdam
403 1790 593 1840 quoque
615 1773 696 1838 qui
717 1789 827 1822 cum
848 1772 995 1820 Gallis
1014 1788 1065 1820 se
1083 1772 1417 1837 intelligebant
1438 1773 1712 1838 decapitare
1730 1775 1922 1823 fecisse.

211 1859 410 1908 Interim
430 1858 712 1906 nunciatum
732 1857 820 1905 fuit
839 1857 1061 1905 Pontifici
1082 1856 1431 1906 inhabitatores
1453 1857 1655 1907 civitatis
1686 1858 1923 1917 Ferrarie‚

148 1944 411 2008 exportatis
430 1942 657 1992 omnibus
674 1941 833 2001 bonis,
855 1940 1055 1989 dimissa
1072 1940 1282 2005 civitate,
1303 1941 1415 1990 inde
1433 1942 1668 2004 recessise
1688 1958 1744 1990 ac
1759 1956 1927 2006 regem

148 2026 518 2091 Neapolitanum
537 2026 669 2074 illam
693 2040 972 2089 occupasse.

217 2110 445 2160 Similiter
481 2109 701 2158 Pontifici
738 2108 1021 2157 nunciatum
1061 2113 1135 2157 est
1170 2110 1365 2157 Rmum.
1402 2113 1460 2158 D.
1510 2109 1633 2158 tituli
1680 2127 1719 2158 S.
1764 2109 1927 2159 Crucis

150 2195 199 2243 in
228 2193 532 2243 Hierusalem
562 2191 857 2247 cardinalem
886 2191 1172 2240 Toletanum
1198 2191 1249 2239 in
1278 2193 1510 2257 Hispania
1539 2193 1669 2242 diem
1698 2193 1929 2243 clausisse

151 2283 420 2329 extremum
439 2279 523 2344 (2).

200 2464 234 2502 1.
264 2479 283 2498 «
304 2464 375 2500 Les
396 2475 467 2500 uns
488 2462 648 2500 disoient
666 2462 754 2512 qu’il
774 2461 875 2501 alloit
894 2475 940 2500 au
967 2462 1075 2509 Turc,
1096 2468 1220 2501 autres
1245 2462 1405 2501 disoient
1425 2475 1496 2512 que
1516 2463 1658 2500 c'estoit.
1677 2475 1769 2513 pour
1794 2464 1934 2501 donner

153 2525 278 2562 faveur
295 2526 318 2560 a
338 2535 406 2560 son
426 2523 498 2569 fils,
521 2523 583 2571 qui
612 2522 762 2560 n'estoit
788 2523 891 2572 point
910 2524 983 2573 hay
1002 2536 1049 2560 au
1075 2524 1266 2572 Royaume
1294 2535 1302 2560 :
1330 2523 1422 2561 mais
1450 2536 1534 2561 mon
1560 2523 1639 2560 avis
1666 2524 1721 2560 fut
1747 2525 1935 2573 tousjours

156 2596 226 2632 que
252 2595 293 2620 ce
318 2583 374 2620 fut
399 2595 466 2631 par
489 2594 604 2631 vraye
629 2582 791 2619 laschete
821 2595 829 2620 ε
858 2595 919 2621 car
938 2583 1072 2632 jamais
1099 2584 1243 2621 homme
1273 2583 1372 2620 cruel
1400 2595 1446 2620 ne
1472 2583 1526 2620 fut
1554 2583 1671 2621 hardi.
1701 2599 1720 2618 »
1749 2584 1934 2631 Comines,

156 2645 359 2685 Me'moires,
383 2642 443 2680 liv.
466 2643 546 2688 VII,
570 2643 674 2691 chap.
703 2655 778 2681 xw.
802 2644 985 2680 Commeat
1004 2644 1036 2680 le
1054 2645 1131 2690 Roy
1150 2644 1336 2690 Alphonse
1355 2645 1506 2688 s’enfuit
1522 2654 1565 2679 en
1584 2644 1694 2680 Sicile
1713 2648 1746 2680 ec
1770 2647 1811 2690 fit
1826 2645 1938 2690 peni-

157 2708 269 2740 tence.
292 2703 342 2739 Le
369 2704 416 2739 26
431 2701 575 2750 janvier
601 2702 707 2748 1495,
734 2703 922 2751 Alphonse
947 2703 1135 2749 renoncait
1154 2715 1196 2740 sa
1221 2714 1404 2740 couronne
1431 2714 1476 2739 en
1494 2702 1621 2739 faveur
1640 2703 1684 2739 de
1715 2703 1935 2740 Ferdinand.

159 2764 198 2802 L‘
201 2769 280 2802 acte
301 2766 345 2802 de
366 2769 460 2802 cette
480 2764 733 2801 renonciation
753 2775 775 2800 a
794 2766 851 2801 ete
875 2762 1000 2812 publie
1020 2774 1086 2811 par
1104 2763 1241 2808 Nusco,
1263 2764 1410 2799 Intorno
1430 2763 1500 2799 alle
1518 2767 1658 2799 monete
1673 2764 1713 2799 di
1727 2763 1832 2799 Carlo
1844 2765 1940 2809 VIII,

157 2824 303 2873 Napoli,
326 2826 431 2870 1846,
452 2836 488 2872 p.
513 2825 593 2861 120.

205 2886 241 2921 2.
270 2884 391 2921 Pedro
413 2854 589 2921 Gonzalez
604 2884 649 2920 de
670 2883 859 2929 Mendoza,
880 2883 939 2920 fils
960 2884 1010 2920 du
1029 2882 1191 2931 marquis
1210 2883 1255 2919 de
1275 2881 1490 2927 Santillane,
1511 2880 1640 2930 naquit
1659 2881 1693 2919 le
1712 2883 1735 2919 3
1754 2881 1826 2919 mai
1848 2883 1940 2919 1428

160 2957 182 2981 a
208 2944 449 2993 Guadalajara
482 2948 518 2981 et.
543 2947 688 2980 mourut
713 2946 735 2980 a
760 2943 910 2990 Caraca,
941 2943 976 2980 16
1007 2944 1047 2980 11
1074 2943 1219 2992 janvier
1251 2942 1355 2979 1495.
1383 2940 1616 2978 Archidiacre
1647 2942 1692 2978 de
1724 2942 1866 2991 leglise
1894 2942 1940 2979 de

161 3003 294 3041 Tolede
321 3016 366 3041 en
395 3005 502 3050 1452,
524 3003 549 3039 il
574 3004 629 3041 fut
655 3003 966 3041 successivement
985 3006 1123 3051 aveque
1150 3003 1195 3039 de
1222 3001 1430 3047 Calahorra,
1454 3001 1498 3038 de
1519 3001 1716 3051 Siguenza,
1739 3001 1942 3039 chancelier

164 3063 210 3099 de
230 3063 377 3101 Castille
398 3069 434 3101 et
453 3065 497 3101 de
517 3064 630 3109 Leon,
653 3063 750 3100 enfin
772 3063 934 3101 cardinal
954 3075 999 3100 en
1021 3063 1126 3109 1473,
1148 3065 1170 3099 a
1188 3062 1223 3099 la
1242 3062 1419 3099 demande
1439 3062 1485 3098 du
1502 3061 1555 3098 roi
1577 3061 1688 3098 Henri
1708 3061 1768 3100 IV.
1790 3060 1942 3098 Nomme

164 3123 391 3171 archeveque
410 3124 455 3160 de
477 3123 622 3170 Seville,
644 3123 727 3171 puis
748 3124 792 3161 de
819 3123 952 3160 Tolede
978 3135 1066 3160 avec
1090 3121 1124 3158 le
1149 3122 1233 3159 titre
1259 3122 1303 3158 de
1326 3121 1458 3169 primat
1484 3122 1691 3170 d'Espagne
1716 3126 1752 3158 et
1776 3121 1875 3169 legat
1894 3121 1942 3156 du

165 3180 406 3229 Saint-Siege
432 3195 525 3230 pour
545 3196 585 3220 ce
613 3195 800 3233 royaume,
823 3183 847 3220 il
868 3184 921 3220 fut
947 3195 996 3220 un
1017 3183 1082 3219 des
1109 3182 1192 3230 plus
1213 3183 1362 3218 ardents
1389 3185 1616 3229 promoteurs
1642 3182 1691 3217 du
1716 3180 1875 3218 tribunal
1898 3181 1942 3215 de

163 3239 423 3288 l'Inquisition.
453 3242 480 3277 Il
505 3243 602 3279 avait
622 3242 699 3290 pris
728 3256 800 3280 une
825 3247 905 3292 part
930 3243 1060 3289 active,
1089 3255 1227 3280 comme
1253 3242 1389 3279 officiet
1417 3242 1509 3277 dans
1530 3241 1583 3277 les
1610 3245 1758 3289 troupes
1785 3240 1942 3290 royales,

165 3299 258 3337 dans
277 3300 313 3337 la
332 3300 420 3338 lutte
440 3306 565 3338 contre
586 3302 639 3339 les
659 3305 820 3341 Mauras.
842 3304 936 3353 Voy.
960 3308 1063 3341 outre
1083 3303 1137 3340 les
1155 3302 1391 3350 biographies
1414 3301 1479 3337 des
1500 3299 1716 3346 cardinaux‚
1739 3301 1856 3336 Pedro
1878 3299 1944 3335 Sa-

164 3358 264 3396 lazar
283 3360 327 3396 de
350 3360 527 3397 Mendoza
554 3373 563 3397 :
591 3363 744 3400 cronica
769 3364 813 3400 de
839 3365 873 3400 el
898 3374 991 3409 yran
1018 3364 1190 3400 cardenal
1214 3364 1258 3398 de
1283 3364 1432 3408 Espar'za
1459 3362 1538 3396 Don
1563 3361 1680 3396 Pedro
1707 3360 1881 3397 Goncale:
1902 3359 1945 3393 dc

167 3420 595 3466 Mendoca,Tolede‚i11-
600 3421 804 3466 sol.,1625.
827 3424 900 3460 Sur
918 3423 953 3459 la
972 3427 1066 3460 mort
1085 3423 1134 3459 du
1154 3420 1314 3459 cardinal
1336 3420 1380 3457 G.
1403 3419 1448 3455 de
1468 3419 1658 3465 Mendoza,
1682 3431 1766 3467 roy.
1788 3418 1824 3454 la
1843 3418 1946 3455 lettre

170 3481 214 3517 de
235 3480 357 3518 Pierre
378 3481 531 3529 Martyr,
553 3479 578 3519 l
600 3481 680 3526 Vll,
700 3493 786 3530 pag.
808 3484 868 3528 89,
884 3482 944 3520 let.
970 3494 1086 3519 cmm
