2202 3926
286 321 333 357 58
789 353 792 356 ⁴
900 315 1135 354 JOHANNis
1169 315 1469 363 BURCHARDI,
1853 321 1959 362 [Mars
1982 323 2076 363 1493]

291 424 674 482 BeneventanuS,
710 425 874 469 sancte
902 420 1171 479 Anastasie,
1196 419 1370 468 Montis
1401 420 1594 484 Regalis
1618 425 1664 469 et
1687 421 1907 482 UrsinuS,
1936 440 2075 487 pres-

290 505 474 572 byteri;
512 504 760 564 SenensiS,
804 521 842 552 S.
885 503 1097 567 Georgii,
1131 503 1189 552 de
1213 503 1440 564 Sabellis,
1480 505 1922 566 vicecancellariuS,
1956 512 2004 556 et
2031 525 2070 556 S.

292 591 523 652 Severini,
549 590 755 639 diaconi.

355 676 604 726 Intellecto
626 691 713 739 per
739 690 817 722 me
839 673 944 722 heri
973 673 1104 736 quod
1131 674 1215 721 SS.
1248 675 1304 720 D.
1337 676 1394 721 N.
1427 672 1726 735 equitaturus
1755 679 1874 737 erat,
1909 676 2073 741 rogavi

291 764 483 809 Rmum.
534 761 590 807 D.
639 756 1092 806 vicecancellarium
1135 759 1185 803 ut
1226 755 1478 819 providere
1517 755 1810 821 [dignaretur
1846 774 1907 808 ne
1955 775 2074 823 gens

290 844 531 907 armigera
562 843 646 890 SS.
686 844 743 890 D.
781 843 837 890 N.
874 840 1162 905 precederet
1195 843 1243 888 et
1280 844 1568 903 sequeretur
1597 840 1647 888 in
1681 840 1850 889 ordine
1886 847 2071 903 nostre,

290 927 376 976 sed
406 926 444 974 si
473 942 560 991 pro
593 942 679 975 sua
709 925 984 984 securitate,
1021 940 1190 975 eorum
1222 939 1371 988 opera
1400 925 1467 973 uti
1497 925 1658 985 vellet,
1693 940 1777 975 eos
1805 926 1867 975 ad
1891 927 1999 976 loca
2028 933 2076 976 et

290 1015 463 1060 stratas
482 1015 731 1075 suspectas
752 1010 1058 1074 premitteret
1078 1013 1127 1058 et
1149 1009 1427 1074 deputaret3
1445 1010 1576 1074 quod
1596 1009 1727 1059 idem
1749 1010 2004 1059 cardinalis
2022 1027 2074 1060 se

260 1159 271 1167 θ
289 1097 526 1145 facturum
554 1095 672 1144 dixit
691 1099 835 1159 prout
857 1099 904 1143 et
925 1094 1056 1154 fecit,
1081 1109 1136 1143 ac
1158 1098 1355 1158 gentem
1381 1094 1537 1158 ipsam
1567 1095 1626 1143 ad
1652 1095 1758 1159 ipsa
1782 1095 1907 1154 loca,
1932 1102 2075 1160 prout

290 1180 380 1229 sibi
400 1179 554 1227 visum
576 1183 667 1237 est,
693 1177 926 1227 ordinavit
949 1182 996 1226 et
1015 1177 1251 1242 premisit,
1276 1177 1477 1226 retentis
1500 1177 1629 1226 circa
1648 1181 1705 1227 D.
1727 1181 1782 1228 N.
1803 1179 1999 1228 circiter
2017 1196 2077 1229 xi.

289 1263 528 1330 peditibus
549 1278 659 1311 cum
682 1261 878 1311 ensibus
901 1262 949 1310 in
969 1262 1172 1326 vaginis,
1199 1261 1323 1310 ultra
1342 1261 1531 1326 pedites
1559 1261 1689 1311 circa
1709 1278 1754 1321 c,
1778 1261 1858 1325 qui
1881 1277 2076 1310 crucem

287 1348 336 1396 in
355 1347 465 1396 loco
488 1347 628 1395 solito
650 1350 992 1412 precesserunt
1014 1362 1125 1394 cum
1147 1346 1443 1415 runconibus
1466 1350 1514 1395 et
1534 1346 1730 1395 ensibus
1752 1345 1850 1395 sive
1870 1346 2070 1396 lanceis.

354 1434 597 1491 Preterea,
636 1433 720 1480 SS.
760 1433 817 1479 D.
854 1432 911 1479 N.
944 1446 1002 1478 ex
1031 1446 1225 1479 camera
1259 1430 1605 1489 descendente,
1644 1434 1697 1478 ut
1729 1429 1920 1479 debitus
1955 1431 2074 1479 ordo

292 1517 646 1575 observaretur,
674 1514 770 1563 dixi
800 1514 1047 1563 Sanctitati
1077 1530 1162 1562 sue
1190 1514 1317 1562 inter
1343 1514 1501 1578 ipsum
1530 1519 1578 1562 et
1605 1517 1812 1563 RRmos.
1844 1516 1944 1563 DD.
1969 1531 2076 1563 car-

293 1600 478 1648 dinales
502 1599 717 1647 medium
743 1598 921 1647 debere
944 1614 1051 1647 esse
1073 1597 1336 1658 neminem,
1365 1598 1694 1647 niholominus
1715 1614 1873 1663 nuper
1893 1600 2075 1663 capita-

292 1699 439 1732 neum
474 1683 689 1732 Ecclesie
721 1687 768 1732 et
800 1683 1106 1747 capitaneum
1133 1681 1296 1745 palatii
1330 1681 1517 1730 medios
1549 1683 1810 1745 equitasse,
1843 1700 1942 1732 non
1973 1675 2094 1733 sine‘

290 1767 450 1831 aliqua
470 1772 608 1827 nota;
636 1766 895 1831 supplicavi
917 1770 1176 1831 propterea
1199 1765 1447 1814 Sanctitati
1470 1781 1574 1825 sue,
1602 1771 1653 1815 ut
1676 1782 1763 1831 pro
1789 1782 1876 1815 suo
1898 1772 1948 1815 et
1969 1784 2075 1816 car-

289 1850 520 1899 dinalium
558 1851 746 1898 honore
786 1850 1068 1913 dignaretur
1106 1848 1245 1898 dictis
1286 1849 1550 1913 capitaneis
1590 1851 1822 1900 mandare
1861 1852 1993 1915 quod
2026 1852 2075 1900 in

289 1950 457 1983 eorum
491 1935 652 1983 debito
686 1934 796 1983 loco
838 1935 1111 1998 equitarent
1142 1949 1152 1983 :
1184 1934 1314 1997 quod
1343 1938 1396 1982 ut
1433 1948 1520 1981 suo
1554 1933 1751 1982 nomine
1781 1933 1992 1983 facerem
2027 1939 2075 1983 et

289 2018 475 2067 eisdem
496 2018 761 2081 capitaneis
781 2018 945 2066 locum
967 2018 1048 2066 ubi
1071 2016 1191 2066 mihi
1211 2017 1455 2067 videretur
1475 2017 1775 2081 assignarem
1796 2018 1914 2066 mihi
1940 2033 2074 2067 com-

289 2102 437 2150 misit.
460 2102 711 2165 Assignavi
742 2102 889 2166 igitur
908 2101 1173 2166 capitaneis
1195 2101 1310 2166 ipsis
1337 2101 1501 2150 locum
1531 2106 1641 2165 post
1669 2106 1838 2165 gentes
1864 2102 2071 2166 pedites,

288 2191 399 2234 ante
430 2201 624 2234 crucem
652 2186 952 2244 incedentes,
981 2185 1030 2233 in
1052 2201 1146 2249 quo
1173 2200 1262 2249 per
1281 2189 1436 2233 totum
1463 2186 1739 2249 equitarunt
1759 2203 1769 2246 ;
1793 2186 2072 2250 capitaneos

287 2269 418 2334 ipsos
452 2270 783 2332 sequebantur
815 2273 1021 2332 quatuor
1051 2268 1258 2333 pedites,
1291 2269 1458 2317 sedem
1492 2271 1620 2333 Pape
1658 2274 1934 2334 portantes;
1970 2275 2071 2318 tum

287 2353 503 2417 magistri
538 2353 737 2413 ostiarii,
773 2352 934 2400 clerici
962 2352 1365 2413 ceremoniarum,
1401 2353 1683 2402 subdiaconi
1714 2369 1825 2402 cum
1851 2369 1995 2404 cruce
2026 2359 2073 2403 et

289 2436 456 2485 ordine
496 2442 746 2485 consueto.
791 2438 848 2484 D.
889 2436 1213 2501 Hieronymus
1248 2437 1307 2485 de
1342 2437 1579 2485 Porcariis
1619 2438 1809 2487 auditor
1846 2443 1969 2499 rote,
2011 2438 2070 2487 de

287 2520 431 2569 mitra
455 2535 578 2585 pape
603 2520 833 2582 servienS,
866 2520 1094 2585 equitavit
1120 2521 1246 2570 inter
1273 2521 1393 2570 duos
1417 2524 1631 2571 secretos
1660 2521 1998 2582 cubicularios,
2023 2526 2070 2569 et

287 2603 380 2652 alia
399 2619 535 2653 more
558 2605 700 2653 solito
723 2605 975 2653 observata
997 2610 1108 2653 sunt
1127 2605 1307 2654 omnia.
1603 2666 1607 2670 .

355 2688 494 2736 Feria
526 2691 712 2751 quarta,
756 2691 815 2736 27
851 2688 965 2737 dicti
998 2688 1180 2737 mensis
1220 2689 1396 2749 martii,
1439 2692 1496 2737 R.
1540 2691 1593 2738 P.
1631 2692 1688 2738 D.
1731 2690 1969 2739 Antonius
2009 2690 2068 2739 de

286 2774 450 2820 Monte
471 2777 695 2836 receptus
719 2772 805 2820 fuit
825 2772 874 2820 in
898 2772 1169 2821 auditorem
1194 2776 1297 2821 rote
1324 2772 1374 2820 in
1400 2772 1563 2821 locum
1591 2774 1834 2837 quondam
1856 2777 1915 2822 D.
1941 2774 2068 2823 Petri

288 2854 347 2901 de
368 2854 587 2902 Ferraria
611 2869 699 2918 per
720 2858 815 2903 RR.
842 2858 933 2904 ΡΡ.
960 2858 1060 2904 DD.
1092 2856 1395 2905 coauditores
1418 2871 1550 2917 suOS,
1584 2862 1631 2905 et
1652 2873 1739 2922 pro
1762 2873 1819 2906 ea
1848 2858 1924 2906 die
1947 2858 2070 2906 sedit

288 2938 337 2984 in
359 2952 513 3000 cappa
533 2951 618 2984 sua
639 2936 700 2984 ad
721 2937 963 2986 sinistram
993 2942 1047 2986 R.
1079 2941 1132 2986 P.
1163 2941 1220 2988 D.
1254 2939 1534 3004 Hieronymi
1565 2941 1624 2988 de
1657 2940 1911 2998 PorcariiS,
1935 2940 2067 2988 vice-

288 3020 457 3068 decani
477 3025 599 3068 rote.

352 3103 537 3152 Deinde
569 3103 646 3151 die
678 3104 884 3165 veneriS,
923 3108 982 3153 29
1016 3106 1236 3169 ejusdem
1261 3106 1462 3164 mensiS,
1502 3106 1624 3154 sedit
1655 3106 1704 3154 in
1735 3107 1843 3156 loco
1878 3123 1985 3167 sue,
2018 3114 2066 3157 et

286 3186 544 3250 resumpsit
582 3182 751 3235 omnes
789 3203 976 3247 causas,
1019 3204 1183 3237 coram
1222 3189 1439 3252 predicto
1480 3189 1723 3252 quondam
1765 3192 1907 3237 Petro
1950 3189 2066 3237 dum

285 3272 480 3330 viveret,
517 3271 802 3334 pendentes,
832 3287 920 3335 per
945 3271 1283 3320 remissionem
1311 3271 1505 3320 illorum
1543 3273 1716 3336 quibus
1742 3288 1830 3337 per
1861 3272 2066 3321 infirmi-

286 3359 435 3403 tatem
465 3369 549 3402 seu
577 3354 762 3403 obitum
791 3354 1012 3418 ejusdem
1042 3354 1167 3403 Petri
1194 3354 1311 3402 alias
1340 3356 1599 3406 commisse
1630 3356 1826 3405 fuerunt
1858 3356 1919 3405 ad
1951 3370 2066 3403 can-

287 3437 531 3487 cellariam
552 3437 884 3501 apostolicam,
909 3437 998 3486 sibi
1020 3438 1322 3498 commissas.
