2202 3926
156 350 242 392 [Mai
264 351 357 390 1494]
603 347 774 386 RERUM
808 346 1115 387 URBANARUM
1149 346 1503 387 COMMENTARII.
1879 353 1948 388 135

159 453 347 503 civitate
369 454 710 502 Beneventana
733 466 844 500 cum
867 454 968 500 toto
989 452 1231 501 territorio
1253 468 1309 501 ac
1331 452 1556 501 omnihus
1576 452 1873 501 districtibus
1898 461 1943 503 et

157 537 461 602 pertinentiis
480 537 597 598 suiS,
623 536 887 585 secundum
905 535 1129 600 antiquos
1148 536 1271 586 fines
1295 536 1521 586 territorii
1542 537 1944 601 pertinentiarum

158 625 206 669 et
230 619 474 668 districtus
495 618 699 668 civitatis
721 617 939 683 ejusdem
966 635 1054 683 per
1073 636 1300 670 romanos
1321 620 1577 686 pontifices
1599 620 1869 680 distinctOS,
1898 627 1943 670 et

157 704 205 752 in
230 706 482 767 posterum
518 701 903 766 distinguendOS,
931 703 992 751 ab
1019 703 1111 751 hac
1140 703 1263 752 hora
1287 704 1337 751 in
1374 707 1518 753 antea
1558 703 1714 753 fidelis
1749 708 1795 753 et
1828 704 1945 753 obe-

157 787 295 837 diens
327 801 411 835 ero
442 785 585 834 beato
616 788 759 834 Petro
791 789 839 834 et
866 786 1032 848 Paulo,
1068 792 1115 835 et
1146 789 1231 836 SS.
1263 790 1320 836 D.
1354 790 1410 836 N.
1446 787 1642 836 domino
1673 788 1944 837 Alexandro

156 887 280 938 pape
314 874 450 919 sexto
488 869 684 933 suisque
717 870 1080 919 successoribus
1116 871 1329 919 romanis
1364 871 1673 935 pontificibus
1712 872 1944 921 canonice

157 954 468 1013 intrantibus,
490 957 751 1016 sancteque
771 953 1035 1016 apostolice
1054 969 1255 1003 romane
1273 955 1511 1004 Ecclesie.
1535 958 1640 1003 Non
1662 971 1746 1004 ero
1765 957 1812 1004 in
1834 972 1946 1005 con-

158 1039 262 1088 silio
288 1038 362 1086 vel
393 1051 651 1095 consensu,
683 1051 769 1084 seu
799 1034 945 1096 factO,
976 1039 1028 1084 ut
1054 1035 1200 1084 vitam
1228 1037 1432 1101 perdant
1454 1055 1539 1087 seu
1568 1039 1845 1087 membrum
1870 1041 1943 1089 vel

156 1122 406 1188 capiantur
430 1120 557 1169 mala
582 1120 829 1185 captione;
861 1120 1120 1169 consilium
1148 1122 1277 1185 quod
1301 1123 1419 1171 mihi
1447 1123 1675 1172 credituri
1698 1128 1839 1173 erunt
1858 1141 1945 1189 per

152 1223 222 1267 se,
243 1211 326 1254 aut
342 1221 431 1270 per
447 1204 650 1253 nuncios
670 1221 801 1264 suos,
822 1204 895 1253 vel
911 1221 999 1268 per
1014 1205 1198 1265 literas,
1217 1206 1278 1254 ad
1295 1222 1465 1255 eorum
1485 1206 1716 1254 damnum
1733 1207 1945 1255 scienter

152 1291 336 1342 nemini
363 1290 591 1355 pandam,
617 1294 663 1338 et
684 1290 723 1337 si
749 1288 906 1337 sciero
934 1288 1040 1337 fieri
1060 1289 1135 1337 vel
1155 1289 1403 1353 procurari
1436 1305 1522 1337 seu
1544 1290 1740 1339 tractari
1762 1290 1943 1354 aliquid

155 1376 286 1440 quod
317 1375 367 1422 in
400 1374 617 1439 ipsorum
653 1373 884 1421 damnum
919 1372 1077 1432 cedat,
1113 1372 1233 1421 illud
1264 1389 1351 1437 pro
1383 1388 1528 1437 posse
1563 1373 1632 1422 eis
1668 1373 1942 1437 significare

151 1457 357 1516 curab03
382 1461 613 1521 papatum
644 1473 899 1506 romanum
935 1461 984 1507 et
1018 1458 1203 1522 regalia
1235 1458 1389 1507 sancti
1417 1458 1564 1517 Petri,
1595 1462 1693 1506 tam
1720 1458 1770 1506 in
1791 1474 1942 1522 regno

152 1541 313 1591 Sicilie
335 1546 383 1590 et
405 1541 546 1590 terris
566 1541 796 1606 predictis
817 1556 961 1606 quam
982 1542 1094 1590 alibi
1117 1542 1448 1602 consistentia,
1474 1542 1666 1606 adjutor
1687 1541 1756 1589 eis
1778 1557 1861 1590 ero
1883 1541 1944 1590 ad

151 1625 482 1687 retinendum,
504 1625 866 1675 defendendum
889 1630 937 1675 et
957 1626 1364 1691 recuperandum,
1389 1642 1445 1675 ac
1464 1631 1749 1691 recuperata
1770 1642 1943 1675 manu-

151 1710 415 1761 tenendum
436 1715 605 1759 contra
623 1726 819 1759 omnem
838 1710 1113 1770 hominem3
1138 1710 1384 1759 universas
1403 1715 1452 1760 et
1472 1710 1683 1775 singulas
1705 1710 1941 1759 conditio-

150 1810 237 1844 nes
261 1798 515 1844 contentas
538 1794 587 1842 in
607 1794 758 1844 literis
780 1794 1057 1858 apostolicis
1077 1794 1367 1853 Innocentii,
1391 1793 1753 1858 predecessoris
1770 1794 1942 1859 hujus-

151 1878 300 1937 modi,
342 1893 486 1942 super
517 1878 736 1941 ipsorum
767 1877 906 1940 regni
940 1882 988 1925 et
1020 1881 1146 1924 terre
1181 1877 1497 1926 concessione
1532 1883 1580 1926 et
1611 1878 1940 1926 infeudatione

152 1961 271 2010 mihi
293 1961 438 2020 facta,
462 1960 717 2021 confectis,
739 1976 794 2009 ac
813 1960 977 2008 omnia
994 1964 1042 2009 et
1063 1960 1253 2024 singula
1273 1977 1366 2024 que
1386 1961 1434 2008 in
1456 1961 1640 2010 eisdem
1658 1961 1809 2010 literis
1829 1977 1941 2010 con-

153 2045 370 2094 tinentur
402 2044 618 2109 plenarie
655 2043 930 2108 adimplebo
967 2048 1014 2092 et
1042 2043 1378 2092 inviolabiliter
1415 2045 1681 2093 observabo
1722 2050 1769 2094 et
1808 2045 1939 2094 nullo

153 2144 364 2193 unquam
397 2133 616 2192 tempore
653 2128 844 2176 veniam
876 2132 1044 2176 contra
1078 2142 1159 2187 ea;
1195 2143 1293 2175 non
1327 2128 1598 2192 procurabo
1631 2144 1719 2192 per
1753 2144 1831 2177 me
1865 2135 1940 2182 vel

150 2212 299 2261 alium
327 2226 414 2260 seu
442 2210 562 2259 alios
590 2210 757 2273 quovis
783 2210 948 2269 modo,
982 2214 1035 2259 ut
1063 2210 1231 2274 eligar,
1260 2210 1336 2258 vel
1361 2212 1586 2259 nominer
1610 2212 1660 2259 in
1681 2227 1848 2275 regem
1867 2212 1941 2260 vel

146 2297 493 2362 imperatorem
515 2310 773 2344 romanum
799 2309 886 2343 seu
907 2310 1075 2359 regem
1101 2293 1373 2343 Theutonie
1404 2300 1485 2343 aut
1513 2295 1765 2343 dominum
1795 2297 1940 2343 Lom-

147 2382 312 2431 bardie
341 2381 415 2429 vel
442 2380 615 2429 Tuscie
646 2395 732 2428 seu
759 2379 958 2444 majoris
986 2378 1136 2443 partis
1164 2378 1452 2427 eorumdem
1485 2396 1495 2428 :
1528 2383 1575 2428 et
1602 2379 1641 2426 si
1670 2378 1844 2427 electio
1864 2379 1939 2449 rel

147 2466 413 2514 nominatio
435 2465 496 2514 ad
514 2464 772 2530 imperium
791 2462 863 2512 vel
882 2479 1085 2527 regnum
1106 2464 1375 2512 Theutonie
1398 2468 1480 2512 aut
1501 2463 1770 2512 dominium
1792 2465 1938 2510 Lom-

148 2550 332 2610 bardie,
365 2549 439 2599 vel
466 2548 639 2598 Tuscie
669 2563 756 2597 seu
785 2548 982 2612 majoris
1009 2548 1159 2612 partis
1187 2547 1474 2597 eorumdem
1504 2547 1564 2595 de
1592 2562 1669 2596 me
1704 2546 1935 2595 celebrari

150 2633 425 2697 contigerit,
455 2632 640 2681 nullum
667 2631 947 2696 hujusmodi
976 2631 1203 2680 electioni
1236 2647 1323 2679 seu
1356 2629 1675 2678 nominationi
1713 2634 1793 2677 aut
1823 2645 1938 2693 pos-

151 2717 370 2766 tulationi
399 2731 652 2765 assensum
682 2715 909 2780 prestabo
937 2731 1027 2764 nec
1053 2715 1371 2764 intromittam
1402 2729 1481 2762 me
1512 2713 1670 2775 aliquo
1702 2712 1847 2761 modo
1878 2714 1937 2762 de

151 2817 319 2851 eorum
359 2800 432 2849 vel
474 2799 677 2864 alicujus
723 2799 939 2863 ipsorum
975 2800 1230 2864 regimine,
1273 2816 1429 2864 neque
1468 2800 1622 2852 etiam.
1650 2799 1709 2847 de
1746 2798 1935 2847 civitate

153 2889 490 2935 Beneventana
510 2888 558 2933 et
580 2883 678 2932 suis
700 2883 970 2944 territoriis,
1004 2884 1299 2933 districtibus
1330 2888 1376 2932 et
1406 2882 1728 2948 pertinentiis,
1765 2898 1849 2931 seu
1877 2882 1934 2930 de

151 2969 429 3033 Campania,
462 2969 522 3017 de
552 2967 808 3028 Maritima,
844 2968 1021 3016 ducatu
1055 2968 1332 3032 Spoletano,
1367 2967 1584 3016 Marchia
1612 2967 1932 3020 Anconitana,

150 3052 437 3115 patrimonio
470 3052 599 3101 beati
627 3051 757 3100 Petri
786 3051 836 3099 in
864 3052 1055 3111 Tuscia,
1086 3054 1247 3100 Massa
1280 3051 1505 3099 Trabaria
1534 3066 1692 3114 neque
1723 3053 1934 3097 Roman-

152 3134 295 3194 diola,
328 3135 454 3183 alma
485 3136 628 3194 Urbe,
658 3135 707 3183 in
734 3134 1006 3183 civitatibus
1035 3135 1283 3195 Perusina,
1316 3135 1512 3183 Civitate
1536 3133 1746 3192 Castelli,
1774 3134 1935 3180 Bono-

150 3216 324 3277 niensi,
349 3218 661 3277 Ferrariensi‚
683 3218 1026 3267 Avenioniensi
1045 3218 1121 3267 vel
1148 3219 1386 3266 Comitatu
1416 3217 1685 3275 Venusino,
1722 3231 1807 3263 seu
1829 3215 1933 3262 aliis

152 3301 290 3350 terris
321 3299 704 3364 quibuscumque
734 3301 907 3365 prefati
932 3303 1015 3350 SS.
1050 3305 1108 3349 D.
1143 3304 1198 3349 N.
1230 3317 1352 3364 pape
1372 3299 1627 3365 dominiis,
1663 3315 1749 3346 seu
1780 3298 1931 3346 feudis

151 3385 298 3449 ipsius
326 3383 550 3433 Ecclesie
569 3383 770 3432 ubilibet
795 3385 1086 3442 constitutiS,
1118 3399 1177 3433 ex
1205 3383 1512 3432 successione
1541 3382 1614 3430 vel
1636 3382 1813 3445 legato,
1846 3395 1929 3426 seu

153 3466 432 3524 donatione,
457 3468 539 3512 aut
558 3464 831 3513 venditione
855 3467 926 3514 vel
946 3467 1038 3514 alio
1057 3467 1224 3528 quovis
1246 3466 1383 3514 titulo
1410 3465 1483 3513 vel
1511 3469 1776 3520 contractu,
1811 3461 1929 3508 nihil
