2202 3926
131 321 348 362 [Mars-1494]
568 316 737 353 RERUM
772 316 1075 353 URBANARUM
1109 316 1462 354 COMMENTARH.
1868 322 1914 357 93

129 423 216 471 fuit
247 437 500 470 scamnum
531 436 618 485 pro
647 420 844 485 prelatis
872 404 1159 478 oratoribus,
1181 419 1268 467 sed
1298 419 1456 466 nullus
1486 421 1629 468 venit.
1663 422 1904 471 Sederunt

126 523 242 571 ergo
270 506 319 554 in
359 522 416 555 eo
456 522 542 554 sex
579 504 767 569 prelati,
805 521 894 552 nec
927 505 1090 569 plures
1131 502 1292 552 officio
1325 502 1667 552 interfuerunt.
1704 506 1777 552 Ab
1812 505 1905 554 alio

124 593 293 650 latere,
318 608 346 639 a
368 590 463 639 fine
486 590 579 639 loci
611 590 924 638 diaconorum
952 588 1267 637 cardinalium
1298 604 1449 651 usque
1477 587 1538 635 ad
1563 592 1754 651 portam
1775 589 1908 657 posi-

127 680 227 724 tum
249 676 335 723 fuit
352 674 484 723 aliud
510 690 762 723 scamnum
786 689 874 738 pro
902 672 1173 722 oratoribus
1190 672 1326 720 laicis
1348 672 1478 735 quod
1498 671 1675 720 mansit
1702 688 1910 721 vacuum

126 761 238 824 quia
266 776 411 810 nemo
445 759 574 809 venit
605 758 655 806 in
692 774 750 807 eo
782 757 1034 807 locandus.
1065 761 1118 806 In
1158 757 1255 804 fine
1287 756 1459 816 misse,
1493 756 1744 805 celebrans
1781 756 1914 806 dedit

130 839 523 889 benedictionem
554 846 601 892 et
626 858 724 891 non
747 842 1005 907 publicavit
1029 841 1353 905 indulgentias
1384 841 1496 905 quia
1522 858 1609 906 per
1635 841 1914 890 affixionem

130 923 301 972 cedule
319 923 366 971 in
390 925 530 974 valvis
553 927 757 975 ecclesie
777 927 971 975 fuerunt
984 926 1226 990 publicate
1250 925 1466 989 plenarie
1489 941 1576 989 per
1594 929 1774 990 Papam
1796 943 1916 974 con-

133 1025 287 1059 cesse.
970 1002 974 1006 ’

200 1094 451 1143 Dominica
471 1098 641 1157 quarta
661 1093 1050 1158 quadragesime,
1076 1097 1103 1142 9
1126 1094 1240 1142 dicti
1261 1094 1443 1142 mensis
1464 1094 1642 1154 martii,
1666 1097 1749 1144 SS.
1773 1098 1830 1143 D.
1856 1098 1913 1144 N.

131 1184 326 1242 paratus
349 1193 484 1227 more
507 1178 664 1238 solito,
693 1177 892 1242 dempta
911 1178 1074 1238 mitra,
1098 1178 1304 1227 accessit
1333 1179 1394 1227 ad
1421 1196 1642 1228 mensam
1667 1196 1779 1228 cum
1808 1196 1920 1228 rosa

132 1267 180 1310 et
209 1262 312 1310 aliis
345 1262 588 1312 consuetis
618 1266 853 1326 paratam,
878 1262 961 1310 ubi
994 1263 1241 1311 benedixit
1270 1278 1432 1311 rosam
1468 1264 1517 1311 in
1552 1280 1747 1312 camera
1776 1280 1918 1328 para-

131 1345 282 1395 menti
327 1361 466 1404 nova,
508 1349 565 1394 D.
608 1346 828 1395 Johanne
868 1348 1074 1406 Gerona,
1110 1345 1286 1395 clerico
1322 1362 1534 1406 camere,
1575 1362 1735 1395 rosam
1764 1347 1918 1410 ipsam

130 1433 355 1489 tenente;
393 1430 623 1495 imposuit
665 1430 963 1490 balsamum,
998 1429 1282 1489 muschum,
1316 1428 1595 1489 incensum,
1638 1429 1842 1494 aspersit
1873 1433 1921 1478 et

130 1513 413 1574 incensavit,
446 1517 498 1562 ut
529 1514 678 1562 moris
713 1518 803 1562 est.
840 1516 960 1561 Tum
992 1529 1100 1562 eam
1134 1529 1288 1577 usque
1321 1512 1382 1560 ad
1412 1513 1647 1577 capellam
1680 1514 1920 1577 majorem

131 1597 323 1646 sinistra
341 1598 563 1662 portavit,
587 1598 667 1647 ubi
689 1598 903 1647 interfuit
923 1598 1071 1647 misse
1092 1598 1284 1663 publice
1312 1613 1457 1661 quam
1481 1597 1739 1646 celebravit
1763 1597 1921 1645 cardi-

133 1682 255 1729 nalis
277 1684 662 1731 Beneventanus.
690 1685 976 1732 Sermonem
998 1682 1114 1731 fecit
1131 1687 1419 1747 procurator
1440 1681 1623 1730 ordinis
1643 1683 1920 1732 carmelita-

135 1781 260 1813 rum.
295 1766 452 1815 Finita
482 1766 648 1828 missa,
679 1769 763 1816 SS.
791 1770 847 1815 D.
880 1769 936 1815 N.
963 1767 1141 1815 vocatis
1165 1764 1225 1815 ad
1247 1781 1298 1814 se
1328 1764 1553 1814 omnibus
1573 1765 1916 1825 cardinalibuS,

132 1850 190 1897 de
213 1865 381 1898 eorum
409 1851 612 1899 consilio
644 1851 854 1899 decrevit
881 1867 1042 1900 rosam
1063 1851 1218 1915 ipsam
1241 1851 1552 1901 serenissimo
1584 1851 1686 1915 regi
1718 1849 1920 1898 Francie

132 1933 349 1994 mittere;
376 1938 423 1982 et
443 1935 537 1982 alia
557 1934 720 1981 omnia
740 1950 874 1982 more
899 1935 1039 1983 solito
1063 1939 1173 1983 sunt
1195 1935 1477 1994 observata;
1499 1952 1610 1984 rosa
1626 1945 1714 1999 per
1740 1937 1919 1997 Papam

133 2017 195 2065 ad
215 2033 459 2066 cameram
482 2034 620 2066 suam
641 2021 903 2082 reportata,
930 2022 982 2065 ut
1002 2017 1153 2066 moris
1176 2022 1263 2066 est.

198 2102 339 2150 Feria
364 2102 593 2161 secunda,
623 2106 680 2150 10
708 2102 822 2150 dicti
844 2102 1026 2150 mensis
1054 2101 1230 2162 martii,
1256 2101 1385 2150 circa
1413 2101 1562 2150 finem
1591 2100 1765 2149 secreti
1797 2116 1914 2149 con-

135 2185 330 2245 sistorii,
354 2186 510 2235 vocati
535 2201 619 2235 seu
640 2185 904 2234 intromissi
926 2186 1120 2235 fuerunt
1141 2187 1190 2234 in
1213 2186 1330 2234 illud
1353 2189 1524 2235 omnes
1550 2186 1722 2250 prelati
1742 2190 1789 2234 et
1810 2200 1920 2233 ora-

133 2271 260 2317 tores
283 2269 331 2316 in
353 2285 547 2318 camera
566 2269 834 2334 paramenti
862 2273 976 2317 tunc
1005 2269 1266 2318 existentes
1289 2274 1336 2318 et
1357 2274 1574 2319 oratores
1598 2268 1837 2318 Rhodiani
1859 2268 1920 2317 ad

133 2353 459 2402 obedientiam
479 2354 789 2418 prestandam
811 2353 962 2401 missi.
989 2356 1232 2402 Intrarunt
1251 2354 1407 2419 primo
1429 2354 1520 2419 ipsi
1545 2358 1764 2403 oratores
1788 2354 1918 2401 Rho-

134 2437 280 2496 diani,
317 2442 365 2487 et
396 2438 676 2504 immediate
709 2443 819 2503 post
847 2454 931 2487 eos
969 2438 1138 2503 prelati
1174 2438 1339 2503 palatii
1382 2443 1430 2487 et
1469 2438 1548 2487 alii
1584 2454 1639 2487 ac
1679 2441 1913 2486 oratores.

135 2522 309 2570 Prelati
329 2522 492 2587 palatii
519 2526 756 2571 steterunt
777 2523 837 2570 ad
859 2522 1103 2571 sinistram
1126 2525 1272 2587 Pape,
1298 2527 1514 2571 oratores
1541 2539 1655 2572 vero
1677 2521 1847 2587 prelati
1871 2524 1919 2569 et

134 2605 214 2653 alii
242 2606 302 2654 ad
327 2606 576 2655 dexteram
602 2605 844 2670 pontificis
869 2610 1000 2654 retro
1031 2605 1300 2656 cardinales
1327 2626 1335 2655 :
1363 2609 1493 2671 Papa
1517 2610 1619 2655 erat
1646 2607 1695 2654 in
1718 2607 1917 2654 rocheto

137 2695 185 2738 et
220 2690 485 2754 capuccino
518 2690 687 2739 rubeo.
731 2692 956 2738 Oratores
990 2694 1088 2739 tres
1125 2690 1381 2750 Rhodiani,
1415 2691 1553 2739 factis
1593 2690 1745 2739 tribus
1781 2689 1919 2737 solita

135 2773 360 2822 distantia
398 2774 704 2833 reverentiis,
738 2779 1051 2823 accesserunt
1087 2774 1148 2822 ad
1188 2775 1489 2839 pontificem,
1523 2774 1918 2838 archiepiscopus

134 2857 310 2922 prim0,
330 2861 376 2906 et
390 2857 564 2907 deinde
586 2873 791 2922 magnus
810 2859 1017 2919 Balivus‘,
1042 2862 1141 2907 tum
1156 2858 1316 2923 prior;
1339 2863 1385 2907 et
1400 2858 1576 2922 singuli
1597 2857 1791 2922 pedem,
1815 2872 1921 2905 ma—

134 2958 250 2990 num
281 2946 329 2991 et
359 2929 413 2991 os
442 2958 564 3006 pape
599 2942 800 2991 osculati
834 2948 962 3003 sunt,
985 2947 1128 3007 prout
1160 2943 1207 2990 in
1239 2942 1440 3007 publicis
1479 2942 1776 2991 consistoriis
1813 2940 1919 2988 fieri

135 3026 398 3075 consuevit.
429 3028 550 3074 Tum
578 3025 972 3091 archiepiscopus
999 3027 1293 3091 presentavit
1318 3027 1481 3075 literas
1511 3026 1674 3091 magni
1702 3024 1917 3089 Magistri

136 3125 275 3173 pape,
298 3111 379 3174 qui
400 3126 482 3159 eas
504 3110 698 3159 tradidit
716 3110 944 3174 episcopo
959 3110 1332 3174 Caputaquensi,
1348 3110 1610 3159 secretario
1627 3125 1731 3170 suo,
1747 3108 1916 3173 legen-

136 3191 237 3250 das,
263 3193 434 3242 deinde
455 3198 840 3243 retrocesserunt
867 3193 980 3243 dicti
1006 3197 1100 3242 tres
1123 3198 1339 3243 oratores
1366 3210 1518 3259 usque
1541 3199 1677 3243 extra
1705 3193 1914 3242 scabella

139 3275 473 3336 cardinalium,
498 3282 546 3326 et
575 3277 755 3326 ibidem
785 3277 846 3326 ad
872 3278 1156 3327 Pontificem
1181 3278 1303 3327 versi
1332 3278 1718 3341 genuflexerunt.
1743 3275 1914 3327 Vocati

139 3363 186 3406 et
219 3358 483 3406 intromissi
517 3364 627 3408 sunt
659 3376 718 3408 ex
751 3362 1095 3411 commissione
1130 3365 1275 3426 Pape,
1300 3377 1377 3409 me
1411 3365 1626 3425 petente,
1655 3376 1824 3409 omnes
1853 3358 1911 3406 de

142 3443 311 3493 ordine
344 3441 495 3491 sancti
525 3441 756 3492 Johannis
779 3445 1188 3494 Hierosolimitani
1210 3445 1258 3492 in
1287 3460 1480 3493 camera
1498 3444 1767 3509 paramenti
1789 3442 1915 3490 exis-
