2216 3886
897 266 1182 309 APPENmCE.
1863 278 1933 323 053

151 375 288 415 etiam
316 375 360 415 in
394 374 599 415 omnibus
632 373 834 426 predictis
866 374 973 416 locis
1001 374 1169 424 testari,
1199 374 1448 424 codicillari,
1477 377 1519 415 et
1548 385 1681 416 causa
1710 376 1862 417 mortis
1889 380 1933 418 et

150 441 264 482 inter
289 441 411 482 vivos
439 439 618 489 donare,
642 451 720 491 pro
751 451 904 481 eorum
931 440 1054 481 libito
1080 440 1334 489 voluntatis,
1357 440 1401 480 in
1423 443 1712 492 perpetuum:
1733 441 1792 482 ita
1814 443 1933 494 quod

150 507 194 547 in
215 506 344 547 bonis
365 506 528 547 ibidem
551 506 844 547 existentibus
866 505 1128 547 succedatur
1152 506 1217 546 eis
1243 505 1489 547 secundum
1514 504 1700 548 formam
1720 510 1764 548 et
1785 507 1935 560 dispo-

152 572 354 612 sitionem
386 574 651 612 statutorum
682 571 1042 622 florentinorum3
1076 575 1119 614 et
1149 572 1296 624 quoad
1326 572 1442 612 hunc
1477 572 1693 623 effectum,
1721 573 1934 624 promittit

151 638 283 678 etiam
316 637 428 678 dicta
461 637 583 690 regia
613 637 822 678 maiestas
852 638 1004 678 literas
1035 640 1236 690 patentes
1260 637 1556 679 naturalitatis
1585 638 1690 679 dare
1705 649 1784 690 pro
1810 639 1934 680 libito

150 703 388 744 voluntatis
405 703 595 754 petentis
619 714 628 742 ε
652 705 695 743 et
715 702 889 754 possint
909 703 1075 754 ubique
1094 703 1226 743 etiam
1245 702 1460 744 beneficia
1478 706 1520 743 et
1540 703 1777 756 dignitates
1799 704 1932 745 eccle-

151 767 211 810 sia
219 769 350 810 sticas
369 778 674 820 quascumque
693 768 908 818 obtinere,
928 779 979 809 ac
996 768 1034 808 si
1047 768 1139 810 veri
1159 771 1201 809 et
1220 769 1444 810 naturales
1466 769 1577 810 Galli
1597 768 1689 811 nati
1709 773 1875 819 essent,
1891 773 1936 811 et

149 846 262 887 quos
293 835 408 875 inter
427 833 575 875 Gallos
597 845 704 875 suos
727 846 777 875 ex
797 844 915 874 nunc
941 833 1053 874 dicta
1078 834 1199 886 regia
1221 835 1430 875 maiestas
1452 838 1742 876 connumerat
1761 838 1803 876 et
1826 847 1931 876 con—

149 901 372 942 numerari
398 900 506 947 vult,
530 899 585 941 de
611 899 883 952 plenitudine
917 910 997 940 sue
1032 899 1391 941 christianissime
1425 899 1640 940 dominice
1671 901 1931 951 potestatis:

150 967 409 1018 promittens
437 966 570 1007 etiam
591 965 705 1006 dicta
735 966 858 1018 regia
888 966 1114 1015 maiestas,
1137 965 1173 1005 si
1201 966 1309 1017 ipsis
1334 964 1523 1006 dominis
1551 965 1796 1006 florentinis
1819 966 1934 1007 vide-

147 1032 266 1073 bitur
290 1035 334 1073 et
359 1032 564 1084 placebit,
587 1031 735 1073 omnia
758 1031 953 1084 predicta
977 1034 1020 1071 et
1043 1031 1316 1083 infrascripta
1341 1031 1386 1071 in
1408 1031 1614 1072 omnibus
1635 1031 1933 1083 parlamento-

149 1109 248 1138 rum
268 1098 400 1139 curiis
417 1096 668 1139 confirmari
687 1096 844 1146 facere,
866 1107 916 1136 ac
935 1095 1108 1147 publice
1130 1095 1303 1137 banniri
1320 1107 1399 1148 per
1418 1097 1563 1137 omnia
1585 1108 1664 1138 sue
1691 1096 1934 1138 maiestatis

147 1175 282 1217 regna
313 1167 357 1205 et
381 1164 477 1205 loca
507 1174 798 1216 quecumque,
821 1166 863 1203 et
892 1162 1043 1203 literas
1074 1164 1276 1213 patentes
1308 1162 1464 1215 cuique
1489 1162 1648 1212 facere,
1670 1163 1861 1204 maxime
1885 1166 1934 1204 ut

148 1232 301 1270 notum
320 1230 376 1270 sit
395 1230 604 1271 omnibus
625 1229 716 1270 suis
738 1228 928 1269 subditis
945 1227 999 1268 de
1016 1227 1289 1280 plenitudine
1311 1228 1542 1280 potestatis
1563 1240 1644 1269 sue
1660 1229 1933 1270 Florentinos

147 1298 359 1336 eteorum
380 1295 582 1336 subditos
602 1306 704 1336 vere
725 1294 948 1335 naturales
970 1293 1118 1334 Gallos
1137 1294 1313 1335 effectos
1334 1304 1447 1335 esse.

202 1375 222 1397 u
256 1360 430 1401 Decimo
450 1363 608 1412 quarto
627 1372 635 1398 ε
653 1360 747 1400 vult
768 1360 881 1400 dicta
902 1359 1024 1411 regia
1043 1359 1268 1408 maiestas,
1285 1359 1330 1400 in
1349 1360 1526 1412 signum
1546 1360 1825 1400 evidentioris
1841 1371 1932 1412 pre·

146 1426 234 1466 fate
261 1426 623 1475 conservationis,
644 1425 888 1474 tutaminis,
912 1424 1195 1476 protectionis
1216 1428 1258 1466 et
1280 1424 1591 1476 ampliationis,
1615 1428 1658 1466 et
1677 1428 1727 1466 ut
1746 1426 1932 1478 quibus-

146 1502 334 1543 cumque
356 1491 414 1532 sit
432 1494 587 1532 notum
607 1493 650 1532 et
666 1490 952 1531 manifestum
973 1490 1093 1542 quod
1110 1493 1236 1542 pater
1251 1491 1383 1531 huius
1403 1491 1557 1543 patrie,
1579 1494 1711 1532 verus
1729 1494 1772 1532 et
1791 1491 1932 1532 mani-

148 1557 287 1599 festus
307 1559 590 1598 conservator
606 1559 649 1597 et
666 1556 884 1598 libertatis
900 1556 1032 1596 huius
1053 1556 1286 1608 ampliator
1304 1557 1477 1607 existet,
1494 1560 1538 1598 et
1552 1568 1932 1610 quorumcumque

146 1626 388 1674 perpetuus
408 1626 700 1675 tyrannorum
725 1622 903 1675 fugator
928 1625 1058 1674 prout
1088 1623 1157 1663 sui
1176 1623 1510 1674 predecessores
1532 1634 1706 1675 semper
1725 1623 1928 1672 fuerunt;

147 1691 190 1728 et
211 1689 267 1730 ad
288 1691 547 1740 perpetuam
562 1689 626 1729 rei
645 1689 904 1729 memoriam
922 1688 976 1728 de
992 1688 1086 1728 eius
1101 1688 1146 1728 in
1165 1688 1278 1728 hanc
1296 1688 1452 1729 urbem
1468 1687 1720 1729 felicissimo
1739 1689 1933 1730 adventu

146 1757 190 1794 et
210 1754 263 1795 de
283 1756 530 1795 restaurata
550 1753 774 1802 libertate3
796 1754 915 1806 quod
936 1754 1050 1794 dicta
1068 1754 1315 1805 respubIIca
1330 1754 1562 1796 florentina
1577 1757 1717 1807 possit
1733 1757 1778 1796 in
1793 1757 1932 1808 portis

146 1819 338 1869 urbium,
361 1819 598 1870 civitatum,
620 1819 839 1868 villarum,
862 1822 1121 1867 castrorum,
1145 1818 1423 1870 oppidorum,
1445 1821 1627 1871 arcium,
1650 1816 1928 1873 palatiorum,

146 1886 326 1926 navium
357 1885 608 1934 biremium,
631 1885 891 1935 triremium,
918 1885 1236 1926 carovellarum
1262 1887 1307 1925 et
1337 1896 1715 1939 quarumcumque
1744 1887 1932 1929 aliarum

145 1951 407 2003 qualitatum
419 1950 707 2003 navisiorum‚
731 1951 862 1992 etiam
882 1962 961 2003 per
980 1961 1057 1991 eos
1083 1950 1139 1990 ab
1160 1950 1257 1991 aliis
1280 1950 1601 2004 nolegiatorum
1629 1953 1720 1994 sive
1740 1953 1930 1994 conduc-

146 2020 306 2067 torum,
340 2016 531 2067 deferre,
564 2016 748 2070 affigere
779 2020 822 2057 et
853 2020 1050 2068 portare,
1083 2019 1125 2057 et
1156 2015 1299 2069 affigi,
1335 2016 1492 2058 deferri
1524 2022 1567 2059 et
1594 2018 1760 2069 portari
1787 2017 1932 2060 facere

146 2093 282 2133 arma,
305 2083 463 2124 vexilla
491 2086 533 2124 et
566 2082 815 2133 banderiaS‚
840 2093 1027 2134 quorum
1058 2093 1138 2123 seu
1169 2092 1358 2134 quarum
1387 2095 1569 2135 campus
1603 2085 1660 2125 sit
1683 2096 1928 2134 azzurreus,

145 2148 248 2188 liliis
279 2148 425 2200 giallis
458 2148 550 2190 sive
576 2149 739 2190 croceis
772 2159 853 2189 seu
883 2149 1030 2190 aureis
1063 2148 1324 2199 seminatus,
1353 2161 1453 2191 cum
1485 2150 1630 2192 banda
1660 2151 1830 2202 sculpta
1861 2151 1930 2192 vel

146 2213 259 2264 picta
278 2224 358 2254 seu
375 2217 593 2255 recamata
614 2214 660 2254 in
679 2225 766 2266 qua
789 2213 949 2266 scripta
970 2214 1025 2254 sit
1043 2203 1295 2255 LIBERTAS
1315 2213 1452 2254 literis
1472 2214 1632 2254 aureis.

167 2313 170 2315 .
202 2294 223 2314 «
255 2279 432 2320 Decimo
449 2279 602 2331 quinto
621 2290 630 2318 :
654 2280 756 2331 quia
776 2279 889 2320 dicta
907 2280 1027 2332 regia
1049 2279 1256 2331 impresia
1278 2279 1392 2320 cedit
1412 2279 1469 2320 ad
1483 2290 1717 2320 commune
1736 2289 1928 2320 commo-

147 2344 268 2393 dum,
285 2355 335 2384 ac
353 2345 484 2385 etiam
502 2356 580 2396 pro
602 2345 714 2385 dicte
735 2345 1082 2387 conservationis
1102 2345 1318 2386 libertatis
1339 2356 1537 2394 munere,
1557 2345 1816 2397 promittunt
1835 2356 1931 2396 pre-

147 2410 223 2452 fati
246 2411 432 2464 syndici,
453 2412 632 2452 nomine
662 2423 749 2463 quo
781 2422 929 2462 supra,
952 2411 997 2450 in
1026 2410 1239 2451 auxilium
1266 2410 1422 2462 prefati
1449 2410 1796 2451 christianissimi
1814 2410 1931 2463 regis

146 2477 200 2518 ad
221 2478 569 2530 recuperandem
591 2489 722 2519 suum
751 2488 936 2530 regnum
970 2477 1323 2528 Neapolitanum,
1344 2487 1397 2517 ex
1427 2487 1580 2516 eorum
1607 2487 1726 2517 mera
1744 2475 1933 2516 liberali-

147 2546 250 2592 tate,
276 2543 442 2584 donare
461 2547 505 2584 et
526 2544 697 2585 solvere
719 2544 832 2584 dicto
860 2543 1224 2584 christianissimo
1254 2542 1430 2583 domino
1453 2541 1548 2594 regi
1573 2552 1653 2582 sue
1680 2542 1775 2582 eius
1795 2541 1932 2594 legip-

147 2609 252 2649 timo
291 2610 585 2661 procuratori,
619 2620 840 2650 summam
870 2612 912 2649 et
943 2609 1236 2661 quantitatem
1269 2608 1537 2649 florenorum
1569 2609 1745 2647 centum
1776 2605 1931 2659 viginti

144 2675 331 2715 millium
357 2676 454 2716 auri
483 2678 526 2716 et
551 2676 597 2715 in
626 2687 735 2716 auro
761 2675 1003 2728 largorum,
1027 2674 1302 2726 temporibus
1326 2677 1370 2714 et
1394 2673 1593 2714 terminis
1609 2670 1928 2724 infrascriptis,

146 2741 345 2783 videlicet
363 2754 373 2780 ε
394 2740 688 2793 quadragInta
708 2740 841 2781 millia
862 2739 973 2780 infra
995 2740 1248 2792 quindecim
1269 2739 1363 2780 dies
1383 2738 1579 2790 proxime
1592 2736 1780 2787 futuros,
1803 2737 1930 2790 quin-

148 2807 360 2860 quaginta
395 2806 530 2847 millia
559 2817 637 2858 per
667 2809 808 2847 totum
844 2817 1044 2846 mensem
1082 2805 1229 2846 martii
1267 2805 1464 2856 proxime
1494 2803 1646 2854 futuri,
1679 2805 1722 2843 et
1750 2802 1929 2855 triginta

145 2873 279 2913 millia
300 2883 378 2924 per
396 2875 539 2913 totum
555 2882 754 2913 mensem
775 2872 884 2912 iunii
899 2871 1090 2922 proxime
1107 2870 1258 2911 futuri.
1777 2874 1779 2877 ⁴

201 2953 222 2975 «
253 2938 429 2979 Decimo
448 2941 573 2979 sexto
594 2951 605 2979 ε
632 2936 790 2990 prefati
811 2937 997 2990 syndici,
1021 2937 1225 2989 precibus
1246 2937 1609 2978 christianissime
1631 2935 1750 2988 regie
1765 2934 1929 2987 ,maies-

148 3003 252 3044 tatis
284 3004 409 3054 moti,
441 3004 529 3056 qui.
550 3004 606 3044 ob
641 3014 768 3043 suam
800 3003 1078 3044 clementiam
1112 3004 1194 3044 hoc
1227 3003 1372 3055 petiit,
1400 3003 1697 3055 promiserunt
1727 3011 1930 3041 revocare

147 3069 327 3121 tagliam
351 3079 430 3108 seu
458 3068 677 3119 premium
701 3068 821 3119 quod
853 3068 955 3108 dicti
985 3079 1137 3109 eorum
1158 3068 1422 3120 principales
1439 3069 1738 3119 promiserunt
1763 3064 1931 3105 interfi-

147 3134 277 3175 cienti
309 3135 483 3174 Petrum
518 3133 571 3174 de
601 3132 794 3181 Medicis,
819 3143 898 3172 seu
929 3133 969 3173 ei
1001 3133 1077 3185 qui
1108 3133 1254 3184 ipsum
1286 3136 1460 3185 caperet
1493 3135 1537 3172 et
1567 3132 1713 3172 vivum
1739 3129 1931 3170 traderet

148 3199 274 3240 dictis
296 3198 484 3240 dominis
514 3197 774 3239 Florentinis
794 3210 804 3247 ;
824 3200 868 3238 et
895 3197 955 3238 ita
977 3209 1030 3238 ex
1056 3209 1173 3240 nunc
1205 3198 1364 3240 dictam
1396 3197 1576 3250 tagliam
1603 3208 1682 3237 seu
1714 3194 1931 3248 premium

148 3266 477 3314 revocaverunt,
500 3266 543 3305 et
559 3263 858 3315 promiserunt
887 3263 1025 3312 etiam.
1045 3264 1220 3305 banniri
1250 3263 1392 3304 facere
1419 3263 1580 3303 dictam
1609 3260 1929 3302 revocationem

150 3341 228 3381 per
251 3329 475 3381 publicum
504 3339 738 3381 preconem
758 3329 803 3368 in
824 3328 996 3370 civitate
1021 3329 1235 3371 Florentie
1265 3333 1307 3369 et
1338 3340 1415 3380 per
1443 3328 1535 3369 loca
1569 3327 1741 3379 publica
1763 3329 1806 3367 et
1830 3337 1931 3366 con·

152 3397 276 3436 sueta
294 3394 406 3436 dicte
426 3395 627 3436 civitatis.
