2202 3926
293 313 360 347 144
892 310 1122 347 „IOHANNIS
1157 310 1447 355 BURCHARDI,
1864 308 1946 349 [Mai
1969 299 2062 347 1494]

294 417 568 461 reverenter
604 414 664 461 ad
705 413 965 462 thalamum
1006 430 1033 461 a
1068 413 1254 460 duobus
1295 411 1392 458 suis
1429 408 1761 457 assistentibus
1797 408 1857 455 ad
1888 409 2062 471 gradus

294 496 490 544 thalami
512 497 799 556 associatum
826 497 924 551 ubi,
951 497 1075 543 facta
1105 500 1152 543 et
1176 497 1369 555 recepta
1399 491 1686 549 reverentia,
1712 489 1908 537 dimisso
1930 506 2061 554 rege,

293 580 354 627 ad
388 597 473 628 sua
503 581 611 628 loca
643 585 962 628 revertuntur.
992 583 1092 625 Rex
1122 574 1338 624 ascendit
1359 574 1629 622 thalamum
1656 573 1767 622 etin
1787 573 1906 620 solio
1930 572 2063 620 sedet

295 679 446 726 usque
470 663 529 710 ad
552 663 889 726 prefationem.

361 749 584 808 Legatus,
607 748 715 807 post
733 759 978 791 recessum
997 741 1140 805 regis,
1159 741 1387 805 depositis
1410 739 1720 800 chirothecis,
1738 739 1861 788 lavat
1875 755 2062 799 manUS,

296 828 510 876 ascendit
530 828 589 874 ad
609 827 757 875 altare
778 831 824 875 et
846 826 1151 890 prosequitur
1171 825 1368 873 missam
1390 841 1525 873 more
1549 825 1706 873 solito.

362 913 515 975 Super
535 911 735 959 calicem
761 910 862 959 sive
883 914 1127 974 patenam,
1154 913 1395 972 ponuntur
1417 924 1499 957 sex
1526 909 1706 967 hostie,
1729 907 1947 956 videlicet
1971 910 2067 955 tres

297 1010 470 1058 magne
505 998 551 1042 et
582 997 677 1041 tres
708 1008 850 1057 parve
880 1009 889 1040 :
917 992 975 1039 de
1004 991 1174 1054 quibus
1208 991 1527 1041 subdiaconus
1558 992 1638 1040 dat
1665 1007 1810 1039 unam
1845 1005 2068 1053 magnam

298 1081 345 1125 et
368 1093 512 1125 unam
544 1092 738 1139 parvam
765 1074 1119 1133 credentiariis3
1158 1078 1204 1122 et
1231 1074 1290 1122 de
1319 1075 1538 1139 ampullis
1569 1074 1661 1122 vini
1682 1078 1727 1123 et
1748 1089 1870 1137 aque
1902 1072 1949 1120 in
1977 1088 2073 1119 una

298 1165 423 1208 tazza
455 1175 541 1223 pro
575 1158 838 1217 credentia,
875 1164 922 1205 et
954 1174 1064 1205 cum
1098 1159 1319 1221 ampullis
1349 1159 1577 1222 predictis
1610 1161 1827 1222 portatur
1859 1160 1984 1204 tazza
2013 1154 2073 1202 ad

298 1243 446 1291 altare
463 1242 607 1291 etiam
627 1258 713 1306 pro
728 1243 896 1306 proba,
923 1242 1002 1289 ubi
1025 1257 1114 1305 ego
1135 1242 1195 1290 do
1217 1258 1362 1290 unam
1382 1242 1594 1290 hostiam
1615 1256 1840 1305 magnam
1862 1243 1908 1288 et
1927 1254 2072 1287 unam

299 1342 492 1390 parvam
522 1325 818 1374 subdiacono
839 1341 926 1388 pro
956 1325 1122 1389 proba,
1148 1330 1195 1374 et
1222 1326 1280 1375 de
1309 1326 1531 1389 ampullis
1552 1325 1647 1372 vini
1670 1328 1716 1373 et
1737 1340 1859 1387 aque
1880 1323 1930 1371 in
1951 1328 2075 1370 tazza

300 1410 456 1458 eidem
481 1410 625 1458 etiam
643 1425 729 1473 pro
751 1409 917 1473 proba.
943 1410 1046 1458 Alia
1064 1410 1202 1469 fiunt,
1228 1413 1279 1458 ut
1300 1410 1432 1458 alias.

363 1493 575 1542 Incensis
605 1509 691 1556 per
718 1493 935 1562 legatum
964 1493 1134 1540 oblatis
1168 1493 1227 1541 ad
1261 1494 1426 1552 altare,
1458 1494 1736 1541 incensatur
1768 1492 1954 1556 legatus
1988 1508 2075 1556 per

301 1577 556 1625 diaconum
578 1582 651 1625 ter
673 1577 760 1626 sibi
782 1578 1079 1626 thuribulum
1100 1578 1384 1627 offerentem
1410 1597 1418 1626 :
1446 1583 1549 1626 tum
1570 1594 1681 1626 cum
1703 1577 1906 1625 diacono
1929 1576 2076 1624 thuri-

301 1658 469 1705 bulum
485 1658 730 1707 deferente
753 1661 939 1708 accedit
961 1661 1021 1708 ad
1042 1676 1205 1724 regem
1227 1661 1276 1708 in
1296 1661 1507 1709 thalamo
1530 1677 1640 1709 cum
1662 1661 1804 1709 mitra
1818 1660 2078 1723 archiepis—

303 1757 449 1806 copus
471 1742 809 1805 Neapolitanus
829 1761 839 1801 3
865 1759 958 1805 quo
981 1742 1162 1790 ibidem
1179 1744 1457 1803 constituto,
1477 1743 1627 1806 surgit
1648 1759 1732 1791 rex
1751 1758 1861 1790 cum
1877 1757 2072 1800 corona,

309 1829 356 1873 et
398 1824 790 1889 archiepiscopus
834 1825 1053 1889 deposita
1090 1826 1247 1885 mitra,
1285 1831 1484 1890 accepto
1523 1825 1784 1885 thuribulo,
1814 1825 1939 1872 facta
1976 1823 2077 1886 regi

304 1908 570 1957 reverentia
598 1924 707 1955 cum
732 1909 905 1972 capite,
931 1913 1061 1957 stans
1089 1914 1199 1958 ante
1228 1910 1450 1957 ultimum
1479 1910 1678 1973 gradum
1707 1909 1829 1967 solii,
1861 1908 2078 1955 incensat

305 2007 470 2054 regem
493 2006 604 2038 cum
626 2007 805 2039 corona
832 1995 1054 2051 stantem,
1081 1997 1153 2041 ter
1180 1993 1224 2041 ei
1252 1993 1552 2041 thuribulum
1573 1993 1771 2041 ducens.
1796 1995 1936 2051 Tum,
1955 1991 2081 2039 faeta

305 2074 413 2133 sibi,
443 2078 493 2122 ut
525 2074 674 2138 prius,
706 2075 991 2135 reverentia,
1023 2075 1181 2123 reddit
1212 2075 1507 2123 thuribulum
1541 2076 1764 2135 diacono,
1798 2079 1846 2123 et
1878 2067 2079 2137 accepta

305 2157 447 2205 mitra
468 2162 512 2205 et
538 2173 647 2205 cum
676 2173 734 2205 ea
760 2158 861 2221 regi
889 2159 1156 2207 reverentia
1176 2159 1316 2220 sacta,
1342 2161 1465 2209 redit
1495 2161 1555 2208 ad
1583 2161 1744 2208 locum
1773 2176 1929 2208 suum.
1950 2164 2079 2208 Inte-

308 2239 399 2287 rim
430 2239 659 2287 diaconus
685 2240 904 2288 incensat
928 2256 1096 2289 omnes
1127 2242 1302 2305 regios,
1330 2242 1403 2289 bis
1431 2242 1629 2290 cuilibet
1657 2242 1837 2290 ducens
1864 2241 2081 2290 thuribu-

304 2322 422 2382 lum,
465 2327 568 2370 tum
609 2323 1026 2387 archiepiscopum
1059 2324 1415 2373 Antiochenum
1442 2341 1497 2373 ac
1525 2340 1694 2375 omnes
1721 2324 1838 2372 alios
1870 2324 2078 2388 prelatos

308 2410 517 2468 paratos,
549 2406 746 2454 cuilibet
776 2407 849 2454 bis
878 2407 1177 2455 thuribulum
1205 2408 1384 2456 ducens
1407 2425 1416 2467 ;
1441 2411 1547 2472 post
1576 2408 1786 2470 prelatos
1814 2407 2082 2456 incensabit

310 2493 543 2548 oratores,
573 2489 855 2553 episcopum
894 2490 1224 2554 Tropiensem,
1250 2494 1295 2539 et
1322 2491 1458 2551 alios,
1482 2492 1754 2556 capellanos
1795 2477 2015 2556 majores
2036 2496 2083 2539 et

309 2572 426 2619 alios
467 2572 608 2631 duOS,
650 2572 978 2621 confessorem
1025 2578 1071 2621 et
1119 2574 1539 2623 eleemosinarium
1586 2575 1633 2622 in
1680 2575 1892 2623 thalamo
1934 2573 2079 2637 regis,

310 2655 535 2714 barones,
575 2655 782 2703 electum
821 2655 1189 2716 Aconicensem,
1226 2658 1580 2722 protonotarios
1617 2659 1742 2706 della
1782 2660 1907 2722 Sega
1941 2663 1987 2706 et
2024 2658 2082 2706 de

313 2739 613 2798 Sermoneta,
659 2740 713 2786 D.
753 2740 1104 2788 Bernardinum
1141 2741 1489 2789 subdiaconum
1529 2745 1577 2790 et
1609 2743 1823 2807 acolytos
1856 2741 2085 2805 apostoli-

314 2836 396 2868 cos
422 2821 582 2883 legato
611 2821 907 2881 assistentes,
940 2823 1277 2882 subdiaconOS,
1303 2823 1420 2871 alios
1446 2824 1719 2887 capellanos
1749 2828 1952 2887 togatos,
1977 2840 2084 2871 scu-

315 2903 481 2951 tiferos
507 2903 670 2966 legati,
697 2905 1079 2964 credentiarum3
1111 2906 1309 2970 singulis
1334 2907 1408 2953 his
1439 2907 1589 2954 semel
1613 2910 1798 2954 tantum
1826 2906 1954 2954 ducit
1973 2906 2084 2953 thu-
2151 2963 2154 2966 ,

318 2986 545 3045 ribulum,
569 2990 670 3033 tum
693 3002 769 3034 me
792 2987 1077 3048 incensabit,
1101 2994 1148 3037 et
1169 3004 1257 3053 ego
1280 3005 1406 3037 eum.
2003 2976 2005 2979 .

385 3072 563 3132 Legato
605 3069 924 3131 prefationem
957 3071 1234 3134 incipiente,
1266 3072 1416 3135 surgit
1443 3088 1526 3120 rex
1560 3088 1669 3120 cum
1701 3087 1897 3132 corona,
1935 3077 1999 3131 et,
2032 3085 2088 3120 ea

321 3151 473 3209 finita,
498 3152 716 3215 deposita
737 3152 825 3200 sibi
847 3168 1043 3213 corona,
1066 3154 1179 3202 dicit
1200 3171 1310 3203 cum
1332 3155 1591 3218 capellanis
1612 3156 1727 3215 suis,
1750 3157 1954 3204 Sanctus
1973 3162 2056 3202 etc.
2070 3168 2085 3214 ,⁴

324 3249 417 3297 quo
439 3234 584 3294 dicto,
609 3242 907 3300 reassumpta
928 3251 1123 3293 corona,
1148 3238 1362 3286 ascendit
1380 3238 1440 3285 ad
1461 3238 1639 3288 sediale
1663 3255 1803 3287 suum
1830 3239 1909 3286 ubi
1941 3253 2089 3302 genu-

324 3317 490 3376 flectit,
521 3318 729 3366 dimissis
764 3335 959 3379 corona,
994 3324 1181 3384 sceptro
1210 3325 1257 3370 et
1289 3337 1452 3385 pom0‚
1484 3322 1551 3371 sic
1591 3338 1809 3382 manenS,
1840 3319 2087 3385 quousque

325 3401 381 3449 ad
400 3402 792 3450 communionem
810 3404 868 3451 sit
884 3404 1058 3452 iturus.r
