2222 3926
151 352 263 394 [Avril
284 354 379 394 1495]
595 351 765 389 RERUM
797 349 1102 388 URBANARUM
1134 347 1483 386 COMMENTARII.
1868 349 1939 386 249

155 455 462 520 depredatus.
489 455 559 504 Illi
580 454 659 519 qui
688 454 865 504 Urbem
881 453 1125 503 exiverant
1146 452 1467 516 confugerunt
1488 451 1547 498 ad
1570 466 1716 498 unam
1738 450 1936 498 domum

154 543 289 588 extra
309 544 498 605 portam
527 539 686 598 sitam,
711 539 756 587 in
781 554 874 602 qua
900 553 952 586 se
973 537 1126 585 libere
1147 535 1469 584 defenderunt
1494 551 1504 582 ε
1530 549 1723 581 rumore
1747 534 1933 590 sedato,

154 614 435 688 capitaneus
474 623 637 688 palatii
672 626 798 688 Pape
837 622 932 670 sive
965 621 1091 669 illius
1128 619 1365 679 custodia,
1394 618 1672 668 convocatis
1711 617 1936 665 omnibus

152 708 269 772 ipsis
302 708 557 767 Suizzeris,
591 707 843 756 associavit
863 711 912 756 et
945 705 1172 754 conduxit
1194 719 1278 753 eos
1297 703 1359 752 ad
1377 702 1589 767 hospitia
1609 701 1871 766 Campanie
1890 704 1937 748 et

153 791 342 856 Angeli,
368 808 518 857 prope
539 808 764 856 campum
787 791 944 851 Flore,
968 791 1048 838 ubi
1070 789 1284 855 pluribus
1302 788 1471 837 diebus
1493 791 1884 852 permanserunt.

220 874 424 932 Quidam
462 875 635 924 nobilis
675 875 856 933 Gallus,
898 890 1009 921 cum
1044 872 1260 938 pluribus
1291 870 1605 920 servitoribus
1632 869 1693 917 ad
1727 869 1934 933 patriam

159 959 397 1009 rediturus
424 975 513 1024 per
543 963 742 1023 pontem
779 958 990 1006 Milvium
1029 957 1269 1020 equitans,
1313 960 1360 1003 et
1390 958 1499 1019 post
1540 969 1592 1002 se
1619 953 1807 1001 habens
1839 957 1935 1001 tres

157 1044 333 1092 salmas
372 1043 612 1092 bonorum
643 1057 859 1102 suorum,
891 1041 980 1089 fuit
1008 1056 1096 1104 per
1116 1040 1247 1088 illam
1276 1039 1400 1087 viam
1437 1037 1573 1101 equis
1596 1037 1695 1085 suis
1722 1040 1770 1085 et
1794 1037 1936 1084 rebus

156 1144 212 1177 ac
247 1143 343 1176 una
375 1127 529 1176 salma
577 1130 763 1175 tantum
808 1140 902 1189 que
940 1139 1092 1188 prope
1143 1124 1301 1187 ipsum
1348 1126 1448 1171 erat
1498 1120 1728 1185 spoliatus
1762 1125 1809 1169 et
1847 1119 1936 1167 sibi

154 1211 346 1261 circiter
379 1216 516 1259 scuta
567 1208 912 1274 quinquaginta
949 1208 1161 1271 quinque
1200 1211 1507 1270 receperunt,
1556 1204 1837 1254 retrocessit
1878 1205 1939 1251 ad

156 1295 336 1345 Urbem
377 1300 424 1344 et
469 1295 587 1343 alias
623 1294 743 1342 duas
771 1292 947 1340 salmas
986 1307 1097 1339 suas
1131 1306 1249 1355 quas
1278 1306 1366 1354 per
1393 1290 1518 1338 viam
1556 1289 1735 1337 invenit
1770 1303 1938 1336 secum

153 1380 267 1428 fecit
302 1379 480 1428 redire.
528 1378 674 1426 Filius
720 1376 975 1426 cardinalis
1014 1374 1348 1423 Macloviensis
1382 1374 1443 1422 ad
1481 1374 1660 1422 Urbem
1691 1378 1938 1421 revertens

153 1462 238 1510 fuit
255 1478 406 1527 prope
424 1462 632 1510 insulam
658 1461 943 1509 Ursinorum
967 1459 1161 1509 circiter
1180 1458 1272 1507 tria
1289 1457 1500 1507 millibus
1523 1462 1771 1506 scutorum
1793 1455 1939 1520 spoli-

156 1549 282 1594 tatus
304 1551 351 1594 et
372 1546 582 1596 occisuS.

219 1633 312 1679 Res
344 1631 438 1679 hec
459 1634 629 1679 contra
651 1630 894 1679 Suizzeros
918 1630 1007 1677 fuit
1027 1630 1086 1678 ab
1115 1629 1339 1693 Hispanis
1360 1628 1693 1693 preordinata;
1719 1631 1765 1676 et
1787 1627 1940 1674 omni-

150 1715 243 1762 -bus
263 1714 403 1762 bonis
425 1730 613 1774 eorum,
645 1714 740 1763 sive
761 1713 811 1761 in
839 1714 964 1762 Urbe
984 1713 1080 1761 sive
1102 1729 1252 1777 prope
1275 1717 1434 1761 castra
1452 1712 1528 1760 vel
1549 1712 1678 1759 circa
1698 1710 1939 1774 Burghet—

156 1802 275 1858 tum,
300 1798 497 1846 omnino
521 1797 763 1862 spoliatis;
787 1801 835 1846 et
855 1796 916 1845 ad
937 1797 1165 1846 effectum
1186 1795 1464 1861 hujusmodi
1482 1795 1727 1860 petierunt
1746 1810 1774 1842 a
1795 1796 1934 1841 Rmo.

156 1886 216 1931 D.
259 1882 652 1940 vicecancellario
688 1887 858 1930 mutuo
895 1881 983 1929 sibi
1027 1881 1232 1945 prestari
1271 1880 1470 1943 triginta
1514 1894 1683 1943 equos,
1725 1879 1939 1942 Janettos

156 1971 477 2030 nuncupatos,
505 1964 678 2029 quibus
712 1980 762 2013 se
785 1964 1004 2029 indigere
1033 1964 1336 2022 asserebant3
1362 1963 1423 2011 ad
1446 1962 1575 2026 quod
1595 1967 1758 2009 tamen
1789 1973 1939 2022 equos

156 2049 226 2098 eis
265 2049 582 2097 mutuandum
625 2049 876 2097 recusavit.
921 2048 1028 2096 Fuit
1067 2047 1241 2096 deinde
1279 2049 1337 2095 ab
1389 2047 1628 2111 aliquibus
1668 2043 1937 2108 expositum

157 2131 453 2181 cardinalem
485 2130 798 2180 Valentinum
836 2131 1054 2196 predicta
1089 2136 1260 2180 contra
1282 2131 1530 2180 Suizzeros
1552 2128 1801 2178 ordinasse
1824 2133 1869 2176 et
1891 2128 1940 2175 in

155 2216 411 2265 vindictam
445 2216 692 2275 statuisse,
721 2231 810 2280 pro
842 2230 901 2264 eo
934 2216 1063 2280 quod
1088 2216 1310 2275 Suizzeri‚
1344 2230 1460 2278 rege
1487 2213 1690 2262 Francie
1715 2228 1871 2277 nuper
1890 2212 1939 2259 in

159 2299 282 2349 Urbe
305 2300 561 2359 existente,
582 2303 789 2348 matrem
811 2315 948 2347 suam
972 2299 1263 2363 octingentis
1289 2297 1475 2346 ducatis
1496 2312 1552 2345 ac
1572 2296 1716 2345 rebus
1733 2300 1781 2344 et
1801 2296 1939 2345 bonis

155 2384 254 2432 suis
285 2384 389 2432 aliis
419 2384 468 2432 in
504 2383 699 2448 propria
725 2383 870 2431 domo
911 2399 998 2432 sua
1028 2400 1113 2432 sue
1153 2384 1465 2433 habitationis
1497 2387 1543 2432 et
1574 2383 1853 2440 residentie,
1896 2381 1939 2429 vi

156 2474 202 2518 et
220 2468 402 2533 absque
424 2467 606 2516 ratione
627 2466 842 2515 indebite
864 2467 1186 2531 spoliaverant
1203 2472 1250 2516 et
1269 2467 1520 2532 depredati
1544 2467 1735 2515 fuerant
1757 2464 1843 2526 (1).

225 2553 314 2600 Die
359 2551 564 2610 sabbati,
607 2556 634 2598 4
669 2550 849 2614 aprilis,
888 2550 938 2598 in
978 2567 1139 2612 mane,
1194 2552 1495 2616 Alphonsum
1534 2549 1777 2598 Sardinias
1826 2549 1939 2597 olim

149 2635 447 2685 sanctissimi
476 2637 534 2682 D.
559 2636 616 2683 N.
648 2649 917 2694 cursorem,
949 2639 1062 2684 tunc
1085 2635 1223 2684 Urbis
1251 2635 1537 2698 barigellum
1570 2649 1681 2682 cum
1715 2632 1939 2696 gentibus

158 2720 256 2769 suis
281 2735 339 2768 ex
367 2718 576 2768 Piscaria
615 2717 900 2767 redeuntem
923 2734 1008 2766 seu
1045 2717 1158 2766 illuc
1194 2721 1391 2766 euntem
1424 2716 1597 2765 invasit
1629 2714 1934 2778 Sabastiglia,

157 2804 271 2853 civis
303 2818 548 2861 romanuS‚
584 2807 816 2862 armatus,
847 2801 1009 2850 auimo
1044 2801 1328 2860 deliberato,
1372 2805 1420 2848 et
1453 2815 1504 2848 se
1531 2804 1699 2847 mutuo
1733 2798 1940 2862 graviter

155 2887 541 2935 vulneraverunt.
578 2887 711 2934 Unus
751 2901 810 2933 ex
846 2885 1157 2934 servitoribus
1194 2884 1412 2948 barigelli
1449 2883 1592 2932 unico
1615 2878 1727 2931 ‘ictu
1760 2881 1939 2930 collum

157 2971 442 3035 Sabastiglie
464 2969 620 3030 scidit,
647 2985 706 3018 ex
730 2961 825 3033 quo
849 2969 947 3018 ictu
969 2969 1143 3018 cecidit
1159 2968 1465 3033 Sabastiglia,
1491 2967 1634 3016 abivit
1654 2966 1934 3031 barigellus,

161 3059 388 3118 etparum
399 3054 524 3102 ultro
542 3053 687 3102 etiam
709 3053 910 3113 cecidit;
932 3058 981 3102 et
1002 3052 1257 3101 servitores
1273 3052 1345 3100 sui
1371 3052 1432 3100 ad
1453 3051 1711 3115 quamdam
1734 3049 1937 3114 apothe-

161 3153 268 3186 cam
289 3137 467 3187 ibidem
488 3137 755 3197 trahentes,
780 3136 975 3202 quidam
996 3152 1223 3185 romanus
1245 3152 1442 3186 currens
1472 3136 1631 3201 ipsum
1651 3150 1739 3199 per
1763 3132 1938 3198 pedem

208 3310 240 3347 1.
270 3307 368 3344 Telle
382 3313 440 3345 est
457 3308 494 3345 la
510 3309 614 3354 lecon
630 3310 679 3346 du
698 3322 790 3348 mss.
808 3311 877 3347 149
895 3311 944 3346 du
957 3311 1052 3347 5160
1070 3315 1107 3348 et
1119 3310 1306 3354 d'Eccard‚
1322 3308 1390 3346 col.
1407 3309 1513 3345 2067.
1533 3307 1582 3343 Le
1604 3306 1726 3354 Chigi,
1738 3306 1763 3343 f.
1786 3306 1868 3342 483.
1885 3317 1936 3347 v.‚

162 3369 194 3406 le
225 3369 375 3413 55:222,
402 3367 427 3405 t'.
456 3369 518 3413 72,
545 3372 582 3404 et
606 3369 641 3405 le
670 3370 800 3417 13735,
826 3369 852 3407 f.
884 3370 965 3407 137.
996 3383 1031 3408 v.
1065 3370 1231 3406 donnent
1258 3380 1266 3404 :
1291 3383 1310 3401 «
1410 3366 1492 3403 Fuit
1520 3366 1650 3402 deinde
1677 3365 1723 3401 ab
1753 3363 1936 3412 equitibus

160 3427 368 3477 expositum
456 3439 519 3476 pro
541 3439 583 3464 eo
603 3429 702 3476 quod
727 3429 930 3466 Suetenses
951 3429 1052 3478 regis
1078 3428 1230 3466 Francie
1250 3427 1286 3464 vi
1307 3430 1342 3464 et.
1361 3426 1502 3474 absque
1525 3425 1664 3462 ratione
1750 3438 1769 3456 »
1792 3422 1862 3459 Sur
1881 3425 1937 3456 cet

163 3491 388 3532 ἑνόηεωθηῑ,
408 3499 494 3536 voy.
517 3487 671 3532 Sanuto,
691 3499 728 3536 p.
750 3489 834 3527 292.
