2248 3906
186 302 456 344 [Janvier1498]
639 301 807 337 RERUM
842 299 1142 337 URBANARUM
1174 299 1523 336 COMMENTARH.
1891 304 1960 339 429

188 403 277 451 fuit
298 402 540 466 quoddam
562 402 805 452 editicium
826 418 910 451 sex
934 402 1108 466 gradus
1131 401 1316 449 habens
1335 401 1394 449 ab
1415 401 1547 448 omni
1568 406 1703 465 parte
1735 418 1744 449 :
1771 404 1956 465 primus

188 486 365 549 gradus
394 486 442 533 in
477 486 620 550 plano
651 485 856 534 ecclesie
882 484 1066 549 positus
1095 488 1142 533 et
1171 484 1303 532 omni
1331 488 1485 549 parte,
1523 484 1618 532 sive
1648 484 1960 550 quadrangu-

185 569 298 617 laris
332 573 452 627 erat,
487 569 798 633 longitudinis
833 572 942 617 octo
978 568 1249 632 palmorum
1283 568 1358 616 vel
1393 568 1544 627 circa;
1585 584 1731 632 supra
1764 568 1960 632 planum

188 653 308 701 sexti
339 653 573 717 graduum
605 652 881 716 hujusmodi
911 651 1096 716 positus
1127 656 1227 701 erat
1256 652 1517 701 catalectus
1548 668 1632 700 seu
1666 667 1811 716 capsa
1841 669 1961 716 que-

186 736 296 783 dam
317 736 536 784 eminens
557 740 605 784 et
626 736 721 783 alta
742 741 885 800 prout
907 735 1244 791 cardinalibus,
1271 741 1380 799 post
1401 736 1603 794 obitum,
1627 736 1733 784 fieri
1755 751 1963 786 consue-

185 819 266 876 vit,
291 834 384 882 que
413 835 557 884 supra
577 834 746 868 eorum
774 819 995 882 sepulcra
1019 818 1212 883 ponitur
1235 835 1244 865 :
1269 834 1414 882 capsa
1433 819 1708 883 hujusmodi
1733 825 1964 883 cooperta

185 907 286 949 erat
321 902 645 965 pulcherrimo
678 902 821 966 pallio
851 902 1064 949 broccati
1091 901 1194 949 auri
1226 918 1235 948 :
1267 902 1443 964 gradus
1477 917 1646 950 omnes
1679 918 1790 951 cum
1817 903 1960 967 plano

185 986 420 1050 superiori
450 986 604 1050 palliis
632 985 814 1034 brocati
835 986 938 1033 auri
961 989 1098 1033 erant
1124 984 1359 1048 cooperti,
1389 984 1608 1033 videlicet
1630 1001 1739 1048 pars
1764 985 1847 1034 illa
1874 1003 1959 1035 seu

184 1069 360 1132 gradus
389 1083 555 1117 versus
576 1068 725 1117 altare
747 1069 905 1132 majus
932 1072 978 1116 et
1006 1084 1172 1116 versus
1201 1073 1391 1131 portam
1415 1068 1570 1131 palliis
1595 1067 1842 1127 violaceis;
1868 1068 1959 1116 alie

184 1151 276 1200 due
313 1157 473 1215 partes
507 1151 731 1200 laterales
767 1151 923 1215 palliis
959 1151 1120 1199 rubeis
1156 1155 1291 1200 extra
1327 1155 1556 1199 castrum.
1595 1154 1726 1199 Inter
1758 1150 1876 1198 illud
1911 1156 1960 1200 et

182 1239 372 1298 portam
392 1235 614 1283 introitus
643 1234 848 1284 ecclesie
870 1234 1068 1283 sedebat
1092 1234 1378 1299 magnificus
1405 1233 1595 1281 Garsias
1623 1237 1787 1293 Lasso,
1818 1234 1958 1283 miles

184 1334 222 1365 s.
253 1319 418 1366 Jacobi
439 1319 498 1366 de
527 1318 575 1366 la
595 1318 792 1382 Spatha,
825 1324 989 1367 orator
1018 1318 1144 1382 regis
1172 1322 1219 1366 et
1249 1317 1415 1381 regine
1450 1317 1790 1381 Hispaniarum
1816 1334 1960 1381 super

183 1416 380 1448 scamno
413 1401 592 1450 ibidem
624 1418 711 1467 pro
747 1417 805 1450 eo
837 1403 974 1466 juxta
1005 1407 1217 1451 castrum
1250 1400 1407 1466 posito
1443 1416 1472 1448 a
1504 1399 1702 1459 dextriS,
1742 1400 1871 1464 apud
1908 1417 1958 1449 se

180 1483 366 1532 habens
397 1487 453 1533 D.
486 1485 803 1536 Philibertum
831 1488 1081 1546 Naturelli,
1112 1490 1355 1535 oratorem
1382 1484 1675 1533 serenissimi
1704 1484 1834 1547 regis
1865 1487 1960 1532 Ro-

181 1582 435 1615 manorum
458 1572 505 1616 et
525 1584 554 1616 a
575 1569 778 1618 sinistris
800 1574 857 1618 D.
883 1570 1181 1634 Sperandeo,
1214 1575 1456 1619 oratorem
1487 1570 1614 1633 regis
1635 1570 1953 1633 Neapolitani.

185 1652 296 1699 Post
334 1667 437 1709 e05,
479 1657 615 1701 erant
654 1653 746 1701 tria
783 1670 982 1703 scamna
1019 1655 1177 1719 posita
1214 1670 1306 1718 que
1346 1657 1495 1702 totam
1535 1653 1746 1702 mediam
1785 1669 1957 1702 navem

182 1734 385 1783 ecclesie
422 1736 723 1800 occupabant
760 1753 848 1801 pro
884 1738 1064 1786 familia
1099 1741 1345 1786 oratorum
1380 1736 1709 1800 predictorum
1745 1741 1793 1785 et
1827 1737 1958 1785 cele—

181 1815 386 1874 brantis;
414 1818 494 1880 qui
522 1833 690 1867 omnes
718 1826 765 1868 et
792 1820 1012 1868 similiter
1037 1824 1254 1869 oratores
1275 1819 1427 1867 induti
1455 1824 1592 1867 erant
1611 1819 1783 1882 pannis
1804 1820 1954 1883 nigris

180 1899 407 1960 funestis;
432 1901 631 1965 capucia
650 1903 881 1950 tamenin
906 1903 1140 1967 capitibus
1162 1917 1260 1951 non
1279 1901 1540 1950 habebant.
1566 1903 1721 1965 Supra
1743 1906 1955 1950 castrum

174 1981 353 2030 doloris
374 1999 472 2031 non
500 1984 693 2034 fuerunt
718 1987 874 2050 posite
902 1986 1102 2035 candele
1130 1985 1216 2034 sed
1235 1985 1479 2033 intorticia
1505 1988 1693 2033 tantum
1719 1984 1952 2033 librarum

174 2071 381 2128 quatuor
400 2067 646 2130 quodlibet
671 2085 874 2117 numero
896 2085 1034 2130 cxxv,
1061 2070 1135 2118 vel
1162 2070 1306 2129 circa,
1335 2074 1382 2118 et
1405 2069 1614 2133 quinque
1641 2069 1735 2117 alia
1754 2085 1949 2134 magna,

169 2147 390 2198 videlicet
412 2155 617 2213 quatuor
636 2151 686 2198 in
707 2155 911 2214 quatuor
931 2152 1120 2216 angulis
1142 2152 1284 2200 castri
1306 2156 1354 2200 et
1377 2151 1427 2198 in
1449 2151 1612 2199 medio
1634 2150 1948 2209 summitatis3

170 2231 390 2294 quintum
411 2249 617 2297 quorum
639 2234 887 2298 quodlibet
914 2241 1015 2285 erat
1042 2252 1137 2284 xxv
1155 2236 1389 2284 librarum
1418 2235 1491 2283 vel
1518 2234 1648 2282 circa
1667 2234 1716 2282 in
1737 2234 1953 2298 quolibet

169 2329 227 2362 ex
250 2321 457 2379 quatuor
485 2318 715 2366 lateribus
747 2318 908 2367 castri.
942 2321 994 2366 ln
1020 2319 1181 2383 plano,
1215 2319 1264 2366 in
1294 2323 1441 2377 terra,
1463 2318 1622 2382 posita
1642 2317 1836 2366 fuerunt
1856 2334 1954 2366 xxv

166 2399 424 2459 intorticia,
461 2402 708 2464 quodlibet
741 2407 950 2465 quatuor
978 2403 1212 2451 librarum
1244 2407 1292 2452 et
1324 2403 1419 2451 duo
1452 2417 1629 2465 magna
1662 2400 1953 2449 candelabra

171 2497 283 2529 cum
315 2482 501 2531 duobus
535 2484 755 2533 similiter
785 2485 1056 2545 intorticiis,
1092 2502 1242 2534 unum
1278 2486 1340 2534 ad
1371 2489 1516 2550 caput
1548 2483 1679 2532 aliud
1711 2483 1770 2531 ad
1801 2483 1950 2547 pedes

168 2564 329 2612 castri.
356 2568 447 2613 Per
466 2566 741 2626 ecclesiam,
764 2567 814 2615 in
840 2568 952 2627 alto,
986 2569 1143 2632 posita
1162 2569 1373 2628 fuerunt,
1398 2569 1434 2616 si
1461 2572 1591 2618 recte
1622 2566 1840 2625 memini,
1874 2566 1949 2613 in-

167 2646 358 2695 torticia
378 2648 551 2697 similia
572 2654 766 2698 centum
789 2657 836 2700 et
860 2652 998 2711 ultra,
1024 2656 1072 2700 et
1089 2652 1255 2700 subtus
1277 2667 1334 2700 ea
1357 2651 1450 2699 tele
1474 2651 1611 2715 nigre
1631 2653 1776 2714 prout
1799 2649 1946 2697 etiam

166 2730 255 2777 sub
282 2735 440 2779 castro
471 2736 610 2781 erant
640 2749 751 2781 cum
781 2734 928 2782 armis
957 2734 1188 2799 principis
1218 2734 1448 2795 defuncti,
1482 2739 1620 2798 prout
1650 2733 1700 2781 in
1730 2732 1946 2796 exequiis

164 2814 479 2864 cardinalium
500 2817 604 2865 fieri
627 2818 765 2866 solet.
792 2818 1123 2866 Cardinalibus
1154 2819 1265 2867 data
1291 2818 1485 2867 fuerunt
1506 2822 1553 2867 et
1573 2817 1775 2865 ducibus
1795 2816 1947 2864 intor-

165 2896 276 2945 ticia
301 2914 385 2946 sex
413 2898 660 2960 librarum,
695 2904 742 2949 et
762 2905 870 2950 octo
903 2900 1076 2948 similia
1095 2916 1182 2965 pro
1210 2901 1473 2951 elevatione
1502 2900 1812 2960 sacramenti,
1836 2916 1947 2964 pre-

163 2978 270 3027 latis
300 2982 570 3031 oratoribus
601 2989 648 3032 et
676 2984 780 3032 aliis
810 2984 1016 3033 funestis
1050 2985 1291 3045 omnibus,
1324 2992 1377 3034 ut
1409 2986 1720 3051 premittitur.
1757 2984 1944 3033 Seden-

170 3062 296 3110 tibus
317 3059 426 3112 date
448 3067 644 3116 fuerunt
660 3067 861 3117 candele
882 3068 1086 3116 duarum
1106 3068 1338 3117 librarum
1359 3070 1587 3133 quelibet,
1609 3068 1783 3117 ceteris
1803 3067 1944 3115 unius

170 3145 289 3193 libre
310 3146 359 3193 in
384 3162 559 3211 magna
588 3151 744 3214 copia,
774 3153 876 3200 sine
907 3151 1207 3202 confusione.
1238 3153 1396 3201 Finita
1421 3153 1584 3212 missa,
1615 3158 1761 3216 poeta
1790 3151 1945 3199 Fedra

169 3228 279 3276 fecit
317 3230 583 3279 orationem
616 3234 966 3298 dignissimam,
1002 3236 1061 3284 ab
1094 3237 1317 3284 omnibus
1354 3237 1616 3284 laudatam.
1653 3237 1756 3291 Qua
1786 3234 1937 3293 finita,

169 3311 419 3360 celebrans
452 3314 621 3364 ordine
651 3318 792 3367 solito
826 3319 1028 3371 accessit
1061 3320 1122 3368 ad
1153 3324 1366 3368 castrum
1398 3326 1444 3368 et
1471 3318 1670 3366 absolvit
1698 3317 1829 3366 solus
1857 3333 1944 3381 per

170 3409 314 3443 unam
335 3397 623 3458 orationem,
653 3416 787 3450 more
814 3406 1047 3451 consueto
1072 3419 1082 3450 :
1107 3403 1156 3450 in
1184 3419 1278 3466 qua
1298 3401 1618 3459 absolutione,
1649 3400 1868 3448 similiter
1889 3399 1938 3445 in
