2222 3926
297 366 365 399 221)
904 363 1137 400 JOHANNIS
1171 363 1464 409 BURCHARDI,
1795 364 1952 402 [Janvier
1973 367 2067 404 1495!

295 467 392 527 alii,
417 482 471 515 ac
493 470 516 514 J
523 467 631 515 udei
655 467 820 524 occisi,
835 470 881 514 et
904 482 1074 514 eorum
1093 466 1263 513 domus
1279 465 1478 528 spoliate
1495 469 1542 511 et
1558 463 1815 526 depredate
1830 465 2068 516 :similiter

294 556 340 599 et
367 551 535 599 domus
569 550 764 598 domine
790 553 935 607 Rose,
962 549 1127 595 matris
1150 547 1271 594 Rmi.
1298 549 1355 594 D.
1382 546 1634 594 cardinalis
1657 546 1926 605 Valentini(
1937 551 1998 609 1).

361 633 499 681 Feria
517 637 667 691 sexta,
690 635 717 678 9
733 631 957 694 januarii,
981 629 1198 692 suspensi
1220 630 1412 677 fuerunt
1433 629 1642 692 quinque
1664 630 1999 678 malefactores
2016 631 2065 679 in

298 715 440 773 Urbe,
470 714 690 760 videlicet
714 729 835 760 unus
865 713 924 760 ad
950 727 1093 759 unam
1121 716 1168 760 et
1195 712 1312 759 alius
1344 712 1403 759 ad
1431 712 1572 759 aliam
1602 712 1863 761 fenestram
1894 714 2065 762 domus

292 797 471 854 Analis,
511 797 558 842 in
595 795 815 858 opposito
851 795 1013 858 palatii
1050 795 1172 842 Rmi.
1215 798 1270 842 D.
1313 795 1566 842 cardinalis
1603 795 1660 844 de
1679 797 1876 844 Medicis
1896 813 2061 845 versus

294 878 501 926 Tiberim
529 878 577 924 in
607 880 786 941 Campo
817 878 972 937 Flore,
1007 884 1054 925 et
1085 866 1309 940 unus'per
1329 878 1588 926 fenestram
1608 878 1779 926 domus
1805 880 2061 939 Bonadies,

295 977 386 1024 que
408 962 553 1009 etiam
575 967 645 1009 est
665 962 802 1024 juxta
821 966 1018 1024 pontem
1041 978 1078 1008 s.
1103 961 1290 1022 Angeli,
1318 961 1395 1023 qui
1418 961 1610 1010 luerunt
1631 977 1779 1026 penas
1803 978 1931 1010 suas.

360 1048 412 1092 In
449 1048 588 1091 nocte
626 1043 861 1105 sequenti,
904 1044 1076 1092 cecidit
1110 1060 1168 1092 ex
1206 1060 1255 1091 se
1290 1059 1464 1107 magna
1500 1061 1610 1108 pars
1643 1046 1768 1093 muri
1803 1046 2065 1109 superioris

295 1127 438 1176 castri
461 1143 499 1174 5.
535 1127 723 1190 Angeli,
745 1127 1059 1189 longitudinis
1089 1127 1250 1190 viginti
1278 1127 1350 1174 vel
1378 1127 1505 1175 circa
1525 1128 1814 1188 cubitorum,
1844 1128 2066 1177 videlicet
2103 1193 2105 1195 Ι

295 1228 323 1259 a
343 1210 525 1275 capella
549 1225 701 1272 usque
727 1211 786 1257 ad
819 1211 997 1258 ostium
1020 1211 1115 1258 sive
1145 1211 1204 1258 ad
1227 1210 1406 1257 scalam
1432 1211 1694 1259 descensus
1722 1215 1768 1258 et
1797 1227 1907 1258 cum
1929 1226 2066 1258 muro

294 1294 400 1358 ipso
433 1293 714 1342 ceciderunt
749 1299 844 1341 tres
873 1309 1097 1357 persone,
1132 1296 1399 1343 custodiam
1430 1296 1531 1359 ejus
1562 1299 1675 1342 tunc
1705 1294 1952 1354 facienteS,
1987 1295 2066 1357 qui

296 1392 464 1425 omnes
489 1392 546 1425 ex
567 1392 679 1424 casu
704 1377 809 1439 ipso
831 1377 1006 1424 mortui
1028 1382 1071 1425 et
1093 1393 1231 1426 muro
1255 1383 1364 1426 sunt
1386 1378 1621 1442 oppressi.

362 1461 444 1508 His
477 1460 645 1508 diebus
678 1465 743 1517 et,
781 1460 819 1506 si
850 1464 978 1508 recte
1010 1461 1226 1520 memini,
1265 1465 1292 1508 6
1331 1462 1493 1526 hujus,
1529 1466 1638 1524 post
1667 1461 1938 1524 prandium,
1980 1463 2062 1509 SS.

297 1547 352 1590 D.
388 1546 442 1591 N.
476 1558 563 1606 per
593 1543 1034 1591 deambulationem
1067 1544 1161 1592 sive
1189 1545 1505 1592 corridorium
1533 1545 1591 1592 de
1619 1544 1795 1607 palatio
1824 1560 1909 1592 suo
1939 1546 2064 1607 apud

296 1630 515 1673 sanctum
549 1628 745 1673 Petrum
779 1625 860 1673 ivit
894 1642 979 1673 seu
1006 1631 1223 1689 portatus
1255 1631 1327 1675 est
1357 1627 1416 1674 ad
1446 1632 1656 1675 castrum
1690 1643 1729 1674 s.
1765 1628 1954 1690 Angeli,
1986 1628 2065 1674 ubi

296 1694 382 1773 pro
408 1710 593 1773 majore
615 1725 702 1757 sua
729 1709 983 1757 securitate
1012 1715 1337 1757 commoratus
1367 1715 1454 1769 est,
1489 1714 1535 1756 et
1557 1724 1664 1756 cum
1690 1724 1747 1756 eo
1766 1709 1929 1756 RRmi.
1961 1712 2062 1758 DD.

298 1793 657 1856 Neapolitanus,
684 1810 721 1840 s.
746 1793 1018 1852 Anastasie,
1044 1793 1218 1840 Montis
1240 1793 1449 1856 Regalis,
1475 1793 1694 1851 Ursinus,
1718 1791 2066 1840 Alexandrinus

298 1881 342 1923 et
362 1876 644 1925 Valentinus
663 1864 951 1929 cardinales.

359 1959 626 2017 Dominica,
668 1963 718 2006 11
758 1958 938 2007 mensis
968 1958 1194 2022 januarii,
1232 1959 1512 2006 conclusum
1546 1958 1633 2006 fuit
1666 1962 1712 2006 et
1746 1958 2063 2007 deliberatum

291 2042 416 2090 inter
453 2044 536 2089 SS.
576 2044 632 2090 D.
668 2047 887 2090 nostrum
923 2045 970 2089 et
1007 2041 1136 2088 111115.
1164 2044 1219 2088 D.
1247 2040 1561 2089 philibertum
1595 2041 1653 2089 de
1688 2043 1878 2100 Bressa,
1915 2057 2063 2089 avun-

291 2124 453 2172 culum
481 2124 607 2188 regis
629 2125 847 2183 Francie,
880 2124 1292 2172 locumtenentem
1328 2124 1545 2187 ejusdem
1568 2124 1711 2187 regis,
1738 2124 1865 2187 quod
1893 2125 1975 2172 SS.
2003 2126 2058 2171 D.

290 2213 455 2255 noster
483 2207 728 2270 assignare
763 2206 905 2254 debet
935 2208 1051 2253 Gem
1082 2207 1280 2254 fratrem
1304 2208 1463 2270 Magni
1491 2210 1642 2255 Turce
1671 2207 1731 2255 ad
1760 2222 1843 2254 sex
1869 2221 2061 2255 menses

291 2291 391 2353 regi
415 2290 631 2348 Francie,
667 2290 747 2352 qui
776 2305 834 2337 ex
860 2305 987 2337 nunc
1010 2289 1191 2336 solvere
1220 2289 1418 2337 deberet
1444 2306 1566 2353 pape
1596 2294 1656 2337 20
1683 2290 1833 2337 millia
1862 2290 2060 2338 ducato-

290 2389 395 2421 rum
424 2379 470 2421 et
492 2373 604 2421 dare
630 2373 905 2421 cautionem
934 2377 1255 2422 mercatorum
1277 2372 1665 2420 Florentinorum
1694 2377 1742 2419 et
1760 2375 2059 2422 Venetorum

289 2457 347 2504 de
370 2457 667 2505 restituendo
688 2457 845 2518 ipsum
867 2458 987 2504 Gem
1015 2455 1201 2503 sultano
1223 2456 1314 2518 ipsi
1334 2471 1476 2519 pape,
1501 2455 1674 2518 elapsis
1697 2471 1780 2503 sex
1812 2455 2060 2502 mensibus

289 2540 391 2587 sine
424 2555 582 2599 mora;
625 2539 741 2587 item
783 2554 1014 2586 coronare
1052 2554 1217 2602 regem
1253 2537 1453 2586 Francie
1490 2553 1655 2601 regem
1691 2537 2058 2600 Neapolitanum

287 2623 388 2671 sine
411 2623 603 2670 alterius
626 2622 891 2686 prejudicio
913 2627 960 2670 et
983 2622 1143 2669 facere
1168 2637 1364 2670 securos
1381 2621 1646 2669 cardinales
1667 2637 1703 2667 S.
1725 2620 1853 2668 Petri
1868 2620 1928 2667 ad
1941 2620 2059 2670 Vin-

286 2705 409 2763 cula,
436 2707 749 2763 Gurcensem,
776 2705 1019 2753 Sabellum
1040 2711 1087 2753 et
1110 2705 1409 2764 Columnam,
1436 2705 1494 2753 de
1512 2720 1609 2753 non
1632 2703 1923 2752 offendendo
1945 2718 2054 2762 eos;

284 2802 371 2850 pro
405 2802 609 2849 quorum
639 2789 895 2837 securitate
926 2788 1301 2837 declarationem
1327 2787 1558 2836 deberent
1584 2787 1840 2835 convenire
1868 2786 1916 2833 in
1949 2800 2057 2834 sero

285 2869 410 2916 illius
430 2869 523 2916 diei
547 2885 711 2917 coram
727 2874 866 2919 Rmo.
890 2874 947 2919 D.
970 2871 1211 2919 cardinale
1226 2870 1664 2930 AlexandrianR.
1688 2870 1736 2916 in
1757 2869 1946 2916 Christo
1962 2871 2052 2915 PP.

287 2954 386 2999 DD.
418 2952 811 3013 Bartholomeus,
842 2955 1102 3017 episcopus
1123 2953 1389 3017 Nepesinus
1409 2958 1457 3000 et
1479 2952 1717 3011 Sutrinus,
1745 2950 2053 3009 secretarius,

331 3113 364 3148 1.
391 3112 556 3148 Vanozza
575 3111 737 3149 Catanei.
761 3112 854 3160 Voy.
879 3111 1137 3159 Gregorovius‚
1157 3113 1309 3148 Lucrece
1333 3112 1476 3156 Bory‘ia,
1498 3114 1524 3146 t.
1548 3109 1576 3156 Ι,
1599 3110 1655 3146 011.
1676 3122 1713 3155 11,
1735 3121 1770 3157 p.
1793 3109 1852 3146 35.
1870 3108 2057 3146 Burehard
2075 3141 2078 3144 ⁴

282 3170 343 3217 qui
368 3170 529 3206 n'aimait
548 3183 615 3219 pas
636 3171 689 3208 les
719 3171 890 3216 Francais
918 3171 1102 3207 accumule
1130 3170 1182 3206 les
1209 3169 1321 3218 griess
1342 3173 1464 3205 contre
1484 3180 1553 3204 eux
1576 3180 1661 3205 sans
1683 3168 1771 3204 citer
1790 3168 1855 3204 des
1877 3167 1959 3204 faits
1979 3167 2056 3215 qui,

282 3240 420 3264 comme
453 3229 484 3265 10
513 3230 670 3272 suivant,
701 3229 990 3278 expliqueraient
1017 3230 1068 3266 les
1090 3229 1172 3278 plus
1193 3228 1357 3265 1011111105
1379 3227 1605 3276 109105011105
1632 3239 1639 3263 :
1669 3227 1736 3263 Adi
1762 3227 1812 3263 VI
1834 3226 1885 3273 (di
1904 3226 2054 3272 Zenaro)

280 3298 396 3324 venne
417 3287 540 3325 lettere
561 3289 594 3325 al
616 3290 710 3335 duca
730 3289 767 3325 di
787 3290 1056 3337 Ferrarajcome
1086 3289 1111 3324 il
1136 3290 1190 3325 Re
1217 3289 1252 3325 di
1280 3289 1417 3324 Franza
1442 3287 1478 3322 in
1502 3287 1618 3323 Roma
1637 3287 1751 3323 havea
1777 3286 1870 3322 facto
1889 3286 2001 3334 tajare
2021 3284 2055 3321 la
2077 3310 2080 3312 ψ

282 3351 377 3383 testa
397 3347 430 3383 al
451 3348 585 3395 Signor
605 3348 734 3385 Vicino
755 3349 790 3385 di
817 3360 903 3385 casa
922 3348 1066 3393 Ursina,
1089 3349 1221 3396 perche
1248 3347 1343 3384 dicto
1364 3347 1519 3395 Signore
1545 3346 1672 3383 Vicino
1693 3346 1806 3383 havea
1825 3345 1916 3381 facto
1941 3344 2054 3392 tajare

284 3405 378 3441 mani
405 3417 433 3441 ·a
460 3407 547 3442 certi
578 3407 763 3444 Franciosi
793 3408 927 3444 homini
956 3409 1001 3443 da
1029 3408 1120 3444 110110
1147 3412 1271 3444 contra
1296 3407 1318 3442 il
1344 3407 1475 3443 dovere
1502 3410 1537 3442 01
1568 3405 1780 3442 honestade.
1798 3405 1944 3447 Murat.‚
1966 3405 2047 3439 Rer-

281 3466 362 3502 Ital.
385 3465 537 3511 Seript„
562 3466 765 3503 Chronicon
788 3467 979 3512 Venetum,
1001 3472 1027 3505 t.
1043 3467 1173 3511 XXIV,
1196 3466 1261 3503 col.
1284 3466 1365 3502 ⁶289.
