2228 3938
206 358 414 400 [Decembre
437 359 532 399 1492]
660 356 830 394 RERUM
863 355 1169 393 URBANARUM
1202 354 1555 393 COMMENTARII.
1957 359 2003 395 23

202 461 460 511 intellectis
491 478 519 509 a
550 476 630 510 me
662 460 814 509 tribus
851 459 1052 508 diversis
1085 458 1334 506 ordinibus
1368 458 1418 505 in
1451 458 1670 506 dicendis
1704 459 1997 509 lectionibus

201 546 251 595 in
270 545 518 595 matutinis
539 544 712 593 natalis
739 543 931 591 Domini
961 542 1161 598 diversis
1192 541 1496 606 temporibus
1525 542 1812 602 observatis,
1844 543 1995 592 voluit

158 686 162 696 ἱ
200 630 328 696 quod
366 630 574 694 primam
616 628 878 678 lectionem
928 627 1165 692 acolytuS,
1225 626 1492 675 secundam
1538 625 1755 685 auditor,
1795 627 1995 675 tertiam

198 715 540 774 subdiaconus,
571 717 792 778 quartam
820 715 986 759 Rmus.
1022 713 1080 759 D.
1113 710 1370 759 cardinalis
1400 709 1578 758 Montis
1610 708 1802 773 Regalis
1834 710 2001 773 junior

198 798 466 864 presbyter,
491 797 710 862 quintam
730 795 1085 844 illustrissimus
1115 797 1172 843 D.
1205 794 1499 853 Fridericus,
1522 808 1694 843 ensem
1714 793 1993 853 habiturus,

199 887 385 932 sextam
406 885 571 930 Rmus.
594 883 650 928 D.
676 879 932 928 cardinalis
963 883 1129 927 sancte
1159 879 1434 938 Anastasie,
1468 877 1727 942 septimam
1756 877 2000 926 cancella-

199 966 317 1025 rius,
340 969 558 1014 octavam
579 962 830 1022 Senensis,
851 962 1041 1010 diaconi
1064 962 1317 1011 Sanctitati
1339 978 1424 1010 sue
1449 962 1735 1010 assistentes
1754 961 1995 1022 dicerent,

199 1054 248 1098 et
285 1063 463 1097 nonam
497 1047 735 1096 Sanctitas
775 1061 862 1094 sua
903 1061 955 1094 se
991 1045 1230 1094 dicturam
1270 1045 1411 1104 dixit;
1445 1045 1577 1109 quod
1613 1044 1764 1094 voluit
1799 1044 2000 1110 singulis

199 1130 486 1195 supradictis
506 1145 595 1194 per
613 1145 692 1179 me
727 1128 943 1177 intimari
964 1132 1109 1192 prout
1131 1144 1191 1176 ex
1212 1131 1326 1177 tunc
1349 1128 1460 1177 feci.
1503 1190 1505 1192 Ι

262 1217 320 1262 D.
345 1213 615 1262 Fridericus
642 1212 788 1261 hodie
816 1228 930 1261 cum
957 1212 1089 1260 omni
1121 1228 1209 1260 sua
1235 1212 1418 1261 familia
1446 1214 1752 1264 ornatissime
1785 1214 1917 1264 venit
1945 1214 2007 1263 ad

197 1298 448 1362 palatium,
483 1314 539 1346 ac
566 1303 678 1347 ante
713 1313 764 1345 se
787 1297 958 1346 habuit
995 1301 1093 1346 tres
1119 1297 1287 1361 pagios
1319 1312 1455 1346 more
1489 1298 1762 1349 alemanico
1786 1300 2001 1359 indutos,

195 1382 394 1431 vestitos
430 1382 489 1430 de
526 1381 819 1441 cremesino,
852 1380 1000 1444 perlis
1034 1379 1377 1444 pulcherrimis
1411 1385 1460 1429 et
1489 1381 1731 1446 lapidibus
1765 1382 2002 1446 preciosis

199 1469 415 1526 ornatos,
441 1465 520 1529 qui
542 1469 590 1514 et
607 1481 759 1529 equos
782 1464 1065 1529 equitabant
1081 1479 1217 1512 more
1237 1464 1542 1514 alemannico
1564 1470 1777 1530 paratos.

263 1549 602 1614 Superioribus
624 1549 796 1598 diebus
826 1548 1003 1612 singuli
1036 1548 1204 1596 RRmi.
1239 1549 1509 1598 cardinales
1538 1550 1720 1599 dictum
1744 1554 1801 1599 D.
1836 1550 2000 1599 Fride-

197 1633 352 1681 ricum
380 1633 634 1683 visitarunt
663 1638 712 1682 et
734 1634 838 1698 ipse
862 1631 1084 1680 similiter
1114 1647 1199 1680 eos
1231 1631 1377 1680 hodie
1406 1637 1454 1681 et
1485 1634 1800 1698 sequentibus
1831 1634 2001 1683 diebus

199 1716 400 1765 visitavit
436 1734 446 1766 :
488 1717 856 1766 convenientius
890 1721 1056 1764 tamen
1095 1715 1265 1764 fuisset
1305 1717 1578 1766 cardinales
1624 1722 1905 1782 expectasse
1945 1734 1996 1766 se

197 1804 306 1863 post
337 1801 666 1849 obedientiam
707 1799 958 1864 prestitam
991 1798 1206 1847 visitatos
1235 1799 1385 1848 fuisse
1416 1806 1464 1849 et
1490 1806 1662 1869 postea
1690 1801 1992 1857 revisitasse;

199 1883 286 1931 sed
319 1883 448 1946 quia,
483 1887 534 1931 ut
568 1882 810 1942 existimo,
843 1882 1188 1945 Neapolitanus
1214 1887 1261 1932 et
1291 1884 1539 1944 Senensis,
1574 1888 1804 1949 tanquam
1836 1885 1998 1948 singu-

198 1966 326 2014 lares
353 1966 497 2014 amici
525 1965 774 2029 principis,
806 1965 943 2013 illum
970 1969 1081 2027 post
1108 1967 1212 2029 ejus
1243 1967 1502 2015 adventum
1532 1968 1783 2017 visitarunt
1815 1973 1863 2017 et
1889 1984 1999 2017 cum

203 2049 272 2097 eis
295 2065 333 2096 s.
360 2048 487 2096 Petri
509 2048 571 2096 ad
590 2048 813 2107 Vincula,
839 2050 1210 2096 Beneventanus
1232 2051 1280 2095 et
1301 2048 1554 2108 Columna,
1583 2049 1665 2098 ubi
1692 2065 1862 2099 omnes
1885 2053 1997 2097 sunt

195 2133 422 2180 eumdem
445 2147 662 2181 errorem
689 2132 858 2180 secuti.

259 2215 517 2264 Dominica
548 2221 721 2280 quarta
753 2216 1006 2274 adventus,
1044 2217 1103 2262 23
1138 2213 1430 2273 decembris,
1461 2218 1517 2263 R.
1550 2218 1604 2263 P.
1638 2218 1696 2263 D.
1733 2216 1992 2280 episcopus

194 2299 416 2349 Sutrinus
440 2299 792 2363 etNepesinus,
826 2300 910 2347 SS.
945 2301 1003 2347 D.
1034 2299 1091 2346 N.
1125 2298 1368 2347 secundus
1397 2299 1705 2360 secretariuS,
1736 2300 1994 2349 celebravit

192 2384 391 2431 missam
425 2383 669 2447 publicam
700 2382 748 2429 in
783 2381 970 2445 capella
1009 2382 1321 2446 supradicta3
1359 2399 1637 2432 sermonem
1672 2384 1787 2434 fecit
1819 2400 1993 2448 procu-

192 2472 322 2515 rator
350 2467 533 2516 ordinis
564 2465 952 2524 Carmelitarum,
986 2468 1116 2530 Papa
1142 2471 1370 2530 presente
1404 2485 1417 2516 :
1450 2467 1667 2516 interfuit
1697 2468 1844 2517 etiam
1865 2469 1993 2516 illus-

193 2550 434 2598 trissimus
482 2553 540 2599 D.
584 2550 860 2598 Fridericus
910 2551 991 2614 qui
1032 2550 1195 2599 locum
1240 2551 1410 2600 habuit
1457 2551 1585 2600 inter
1631 2554 1838 2600 RRmos.
1885 2554 1988 2602 DD.

191 2634 640 2683 vicecancellarium
680 2638 727 2682 et
758 2634 911 2682 sancti
947 2634 1164 2683 Severini
1202 2634 1398 2683 ultimos
1432 2634 1662 2683 diaconos
1699 2634 1985 2694 cardinales,

196 2722 244 2767 et
278 2718 436 2766 eundo
467 2719 527 2773 ad
557 2718 793 2782 capellam
827 2733 884 2765 ac
919 2717 1032 2767 inde
1069 2718 1320 2767 redeundo
1353 2719 1435 2767 ivit
1465 2723 1575 2783 post
1609 2734 1806 2766 crucem
1843 2719 1987 2767 etiam

194 2802 322 2849 inter
341 2801 494 2850 dictos
516 2801 786 2850 cardinales
807 2801 1016 2861 medius,
1046 2805 1094 2850 et
1115 2805 1225 2850 ante
1254 2818 1368 2850 eum
1390 2802 1625 2866 dispotus,
1658 2801 1738 2866 qui
1761 2806 1807 2851 et
1825 2802 1986 2851 locum

194 2899 335 2931 suum
371 2883 564 2932 solitum
607 2883 771 2932 habuit
806 2890 914 2948 post
956 2884 1181 2933 ultimum
1222 2885 1480 2933 diaconum
1534 2871 1832 2933 cardinalem
1879 2900 1987 2948 pre-

194 2967 394 3015 dictum.

256 3051 395 3099 Feria
425 3051 654 3110 secunda,
685 3054 745 3098 24
780 3053 1072 3112 decembriS,
1102 3052 1263 3116 vigilia
1289 3051 1462 3100 natalis
1492 3051 1705 3111 Domini,
1733 3052 1817 3099 SS.
1842 3053 1899 3098 D.
1921 3052 1979 3098 N.

194 3137 385 3193 paratus
423 3133 471 3180 in
505 3133 647 3181 tertia
685 3150 880 3184 camera
912 3152 972 3185 ex
1009 3136 1143 3184 novis
1186 3135 1482 3200 paramentis
1521 3135 1689 3193 solitis,
1730 3134 1859 3182 venit
1895 3149 1982 3197 per

196 3215 327 3262 aulas
352 3217 470 3265 duas
500 3223 548 3266 et
580 3217 741 3266 aulam
776 3234 949 3268 novam
988 3235 1044 3267 ac
1083 3224 1299 3268 veterem
1335 3234 1562 3282 magnam
1595 3234 1682 3282 per
1722 3218 1874 3266 scalas
1921 3216 1981 3263 ad

197 3297 398 3356 curiam,
434 3300 512 3347 ubi
542 3301 809 3350 cardinales
847 3318 906 3351 ex
938 3303 1074 3366 equis
1110 3303 1408 3351 descendere
1441 3302 1616 3362 solent,
1662 3307 1710 3349 et
1743 3301 1853 3348 inde
1894 3314 1981 3362 per

201 3395 514 3428 communem
533 3383 656 3432 viam
677 3386 929 3434 basilicam
951 3387 1011 3434 ad
1033 3386 1187 3434 sancti
1207 3386 1354 3444 Petri,
1372 3384 1747 3449 precedentibus
1766 3382 1980 3431 cardina-

197 3462 384 3511 libusin
402 3479 569 3511 eorum
592 3468 756 3530 cappis
772 3469 941 3528 solitis,
965 3485 1021 3518 ac
1038 3470 1235 3533 prelatis
1257 3469 1569 3532 sequentibus
1586 3468 1731 3515 etiam
1749 3467 1797 3514 in
1812 3464 1976 3527 cappis
