2202 3926
119 338 226 380 [Mars
243 337 338 376 1494]
371 306 374 308 ¹
564 333 734 371 RERUM
766 331 1071 371 URBANARUM
1104 331 1454 369 COMMENTARH.
1857 331 1900 367 91

119 439 379 488 celebravit
402 437 601 487 missam
623 437 884 502 publicam,
915 439 1045 502 Papa
1064 439 1308 501 presente.
1344 438 1631 484 Sermonem
1652 435 1766 483 fecit
1786 449 1901 498 pro-

119 529 311 574 curator
330 524 512 572 ordinis
534 522 846 572 eremitarum
870 538 909 570 S.
939 520 1216 585 Augustini;
1248 524 1295 570 et
1322 520 1416 569 alia
1442 519 1606 568 omnia
1633 522 1743 566 sunt
1766 533 1902 567 more

119 607 259 657 solito
282 608 552 657 observata.

184 691 323 740 Feria
356 692 515 752 tertia,
548 695 576 740 4
609 692 721 742 dicti
752 691 934 741 mensis
970 690 1148 751 martii,
1173 693 1229 738 R.
1259 690 1309 737 in
1339 689 1530 738 Christo
1562 691 1613 738 P.
1645 691 1703 737 D.
1737 691 1907 737 Petrus

118 775 312 835 PauIUS,
329 776 584 841 episcopus
604 780 769 825 sancte
786 776 993 840 Agathe,
1014 772 1484 824 celebravitmissam
1495 772 1758 838 publicam,
1781 775 1911 837 Papa

117 860 314 924 pluviali
339 861 488 909 rubeo
519 866 567 909 et
594 860 700 910 aliis
729 859 1027 924 paramentis
1058 858 1210 907 solitis
1237 858 1424 918 induto,
1449 857 1498 904 in
1526 857 1712 922 capella
1740 873 1909 921 supra-

119 944 249 993 dicta
276 949 521 1008 presente,
543 960 631 1010 pro
666 946 828 994 anima
855 945 983 993 bone
1012 943 1247 992 memorie
1280 943 1572 992 Ferdinandi
1595 942 1756 991 Sicilie
1783 942 1911 1006 regis

122 1029 444 1093 Neapolitani,
466 1033 514 1079 et
535 1029 584 1077 in
603 1030 700 1079 fine
723 1030 871 1078 misse
894 1032 1022 1093 Papa
1041 1028 1262 1088 absolvit,
1288 1032 1336 1077 et
1353 1027 1448 1077 alia
1470 1026 1636 1076 omnia
1657 1026 1912 1075 observata

119 1118 232 1162 sunt
248 1113 565 1162 more.solit0.

184 1196 366 1245 Eadem
391 1196 486 1257 die,
511 1212 623 1245 cum
655 1197 876 1246 intraturi
908 1200 1073 1246 essent
1102 1195 1247 1245 hodie
1277 1196 1456 1246 Urbem
1493 1200 1712 1245 oratores
1739 1197 1837 1244 RR.
1861 1194 1910 1242 in

122 1280 312 1330 Christo
331 1283 423 1329 ΡΡ.
449 1285 497 1330 et
518 1283 619 1329 DD.
646 1281 830 1330 domini
846 1281 975 1330 Petri
988 1281 1315 1342 d’Aubusson,
1336 1281 1490 1329 sancti
1503 1279 1731 1329 Hadriani
1745 1283 1911 1328 sancte

121 1379 322 1413 romane
361 1362 576 1412 Ecclesie
614 1363 805 1413 diaconi
843 1363 1118 1424 cardinalis,
1156 1379 1212 1411 ac
1250 1364 1406 1412 Rhodi
1447 1368 1495 1412 et
1534 1363 1716 1412 ordinis
1759 1363 1911 1411 sancti

119 1447 352 1497 Johannis
375 1447 799 1514 Hierosolymitani
825 1448 989 1513 magni
1011 1447 1229 1512 magistri
1252 1465 1339 1513 pro
1366 1448 1642 1497 obedientia
1663 1449 1747 1496 SS.
1774 1450 1829 1495 D.
1852 1449 1908 1495 N.

119 1530 398 1595 prestanda,
435 1532 602 1579 Rmus.
637 1534 695 1580 D.
733 1531 992 1580 cardinalis
1034 1532 1270 1581 Ascanius
1303 1532 1744 1590 vicecancellarius,
1778 1530 1914 1578 finita

119 1615 287 1675 missa,
311 1614 623 1679 interrogavit
644 1631 743 1676 me,
764 1632 825 1665 an
849 1617 1124 1666 oratoribus
1149 1617 1487 1682 suprascriptis
1517 1620 1646 1666 esset
1664 1632 1753 1680 per
1778 1613 1914 1663 fami-

118 1697 207 1745 lias
229 1699 314 1746 SS.
343 1701 401 1747 D.
427 1701 484 1747 N.
512 1715 636 1764 pape
659 1703 707 1748 et
732 1702 1028 1748 RRmorum.
1055 1700 1374 1749 cardinalium
1404 1700 1583 1748 iturum
1614 1700 1804 1749 obviam
1826 1714 1912 1763 pro

121 1796 292 1830 eorum
327 1773 547 1832 introitu.
580 1782 687 1832 Dixi
715 1783 1119 1833 reverendissime
1149 1784 1477 1833 Dominationi
1505 1801 1609 1845 sue,
1637 1783 1768 1849 quod
1794 1798 1909 1840 non,

121 1865 234 1929 quia
252 1866 456 1915 subditis
482 1871 648 1916 sancte
669 1882 869 1916 romane
891 1868 1107 1917 Ecclesie
1130 1884 1186 1917 ac
1213 1868 1453 1933 religiosis
1478 1869 1700 1933 personis
1722 1867 1911 1916 obviam

121 1949 409 2013 regulariter
437 1965 536 1999 non
565 1951 736 1999 iretur.
762 1951 1024 2015 Replicavit
1053 1957 1337 2016 procurator
1363 1953 1477 2002 dicti
1507 1953 1689 2001 ordinis
1712 1952 1793 2016 qui
1820 1951 1911 1999 ibi-

122 2035 234 2083 dem
266 2050 468 2099 presens
496 2039 616 2096 erat,
647 2035 779 2098 quod
808 2039 1027 2099 tempore
1055 2036 1208 2085 felicis
1242 2037 1591 2085 recordationis
1634 2035 1753 2084 Sixti
1788 2050 1912 2098 pape

122 2119 298 2183 quarti,
323 2123 542 2167 oratores
563 2119 786 2183 ejusdem
808 2119 1026 2186 magistri
1047 2120 1309 2180 etordiniS,
1335 2120 1547 2183 quodam
1573 2135 1700 2180 ser0,
1724 2124 1910 2168 secrete

121 2203 182 2251 ad
199 2203 379 2251 Urbem
396 2201 661 2262 venissent,
683 2218 803 2266 quos
818 2201 950 2250 idem
971 2203 1132 2251 Sixtus
1153 2203 1328 2252 deinde
1347 2203 1440 2251 alia
1460 2203 1537 2252 die
1559 2203 1741 2252 Urbem
1757 2203 1908 2263 exire,

121 2289 168 2335 et
185 2286 254 2335 eis
275 2287 468 2351 publice
493 2302 582 2351 per
607 2302 743 2335 suam
767 2289 813 2334 et
844 2289 1136 2336 RRmorum.
1162 2287 1481 2337 cardinalium
1510 2288 1717 2336 familias
1737 2288 1908 2352 recipi,

121 2373 169 2417 et
202 2369 262 2417 ad
293 2370 474 2418 Urbem
507 2370 701 2434 publice
736 2370 796 2418 ad
830 2370 1096 2435 hospitium
1134 2387 1305 2420 eorum
1339 2371 1569 2421 associari
1602 2371 1832 2420 fecisset:
1864 2376 1910 2420 et

120 2453 251 2515 quod
268 2452 491 2503 similiter
509 2458 730 2518 tempore
750 2454 904 2503 felicis
925 2455 1279 2504 recordationis
1300 2456 1570 2505 Innocentii
1591 2472 1715 2520 pape
1734 2455 1905 2515 octavi,

120 2541 336 2586 oratores
359 2538 582 2602 ejusdem
608 2537 825 2602 magistri
853 2541 901 2586 et
928 2538 1109 2587 ordinis
1131 2538 1338 2588 fuissent
1357 2539 1407 2586 in
1434 2553 1603 2587 eorum
1624 2538 1823 2586 introitu
1848 2540 1908 2587 ad

122 2620 302 2670 Urbem
337 2637 423 2686 per
455 2623 661 2672 familias
704 2626 832 2687 Pape
864 2626 912 2670 et
950 2622 1268 2671 cardinalium
1303 2622 1507 2687 recepti,
1540 2628 1588 2671 et
1619 2622 1811 2687 publice
1846 2623 1908 2672 ad

122 2718 293 2752 eorum
311 2705 576 2770 hospitium
607 2706 851 2755 associati.
879 2707 1126 2770 Respondi
1152 2707 1283 2771 quod
1303 2713 1469 2757 sancte
1496 2708 1733 2757 memorie
1759 2709 1904 2756 Inno-

121 2787 310 2836 centius
338 2805 465 2853 papa
494 2794 689 2838 octavus
719 2790 1052 2859 receptionem
1078 2791 1357 2856 hujusmodi
1387 2791 1601 2852 fecisset,
1626 2792 1686 2841 de
1705 2807 1907 2841 consue-

119 2872 287 2921 tudine
323 2877 370 2922 et
403 2874 709 2923 observantia
747 2874 908 2924 debita
945 2874 1074 2924 circa
1105 2875 1383 2940 hujusmodi
1416 2875 1561 2924 nimis
1595 2861 1903 2935 informatUS,

118 2957 230 3020 quia
247 2973 359 3006 cum
386 2962 558 3023 postea
582 2958 764 3006 factum
791 2974 819 3008 a
842 2975 920 3007 me
951 2958 1286 3020 intellexisset,
1310 2959 1430 3008 mihi
1458 2960 1575 3009 dixit
1606 2976 1718 3009 eum
1744 2960 1904 3009 nesci-

116 3041 259 3101 visse,
293 3046 341 3091 et
385 3042 532 3106 quod,
569 3059 683 3091 casu
728 3043 959 3109 deinceps
996 3048 1283 3102 occurente,
1320 3044 1527 3110 amplius
1573 3045 1765 3094 mittere
1806 3061 1902 3093 non

116 3123 285 3183 vellet3
310 3126 369 3175 de
390 3142 443 3175 re
467 3143 554 3191 per
580 3128 768 3178 Sixtum
789 3133 913 3190 acta,
938 3144 1018 3178 me
1038 3129 1338 3193 respondere
1367 3146 1467 3178 non
1496 3130 1637 3189 velle,
1664 3145 1774 3178 cum
1804 3145 1901 3177 non

118 3212 247 3256 esset
264 3212 483 3277 tempore
500 3228 611 3261 meo
630 3218 785 3277 gesta,
804 3214 891 3263 sed
912 3214 1210 3279 temporibus
1226 3215 1448 3279 ejusdem
1471 3215 1588 3263 Sixti
1605 3214 1754 3263 fuisse
1775 3215 1903 3263 bene

119 3293 422 3341 ceremonias
440 3303 690 3361 corruptas
711 3303 759 3347 et
779 3298 1101 3347 intermissas.
1128 3299 1428 3347 Paramentis
1447 3297 1622 3347 deinde
1640 3314 1728 3362 per
1747 3298 1906 3363 ponti-

122 3374 265 3423 ficem
287 3375 514 3434 dimissiS‚
537 3381 716 3428 vocatis
738 3383 1058 3431 cardinalibus
1081 3383 1142 3431 ad
1162 3385 1400 3430 secretam
1421 3397 1684 3441 cameram,
1709 3381 1903 3429 habitus

125 3462 197 3507 est
224 3459 283 3507 de
311 3458 558 3522 premissis
585 3477 672 3524 per
699 3466 980 3526 pontificem
1009 3481 1188 3524 sermo,
1214 3470 1260 3514 et
1287 3479 1399 3514 cum
1420 3463 1565 3526 aliqui
1594 3479 1653 3512 ex
1682 3462 1902 3510 cardina-
