2216 3886
134 333 416 374 11i‹·tutn·‹·t'·99l
577 331 742 367 RERVM
780 330 1081 366 t'RRxNARt'M
1115 330 1465 366 tlsvxtMENTxtzll.
1842 332 1907 367 :371

135 450 302 482 eorum
325 435 454 492 loca;
481 434 659 496 recepit
684 433 958 496 hujusmodi
980 433 1426 495 pecuniasnomine
1450 447 1648 480 romane
1672 432 1906 481 Ecclesie.

135 522 190 568 D.
217 521 363 567 Cesar
390 518 582 581 Borgia,
614 517 709 565 dux
733 515 1030 574 Valentinus,
1062 515 1188 563 filius
1210 518 1357 579 Pape,
1382 515 1660 579 capitaneus
1691 517 1909 578 gentium

132 602 479 666 predictarum,
519 605 565 649 et
602 616 689 664 pro
727 615 894 647 earum
930 598 1232 646 restitutione
1272 598 1606 661 obligaverunt
1647 613 1696 645 se
1734 598 1907 646 civitati

134 685 478 734 Mediolanensi
508 684 719 748 predicte
744 683 910 731 RRmi.
938 685 1037 730 DD.
1071 681 1337 730 cardinales
1365 682 1424 728 de
1453 682 1627 744 Borgia
1649 685 1695 730 et
1718 698 1755 729 s.
1785 682 1907 729 Petri

133 770 191 817 ad
216 769 437 819 Vincula.

199 852 466 912 Dominica,
490 855 547 898 27
570 852 680 898 dicti
702 851 882 899 mensis
898 852 1127 904 octobris,
1150 851 1306 909 Senis,
1328 851 1376 897 in
1391 855 1627 899 conventu
1645 852 1903 909 Minoi-um,

133 937 249 984 obiit
271 936 420 984 frater
442 938 662 985 Samson.
686 934 926 998 generalis
948 934 1168 981 minister
1188 934 1369 980 ordinis
1391 934 1647 994 Minorum‚
1672 935 1753 998 qui
1776 935 1908 983 dice-

132 1022 272 1068 batur
297 1023 403 1083 post
435 1034 485 1066 se
517 1018 767 1081 reliquisse
795 1018 853 1065 de
886 1017 1024 1064 bonis
1055 1016 1170 1076 suis,
1203 1016 1240 1063 si
1270 1032 1354 1064 sua
1383 1016 1593 1077 fuerunt,
1629 1034 1772 1065 unam
1801 1034 1906 1067 cre-

131 1103 343 1151 dentiam
374 1105 673 1165 argenteam,
702 1100 796 1148 hoc
826 1103 899 1148 est
929 1115 1040 1147 vasa
1070 1104 1300 1162 argentea
1327 1116 1413 1163 pro
1441 1101 1704 1160 credentia,
1737 1101 1906 1150 valoris

131 1188 260 1236 mille
289 1188 598 1243 ducatorum;
630 1186 819 1232 inventa
850 1183 952 1248 [est]
982 1183 1189 1247 pecunia
1215 1183 1264 1230 in
1293 1200 1387 1231 uno
1418 1184 1526 1233 loco
1554 1190 1650 1244 mm,
1676 1185 1722 1232 in
1755 1185 1906 1234 altero

133 1277 239 1320 Υιιιιιι
268 1271 571 1329 ducatorum,
598 1274 642 1317 et
665 1270 713 1316 in
741 1269 834 1316 alio
862 1267 992 1314 mille
1024 1271 1070 1314 et
1100 1267 1382 1330 octingenti.
1418 1267 1524 1316 Fuit
1556 1272 1773 1332 tempore
1800 1284 1907 1317 mo—

130 1355 264 1403 derni
290 1357 415 1418 Pape
438 1352 692 1401 Alexandri
721 1368 767 1399 vi
796 1367 911 1415 sepe
939 1350 1141 1398 relatum
1172 1350 1329 1413 ipsum
1351 1350 1648 1410 defunctum,
1675 1358 1724 1399 u‘t
1751 1351 1907 1400 cardi-

129 1438 340 1486 nalatum
366 1441 706 1500 assequeretur
736 1434 880 1483 modo
910 1440 1050 1486 xxxm,
1086 1433 1230 1481 modo
1257 1440 1430 1493 xxxvm,
1462 1435 1607 1483 modo
1637 1441 1790 1482 xxxxm
1819 1435 1907 1483 du-

129 1527 344 1569 catorum
377 1520 608 1569 obtulisse
643 1523 690 1568 et
726 1518 997 1583 persolvere
1031 1518 1256 1566 voluisse.
1297 1520 1410 1566 Post
1444 1519 1548 1582 ejus
1579 1519 1780 1579 obitum,
1817 1521 1901 1568 SS.

132 1609 185 1654 D.
223 1607 279 1653 N.
315 1604 563 1653 constituit
598 1605 647 1651 in
679 1603 911 1651 vicarium
946 1602 1223 1664 generalem
1261 1603 1374 1652 dicti
1413 1604 1618 1664 ordinis,
1660 1621 1811 1668 usque
1847 1606 1907 1653 ad

130 1689 415 1737 electionem
443 1688 589 1737 futuri
618 1687 876 1751 generalis,
906 1687 1102 1734 fratrem
1124 1686 1346 1747 Egidium
1368 1688 1426 1736 de
1448 1688 1651 1744 Amelia,
1684 1690 1902 1753 ejusdem

129 1771 312 1818 ordinis
335 1775 700 1835 procuratorem
726 1771 1020 1833 generalem.

193 1854 331 1903 Feria
351 1854 533 1918 quinta,
560 1857 613 1901 31
643 1857 690 1902 et
710 1854 875 1902 ultima
897 1854 1011 1902 dicti
1034 1855 1215 1901 mensis
1240 1855 1471 1913 octobriS,
1502 1855 1660 1917 vigilia
1686 1856 1902 1902 omnium

127 1940 433 1995 Sanctorum,
463 1938 657 1986 fuerunt
686 1953 884 2001 vespere
911 1938 1107 2002 papales
1136 1938 1184 1984 in
1213 1938 1397 2002 capella
1423 1938 1612 2002 majori,
1639 1941 1767 2002 Papa
1793 1954 1904 2002 pre—

127 2025 279 2088 sente,
305 2021 364 2070 ad
385 2037 504 2085 quas
525 2021 733 2086 primum
751 2022 877 2068 venit
901 2024 957 2069 D.
983 2021 1205 2069 Aurelius
1228 2021 1286 2069 de
1309 2021 1542 2085 Capriuis,
1567 2021 1900 2070 Vites-biensis*

126 2104 252 2151 sedis
279 2103 544 2168 apostolice
567 2103 783 2167 acolytus
806 2103 1128 2154 numerarius,
1154 2102 1383 2150 inlocum
1407 2105 1463 2150 D.
1490 2103 1672 2151 Nicolai
1702 2103 1903 2151 Prendi-

124 2188 290 2251 lacqua
311 2187 539 2251 resignati
567 2187 626 2234 ab
648 2187 754 2234 aliis
782 2186 980 2250 acolytis
1002 2202 1157 2250 nuper
1175 2190 1416 2250 receptus.
1448 2189 1627 2234 Tantus
1650 2187 1737 2235 fuit
1758 2187 1897 2250 pedi-

125 2276 221 2318 tum
255 2275 549 2318 armatorum
580 2285 830 2329 numerus,
865 2270 1158 2317 ronconibus
1192 2275 1239 2317 et
1269 2269 1373 2317 aliis
1404 2269 1601 2318 diversis
1631 2270 1778 2318 armis
1809 2286 1895 2334 pro

122 2354 338 2403 custodia
354 2354 614 2419 pontificis,
639 2354 687 2401 in
709 2354 880 2417 prima,
907 2353 1118 2401 secunda
1139 2359 1186 2402 et
1207 2354 1347 2402 tertia
1367 2354 1488 2402 aulis
1507 2354 1666 2418 palatii
1690 2354 1749 2401 ab
1774 2354 1899 2402 inte-
1921 2388 1931 2394 ,

123 2438 234 2485 riori
261 2443 395 2501 parte
423 2438 623 2501 capelle,
657 2438 786 2500 qued
805 2437 882 2485 vix
909 2437 1100 2501 patebat
1124 2438 1296 2501 cuique
1324 2454 1412 2501 per
1438 2453 1545 2487 eam
1572 2454 1859 2502 progressus
1885 2456 1894 2486 ε

123 2519 427 2566 tibicinorum
453 2534 661 2582 quoque,
690 2524 971 2567 sonatorum
993 2523 1039 2567 et
1060 2520 1355 2567 musicorum
1376 2521 1513 2568 multi
1536 2526 1673 2570 erant
1694 2538 1723 2569 a
1744 2522 1898 2569 diver-

121 2604 185 2651 sis
201 2603 320 2650 locis
339 2607 565 2651 sonantes
585 2607 630 2650 et
650 2602 918 2651 laudantes.
941 2603 1046 2649 Fuit
1064 2603 1266 2650 mutatio
1285 2619 1563 2667 capparum,
1586 2610 1632 2652 et
1650 2605 1742 2652 alia
1760 2621 1894 2652 more

120 2687 276 2736 solito.
298 2740 308 2747 „

185 2775 232 2819 tn
255 2777 395 2820 nocte
419 2772 656 2836 sequenti,
688 2771 818 2819 circa
844 2771 1014 2818 horam
1043 2786 1237 2831 nonam,
1270 2771 1476 2819 Domina
1497 2771 1736 2830 Lucretia,
1765 2773 1891 2835 Pape

119 2856 231 2913 filia,
260 2856 446 2920 peperit
476 2856 628 2903 filium
652 2856 919 2904 masculum
951 2873 960 2904 :
995 2855 1142 2919 quod,
1171 2859 1221 2904 ut
1249 2855 1430 2903 dictum
1452 2855 1555 2914 fuit,
1587 2856 1646 2904 de
1668 2855 1894 2904 mandato

118 2942 262 3002 Pape,
294 2939 518 2988 omnibus
540 2940 861 2988 cardinalibus
883 2944 929 2988 et
951 2939 1222 2988 oratoribus
1248 2945 1294 2987 et
1315 2939 1420 2986 aliis
1442 2939 1609 2987 amicis
1636 2940 1695 2987 ad
1725 2955 1893 2988 eorum

117 3022 286 3070 domos
304 3027 413 3069 ante
436 3022 564 3071 diem
587 3029 658 3071 est
680 3024 1032 3072 annuntiatum.
1056 3026 1267 3072 Fuerunt
1289 3028 1544 3087 propterea
1565 3024 1892 3072 nuntiantibus

115 3105 275 3152 donati
306 3121 392 3168 per
413 3106 625 3168 singulos
655 3107 920 3155 cardinales
953 3111 998 3154 et
1026 3112 1240 3155 oratores
1268 3106 1428 3154 ducati
1457 3107 1570 3155 duo.
1603 3123 1658 3155 ac
1686 3107 1792 3170 plus
1821 3107 1890 3154 vel

114 3189 291 3247 minuS,
315 3193 455 3251 prout
476 3189 654 3251 placuit
675 3189 891 3238 donanti.

180 3274 229 3318 ln
260 3271 336 3318 die
367 3271 582 3319 omnium
605 3274 906 3332 Sanctorum,
938 3276 1193 3337 antequam
1224 3277 1308 3322 SS.
1342 3277 1396 3321 D.
1423 3276 1478 3321 N.
1507 3272 1688 3321 veniret
1714 3274 1774 3321 ad
1799 3291 1887 3338 pu-

120 3355 313 3414 blicum,
335 3354 477 3418 jussit
505 3354 565 3402 ad
585 3370 635 3402 se
661 3357 819 3404 vocari
849 3372 1018 3404 omnes
1046 3358 1330 3409 cardinales,
1368 3357 1426 3403 de
1455 3371 1658 3421 quorum
1690 3359 1889 3406 consilio

119 3437 469 3485 commendavit
499 3438 728 3486 ecclesias
756 3439 1156 3501 Segobricensem
1188 3447 1233 3488 et
1265 3440 1558 3493 Tullensem‚
1591 3455 1677 3502 per
1706 3442 1887 3488 cessio-
