2202 3926
155 323 382 364 [Avr111494]
603 323 774 362 RERUM
806 322 1110 360 L‘RssANARUM
1145 323 1490 360 COMMENTARH.
1865 326 1932 362 113

219 425 426 474 Proinde
452 425 502 473 in
530 425 733 474 adventu
753 424 1247 490 legaticonv'ocentur
1269 440 1437 473 omnes
1466 423 1674 488 religiosi
1701 429 1750 473 et
1772 426 1931 474 clerus

158 508 358 557 civitatis
376 511 414 556 N
420 509 690 572 eapolitane
711 509 771 558 ad
784 509 955 558 horam
973 512 1324 572 congruentem
1346 507 1406 556 ad
1428 508 1684 556 ecclesiam
1705 511 1743 557 N
1749 509 1931 572 eapoli-

157 596 319 640 tanam
341 608 400 639 ex
431 608 542 655 qua,
568 593 670 642 sola
698 609 838 642 cruce
868 593 992 641 illius
1023 592 1226 641 ecclesie
1255 591 1566 655 precedente,
1600 591 1772 640 vadant
1802 595 1934 639 extra

160 679 344 738 portam
365 677 647 738 Capuanam-
661 677 827 724 ordine
850 677 1007 726 solitO.

168 813 175 819 ⁴
226 760 279 805 In
311 758 517 807 ecclesia
541 761 856 825 Neapolitana
883 762 932 808 in
963 762 1159 810 introitu
1191 764 1385 824 paretur
1417 775 1496 808 vas
1530 776 1654 823 aque
1677 759 1931 808 benedicte

162 856 273 889 cnm
309 844 580 905 aspersorio
615 844 936 892 convenienti.
972 873 1037 880 —
1069 843 1384 892 Thuribulum
1421 859 1531 891 cum
1568 844 1686 907 igni,
1721 844 1938 892 navicula

163 941 273 973 cum
291 925 506 974 incenso.
530 953 594 960 -
614 925 892 973 Pontificale
913 941 1000 988 pro
1021 925 1222 988 prelato,
1249 930 1300 973 ut
1323 926 1581 973 versiculos
1603 930 1649 973 et
1668 926 1933 974 orationem

164 1023 222 1057 ex
246 1023 304 1057 eo
338 1008 479 1056 dicat.
502 1035 567 1042 —
596 1006 934 1055 Faldistorium
965 1022 1073 1054 cum
1108 1007 1335 1066 scabello,
1371 1008 1573 1055 cussinis
1607 1012 1655 1056 et
1686 1014 1934 1071 cooperta,

162 1097 273 1140 ante
294 1107 444 1140 cornu
465 1090 665 1153 epistole
690 1089 852 1137 altaris
870 1106 958 1153 pro
978 1090 1155 1153 legato.
1180 1120 1243 1126 —
1266 1091 1409 1139 Aliud
1433 1092 1589 1140 simile
1615 1092 1935 1141 faldistorium

161 1192 272 1225 cum
300 1174 503 1224 cussinis
531 1178 578 1223 et
605 1178 834 1238 cooperta
858 1179 969 1221 ante
1000 1189 1150 1222 cornu
1179 1175 1412 1238 evangelii
1439 1192 1525 1239 pro
1556 1192 1688 1240 rege,
1714 1176 1842 1239 quod
1871 1176 1937 1224 sic

161 1260 251 1308 erit
273 1260 334 1308 ad
354 1259 597 1307 sinistram
616 1257 762 1322 legati
783 1256 1043 1321 genuflexi.
1068 1285 1132 1292 -—
1152 1258 1295 1306 Liber
1316 1274 1428 1306 cum
1449 1259 1667 1307 oratione
1688 1259 1747 1307 de
1771 1265 1937 1308 sancto

160 1343 385 1391 Januario
399 1359 487 1406 per
499 1342 711 1405 legatum
728 1340 948 1388 dicenda.
966 1369 1030 1375 —
1042 1343 1309 1405 Deputetur
1323 1342 1584 1390 canonicus
1598 1342 1805 1391 ecclesie
1820 1346 1939 1391 Nea-

161 1426 372 1490 politane
402 1426 482 1489 qui
505 1425 801 1473 thuribulum
827 1424 988 1488 legato
1008 1425 1059 1472 in
1078 1424 1276 1472 introitu
1306 1424 1511 1473 ecclesie
1530 1424 1745 1488 predicte
1769 1424 1938 1473 offerat
2012 1444 2014 1448 ·

161 1525 248 1573 pro
269 1509 469 1558 incenso
489 1509 800 1573 imponendo.

229 1593 494 1657 Responsio
520 1609 530 1641 :
556 1592 719 1641 omnia
735 1592 972 1656 premissa
993 1593 1340 1641 commiserunt
1362 1593 1591 1657 episcopo
1612 1591 1864 1656 Tropiensi
1893 1596 1939 1640 et

163 1676 299 1736 mihi,
324 1676 589 1724 ordinanda
609 1681 655 1724 et
676 1676 976 1740 disponenda
999 1680 1048 1724 ut
1069 1693 1231 1740 supra.

229 1760 478 1809 Premissis
499 1760 644 1823 igitur
665 1764 879 1823 utsupra
908 1761 1130 1819 narratis,
1155 1777 1242 1824 per
1269 1760 1490 1809 dominos
1518 1760 1580 1808 ad
1601 1775 1659 1808 ea
1685 1760 1939 1823 deputatos

114 1839 118 1843 ¹
164 1844 371 1907 desuper
402 1842 692 1901 nominatOS,
729 1843 847 1890 mihi
884 1843 1174 1902 commissis,
1208 1844 1473 1908 receptioni
1504 1843 1760 1892 cardinalis
1792 1843 1939 1906 legati

165 1925 378 1974 debitum
407 1925 626 1974 ordinem
661 1925 774 1973 dare
806 1926 1042 1989 incipiens
1075 1943 1162 1989 pro
1191 1928 1296 1990 ejus
1324 1928 1620 1990 receptione,
1646 1927 1738 1975 feci
1757 1942 1941 1974 memo-

164 2009 280 2057 riale
302 2008 580 2073 hujusmodi
603 2008 899 2057 continentie
925 2025 934 2056 ε

231 2093 358 2142 Ordo
380 2091 643 2155 recipiendi
664 2095 853 2139 Rmum.
878 2095 934 2139 D.
959 2093 1229 2140 Johannem
1253 2093 1373 2140 tituli
1396 2109 1436 2140 s.
1460 2095 1676 2142 Suzanne
1695 2092 1942 2157 presbyte-

163 2194 270 2226 rum
285 2175 595 2233 cardinalem,
614 2174 788 2221 Montis
810 2174 999 2237 Regalis
1018 2175 1272 2238 vulgariter
1296 2180 1644 2239 nuncupatum,
1664 2176 1824 2225 Sicilie
1841 2181 1935 2224 etc.

160 2260 374 2324 legatum
413 2258 474 2307 ad
506 2257 836 2307 coronandum
876 2258 1240 2307 serenissimum
1274 2259 1577 2323 Alphonsum
1619 2260 1779 2308 Sicilie
1820 2264 1936 2317 etc.,

163 2359 346 2408 regem,
371 2341 620 2405 Neapolim
641 2341 844 2388 missum
866 2340 914 2387 in
931 2331 1128 2389 introitu
1152 2341 1266 2390 dicti
1286 2342 1432 2406 legati
1455 2342 1516 2391 ad
1536 2342 1805 2407 predictam
1827 2342 1941 2391 civi-

163 2432 312 2476 tatem
347 2425 726 2489 Neapolitanam.
768 2424 959 2484 Prelati,
995 2424 1216 2474 videlicet
1255 2426 1607 2490 archiepiscopi
1644 2430 1692 2475 et
1729 2426 1940 2490 episcopi

165 2511 300 2574 regni
325 2509 526 2574 predicti
554 2509 602 2556 in
630 2508 816 2557 civitate
844 2508 1159 2572 Neapolitana
1188 2510 1434 2558 constituti
1467 2526 1576 2558 cum
1603 2526 1772 2559 eorum
1802 2525 1941 2557 man-

164 2595 288 2643 tellis
315 2598 363 2643 et
395 2593 605 2657 capuciis
638 2592 687 2639 in
717 2596 1040 2639 transversum
1071 2597 1116 2640 et
1149 2593 1344 2656 capellis
1376 2610 1543 2642 eorum
1574 2594 1792 2658 dignitati
1823 2608 1940 2641 con-

163 2676 464 2725 venientibus
491 2678 607 2738 quot
636 2679 752 2738 quot
780 2681 890 2722 sunt
918 2675 1060 2723 simul
1087 2677 1377 2740 equitantes,
1409 2679 1510 2726 bini
1539 2683 1587 2727 et
1610 2679 1726 2737 bini,
1752 2678 1940 2742 dignio-

164 2759 297 2806 ribus
327 2773 518 2821 semper
542 2758 932 2820 precedentibus,
962 2759 1123 2822 legato
1157 2761 1345 2809 obviam
1383 2762 1592 2822 venient,
1631 2777 1781 2825 usque
1814 2761 1942 2809 circa

166 2859 205 2890 s.
236 2841 494 2900 Julianum,
527 2841 606 2890 ubi
637 2857 766 2899 eum,
807 2842 964 2906 primo
1000 2858 1087 2906 pro
1124 2844 1348 2892 omnibus
1383 2845 1939 2909 loquente,-honorifice

165 2926 416 2990 recipient,
440 2925 605 2989 capita
633 2926 825 2974 detecta
850 2925 939 2973 sibi
965 2927 1213 2975 dumtaxat
1240 2928 1528 2977 inclinantes
1558 2929 1739 2992 absque
1769 2944 1941 2976 manus

166 3009 494 3072 porrectione3
525 3009 697 3057 deinde
725 3009 939 3073 legatum
966 3009 1124 3074 ipsum
1151 3010 1267 3071 bini,
1299 3017 1349 3060 ut
1375 3014 1624 3071 venerunt,
1659 3015 1937 3074 sequentur.

233 3092 579 3140 Serenissimus
604 3108 689 3140 rex
717 3092 994 3156 Alphonsus
1025 3093 1182 3143 veniat
1212 3110 1323 3142 cum
1345 3095 1605 3144 baronibus
1633 3094 1731 3141 suis
1754 3093 1941 3141 obviam

166 3173 293 3221 dicto
311 3173 557 3233 cardinali,
581 3190 732 3238 usque
753 3190 903 3238 prope
926 3180 1148 3223 sanctum
1177 3177 1462 3236 Antonium,
1487 3177 1567 3225 ubi
1594 3193 1653 3225 ex
1685 3192 1809 3239 equo
1832 3176 1942 3223 des-

166 3256 396 3315 cendenS,
418 3255 627 3319 legatum
653 3258 828 3321 ipsum,
854 3258 1044 3307 detecto
1067 3259 1242 3323 capite,
1269 3260 1485 3323 recipiat,
1511 3276 1709 3307 manum
1733 3259 1777 3307 ei
1805 3259 1944 3307 deos-

167 3338 389 3397 culando,
426 3342 475 3385 et
504 3338 555 3384 in
584 3354 682 3387 ore.
720 3342 951 3403 Legatus,
988 3346 1163 3404 negato
1204 3342 1293 3390 sibi
1328 3358 1500 3390 manus
1537 3343 1721 3402 osculo,
1756 3344 1816 3390 ad
1848 3342 1942 3389 oris

169 3420 389 3469 osculum
410 3419 567 3483 ipsum
588 3435 750 3483 regem
773 3423 990 3485 recipiat,
1015 3427 1062 3470 et
1078 3424 1215 3487 juxta
1239 3440 1289 3472 se
1311 3424 1454 3473 faciat
1476 3427 1709 3488 equitare.

359 3527 392 3551 T.
421 3527 458 3550 11.
1712 3522 1734 3555 8
