2216 3886
293 295 360 330 494
895 296 1125 333 JOHANNIS
1160 296 1452 342 BURCHARDI,
1844 297 1951 337 [Aout
1970 298 2062 336 1-'1981

291 396 498 460 hospitio
519 401 738 460 receptus
764 401 864 457 est;
891 398 1125 446 contraxit
1153 398 1324 446 deinde
1352 400 1461 460 post
1481 411 1658 459 paucos
1687 397 1788 444 dies
1816 397 2063 445 matrimo-

293 479 423 527 nium
457 496 544 543 per
571 480 714 527 verba
747 480 805 527 de
839 480 1049 543 presenti
1088 495 1197 526 cum
1231 480 1334 542 ipsa
1367 479 1611 538 Lucretia,
1645 479 1854 542 illudque
1887 481 2062 528 carnali

291 563 462 627 copula
482 563 847 611 consummavit.
870 562 1043 625 Nuptie
1067 567 1174 609 sunt
1194 562 1242 609 in
1264 562 1390 610 dicto
1412 563 1586 626 palatio
1609 563 1848 611 celebrate
1867 567 1914 611 et
1933 563 2064 626 prius

292 646 532 710 sponsalia
560 645 662 692 sine
689 660 866 708 pompa
887 644 1088 692 solemni
1112 645 1198 692 sed
1219 649 1422 705 secrete,
1449 646 1671 695 omnibus
1694 646 1954 695 scientibus
1977 646 2061 707 (1).

290 732 341 776 ln
381 728 582 792 capella,
619 730 700 776 SS.
738 730 792 775 D.
829 731 992 776 noster
1026 728 1269 777 mandavit
1301 729 1422 778 tradi
1453 730 1612 778 locum
1645 730 1859 794 predicto
1891 730 1955 778 D.
1985 730 2066 777 Al-

289 811 475 875 phonso
499 827 527 859 a
547 811 727 860 dextris
748 811 796 858 in
817 811 959 875 plano
987 812 1092 860 solii
1118 812 1187 859 sui
1218 812 1298 860 ubi
1327 829 1437 861 eum
1464 813 1611 862 voluit
1634 818 1761 862 stare
1790 813 1921 862 omni
1943 817 2067 862 tem-

288 911 403 958 pore
441 911 752 958 vesperarum
794 894 889 943 sive
921 895 1067 943 misse
1100 911 1198 943 non
1232 896 1432 955 sedere3
1467 914 1610 961 quem
1648 898 1808 954 locum
1845 897 1974 945 idem
2007 913 2065 945 ex

287 983 395 1041 post
417 978 683 1027 observavit
703 994 813 1026 cum
835 979 1076 1042 pontilicis
1096 980 1359 1028 voluntate.

353 1062 460 1109 Dixi
484 1061 721 1125 superius,
748 1061 806 1110 de
825 1077 992 1110 mense
1011 1063 1192 1126 aprilis,
1215 1063 1274 1111 de
1292 1064 1570 1113 detentione
1589 1063 1830 1128 quondam
1850 1062 2061 1128 episcopi

288 1143 607 1208 Calaguritani
641 1147 697 1192 D.
724 1145 850 1192 Petri
880 1144 938 1192 de
966 1145 1176 1206 Aranda,
1204 1148 1287 1195 SS.
1314 1149 1371 1194 D.
1396 1150 1452 1195 N.
1477 1162 1598 1211 pape
1629 1146 1845 1211 magistri
1871 1146 2060 1206 domus,

287 1228 344 1276 de
364 1227 606 1276 marrania
626 1232 673 1275 et
693 1227 852 1275 heresi
877 1229 1103 1292 suspecti,
1130 1234 1177 1278 et
1199 1229 1315 1277 alias
1336 1229 1569 1290 infamati,
1596 1231 1734 1294 cujus
1754 1230 1883 1277 bona
1903 1229 2065 1277 omnia

284 1317 393 1376 post
420 1313 522 1376 ejus
546 1311 873 1361 detentionem
902 1312 1029 1361 inter
1054 1313 1221 1361 hortos
1250 1317 1461 1362 secretos
1485 1301 1568 1362 SS.
1596 1317 1653 1362 D.
1676 1317 1841 1362 noster
1861 1314 2071 1377 recepit,

286 1402 332 1445 et
358 1400 413 1444 D.
439 1396 741 1459 Alphonsum
764 1396 971 1456 Solares,
997 1396 1113 1444 alias
1131 1397 1190 1445 de
1208 1397 1414 1457 Aranda,
1437 1398 1821 1462 protonotarium
1843 1403 1890 1446 et
1910 1398 2065 1446 secre-

288 1479 460 1526 tarium
484 1494 540 1526 ac
571 1477 855 1542 scriptorem
877 1479 1211 1542 apostolicum,
1238 1480 1352 1528 dicti
1380 1483 1436 1528 D.
1464 1481 1591 1528 Petri
1615 1481 1767 1529 filium
1793 1480 2061 1529 naturalem

289 1563 347 1610 ad
380 1562 617 1610 civitatem
652 1560 931 1610 Perusinam
963 1561 1149 1624 relegit,
1175 1565 1222 1609 et
1248 1577 1441 1610 causam
1471 1563 1756 1627 suspicionis
1782 1560 2062 1628 hujusmodi

287 1650 454 1693 contra
484 1645 641 1708 ipsum
675 1647 732 1692 D.
760 1647 953 1692 Petrum
981 1648 1077 1692 RR.
1103 1644 1151 1692 in
1182 1645 1368 1692 Christo
1402 1648 1491 1693 PP.
1525 1648 1666 1694 Petro
1698 1645 2061 1708 archiepiscopo

286 1729 487 1792 Regino,
512 1729 636 1776 alme
659 1728 799 1776 Urbis
821 1727 1149 1791 gubernatori,
1175 1730 1316 1775 Petro
1342 1727 1400 1774 de
1425 1714 1646 1775 Valentia
1667 1728 1894 1790 episcopo
1917 1730 2061 1776 Cese-

286 1813 490 1870 natensi,
526 1811 656 1859 curie
698 1827 949 1859 causarum
984 1826 1174 1858 camere
1215 1810 1479 1873 apostolice
1523 1809 1736 1873 generali
1776 1809 1981 1857 auditori
2016 1814 2062 1857 et

285 1896 471 1960 Egerdo
513 1898 786 1959 Duercoop,
824 1894 1051 1959 episcopo
1093 1893 1378 1941 Slesvicensi
1419 1892 1498 1940 uni
1541 1909 1599 1941 ex
1631 1893 1771 1940 dictis
1805 1895 2059 1940 causarum

285 1979 406 2027 sacri
435 1979 597 2043 palatii
626 1978 878 2043 apostolici
908 1977 1206 2026 auditoribus
1233 1976 1583 2025 locumtenenti
1611 1975 1899 2024 audiendam
1925 1987 2060 2024 com*

282 2062 410 2110 misit
447 2067 493 2110 et
532 2062 735 2125 dejure
778 2060 1146 2110 terminandam.
1189 2060 1303 2119 Qui,
1337 2059 1619 2109 examinatis
1657 2075 1743 2123 pro
1783 2063 1916 2123 parte
1956 2047 2062 2108 fisci

282 2146 512 2210 pluribus,
539 2150 586 2193 et
612 2161 699 2209 pro
727 2149 860 2209 parte
887 2148 943 2193 D.
975 2145 1102 2193 Petri
1136 2144 1194 2192 de
1225 2144 1418 2192 Aranda
1449 2147 1642 2192 centum
1671 2146 1716 2190 et
1743 2158 1838 2190 uno
1860 2142 2060 2190 testibus

285 2229 508 2278 omnibus
538 2229 585 2276 in
614 2232 748 2292 parte
769 2228 843 2277 vel
870 2228 915 2275 in
948 2231 1103 2276 totum
1135 2232 1303 2276 contra
1323 2227 1480 2290 ipsum
1506 2225 1748 2274 Arandam
1773 2225 2059 2289 deponenti-

282 2315 388 2374 bus,
424 2330 652 2379 processu
690 2314 822 2378 prius
863 2318 1032 2362 contra
1067 2313 1224 2373 ipsum
1261 2312 1420 2360 debite
1457 2311 1692 2359 instituto.
1733 2310 1945 2358 Tandem
1982 2309 2058 2357 die

284 2398 490 2457 veneris,
532 2401 587 2445 16
618 2398 799 2446 mensis
829 2396 1122 2455 novembris,
1146 2396 1292 2444 iidem
1325 2396 1416 2459 ipsi
1443 2397 1542 2443 DD.
1570 2393 1887 2442 commissarii
1911 2390 1959 2440 in
1983 2409 2059 2441 se-

284 2485 416 2530 creto
438 2480 724 2529 consistorio
748 2482 830 2529 SS.
854 2483 910 2528 D.
936 2483 993 2528 N.
1012 2496 1134 2544 pape
1156 2495 1438 2544 processum
1459 2485 1506 2526 et
1525 2477 1717 2526 testium
1737 2475 2060 2541 depositiones

283 2564 578 2622 retulerunt3
610 2564 780 2627 quibus
813 2563 1086 2623 intellectiS,
1119 2565 1201 2611 SS.
1236 2566 1292 2611 D.
1324 2565 1506 2621 noster,
1541 2561 1600 2609 de
1634 2559 1836 2608 consilio
1871 2562 2060 2607 RRmo-'

284 2664 405 2695 rum.
437 2650 538 2695 DD.
570 2646 900 2706 cardinalium,
926 2650 1037 2695 enm
1068 2644 1299 2709 dignitate
1333 2643 1593 2709 episcopali
1621 2642 1940 2705 omnibusque
1972 2642 2058 2691 be-

283 2718 469 2779 neficiis
504 2735 618 2790 etc.,
655 2730 852 2794 privavit
881 2734 928 2779 et
960 2731 1019 2778 ab
1051 2730 1182 2778 omni
1218 2729 1383 2777 ordine
1423 2726 1646 2791 deposuit
1678 2730 1727 2774 et
1761 2724 2053 2789 degradavih

285 2814 467 2862 Deinde
498 2814 626 2862 idem
659 2817 716 2862 D.
749 2817 918 2862 Petrus
938 2814 1167 2878 privatus,
1199 2812 1446 2876 depositus
1472 2815 1518 2859 et
1550 2809 1856 2873 degradatus,
1887 2809 2056 2857 ductus

283 2895 370 2942 fuit
391 2912 534 2959 supra
554 2912 747 2944 murum
769 2897 827 2944 ad
849 2896 1099 2945 castellum
1118 2912 1157 2943 s.
1181 2894 1370 2957 Angeli,
1395 2899 1443 2942 et
1470 2893 1648 2941 ibidem
1669 2892 1852 2955 positus
1872 2889 1919 2939 in
1941 2906 2057 2955 qua-

283 2968 394 3027 dam
415 2994 622 3037 camera,
647 2978 775 3027 bona
795 2983 973 3038 tamen,
999 2983 1047 3027 et
1067 2978 1115 3025 in
1137 2994 1195 3025 ea
1215 2976 1482 3025 custoditus
1509 2976 1784 3039 diligenter,
1807 2973 2057 3039 permissis

286 3061 374 3109 sibi
415 3077 509 3108 uno
546 3060 619 3118 vel
653 3060 839 3109 duobus
880 3060 1187 3108 servitoribus
1219 3062 1489 3123 opportuna
1521 3058 1608 3106 sibi
1636 3057 2050 3106 ministrantibus}

287 3144 371 3192 suit
402 3144 547 3192 etiam
581 3147 748 3192 contra
778 3145 834 3191 D.
858 3143 1157 3207 Alphonsum
1192 3141 1382 3190 Solares
1413 3141 1471 3188 de
1498 3141 1707 3200 Aranda,
1736 3140 1886 3188 filium
1916 3153 2052 3187 suum

332 3289 365 3327 1.
389 3291 437 3327 Le
460 3291 616 3340 mariage
636 3291 814 3340 religieux
833 3291 888 3328 fut
906 3289 1044 3328 celebre
1064 3302 1109 3326 au
1129 3288 1282 3327 Vatican
1301 3288 1334 3325 le
1354 3289 1396 3325 21
1423 3288 1555 3337 juillet.
1583 3287 1676 3337 Voy.
1700 3285 1958 3336 Gregorovius.
1980 3287 2051 3323 Lua

285 3352 383 3386 crece
402 3352 549 3396 Borma,
570 3355 596 3387 t.
620 3352 648 3396 I,
671 3352 727 3389 ch.
756 3364 819 3396 xu,
840 3363 875 3399 p.
906 3351 996 3395 1923
1018 3354 1053 3386 et
1077 3349 1271 3386 le-contrat
1296 3348 1339 3384 de
1364 3348 1524 3396 mariage
1544 3346 1666 3396 public
1692 3349 1713 3383 a
1738 3345 1934 3395 l'appendt,
1955 3349 1981 3383 t.
2005 3345 2051 3390 II,

285 3415 327 3444 no
349 3410 406 3454 16,
427 3422 463 3458 p.
486 3411 569 3455 311,
590 3411 733 3458 d'apres
755 3411 787 3448 la
806 3409 943 3447 minute
964 3410 1011 3445 (lu
1031 3408 1169 3446 notair'e
1190 3405 1340 3446 Camillo
1362 3407 1616 3446 Beneimbene.
