2216 3886
909 231 1195 286 Appsschss.
1873 253 1943 290 673

1025 431 1075 476 31

216 585 502 626 instructions
526 583 584 624 (lu
603 584 716 635 Papc
735 584 758 622 a
782 594 856 623 ses
877 582 1237 622 ambassadeurs.

792 723 812 745 «
842 707 1090 748 Alexander
1102 719 1224 758 papa
1250 710 1310 747 VI.

215 830 235 851 «
268 811 582 855 instructiones
598 809 697 850 date
718 810 844 851 vob1s
863 810 1104 851 venerabili
1125 808 1246 850 fratri
1263 809 1420 850 Joanni
1440 809 1768 862 archiepiscopo
1791 813 1936 863 Ragu-

160 881 256 920 sino
289 891 339 919 ac
370 876 537 918 dilectis
572 875 674 916 filiis
710 875 927 916 Hadriano
960 875 1218 917 castellensi
1251 875 1580 926 prothonotario
1613 887 1664 916 ac
1698 876 1938 928 apostolice

157 955 328 986 camere
362 942 514 984 clerIco
547 944 590 982 et
620 942 853 982 secretarIO
885 944 1035 982 nostro
1072 940 1312 982 domestico
1346 944 1389 981 et
1422 941 1680 992 Raymundo
1712 941 1937 982 Centellen

155 1009 484 1062 prothonotario
519 1010 562 1048 et
591 1007 864 1047 thesaurario
901 1007 1129 1055 Perusino,
1161 1006 1340 1054 nostris,
1373 1010 1417 1047 et
1455 1007 1695 1059 apostolice
1730 1007 1854 1048 Sedis
1885 1006 1943 1047 ad

158 1076 423 1117 Ludovicum
458 1074 546 1127 le.
583 1074 847 1114 Francorum
876 1083 1028 1124 regem
1066 1070 1483 1112 christianissimum
1518 1072 1690 1112 nunciis
1722 1075 1764 1113 et
1797 1074 1942 1113 orato-

158 1142 296 1183 ribus.
1417 1154 1420 1155 ⁷

213 1223 235 1245 «
264 1209 367 1248 Post
392 1206 541 1247 datam
567 1215 647 1244 sue
675 1204 891 1257 MaJestati
915 1202 1267 1244 benedictionem
1296 1202 1475 1243 nomine
1501 1202 1599 1255 eJus
1630 1201 1879 1242 Sanctitatis
1901 1204 1944 1242 et

161 1271 537 1326 presentationem
568 1270 732 1317 brevis,
762 1268 960 1310 referetis
992 1279 1071 1309 sue
1100 1268 1320 1321 Majestati
1357 1267 1477 1320 quod
1508 1277 1606 1316 nOS,
1635 1267 1785 1308 audito
1822 1267 1945 1308 obitu

157 1341 271 1381 clare
290 1337 501 1379 memorie
519 1336 659 1377 Caroli
676 1335 766 1388 Vllj
789 1335 923 1388 regis,
946 1333 1273 1386 predecessoris
1295 1335 1380 1384 sui,
1402 1333 1530 1374 sicuti
1547 1345 1627 1385 per
1641 1333 1752 1374 alias
1768 1335 1945 1373 nostras

156 1406 201 1446 in
218 1404 355 1446 forma
378 1403 524 1444 brevis
541 1402 711 1442 litteras
730 1412 810 1441 sue
832 1400 1048 1453 Majestati
1074 1399 1435 1452 significavimus,
1459 1399 1699 1451 plurimum
1721 1398 1944 1439 doluimus

156 1482 206 1512 ac
234 1471 518 1511 vehementer
551 1468 699 1508 animo
738 1465 945 1507 commoti
973 1476 1146 1514 sumus,
1175 1464 1509 1506 considerantes
1543 1465 1726 1506 eximias
1758 1464 1944 1505 virtutes

157 1547 262 1578 suas
278 1547 329 1577 ac
344 1534 603 1576 catholicum
619 1533 658 1586 ej
665 1544 718 1574 us
733 1532 931 1573 animum
948 1531 1310 1584 singularemque
1324 1530 1458 1572 fidem
1478 1534 1520 1572 et
1538 1530 1813 1572 devotionem
1839 1540 1946 1583 erga

159 1613 242 1644 nos
261 1605 303 1642 et
322 1602 435 1642 hanc
457 1602 656 1641 sanctam
678 1598 836 1639 Sedem
855 1598 901 1638 in
920 1597 1071 1638 multis
1093 1597 1270 1649 quidem
1294 1600 1552 1649 spectatam,
1574 1597 1653 1638 sed
1673 1596 1880 1649 precipue
1900 1596 1945 1636 in

160 1668 259 1720 eJus
280 1667 337 1707 ad
357 1667 519 1707 Urbem
543 1665 736 1706 adventu
758 1666 1037 1715 perspectam
1064 1666 1108 1703 et
1137 1663 1372 1715 cognitam,
1389 1674 1490 1703 cum
1521 1665 1586 1703 tot
1613 1662 1795 1703 armatis
1815 1661 1945 1701 milli-

161 1734 246 1774 bus
265 1731 488 1783 tantisque
524 1729 675 1781 copiis,
697 1731 819 1770 tanto
851 1741 902 1770 ac
933 1732 1024 1771 tam
1055 1729 1167 1770 felici
1198 1740 1407 1770 successu
1431 1741 1597 1779 rerum,
1626 1741 1709 1770 nos
1734 1732 1776 1770 et
1802 1729 1946 1781 ipsam

162 1798 319 1840 Sedem
347 1800 437 1837 tam
465 1798 718 1837 reverenter
739 1797 917 1855 tamque
943 1795 1167 1836 humiliter
1191 1799 1427 1837 veneratus
1454 1799 1536 1846 est,
1560 1795 1946 1847 obedientiamque

159 1863 289 1905 nobis
319 1862 507 1914 supplex
541 1861 915 1912 personaliterque
948 1861 1225 1910 exihibuerit‚
1249 1864 1292 1901 et
1320 1872 1403 1902 nos
1435 1864 1525 1901 tam
1558 1863 1813 1901 constanter
1843 1863 1943 1912 post

160 1930 260 1983 ejus
280 1928 326 1969 in
346 1939 534 1980 regnum
552 1927 743 1968 reditum
762 1926 857 1979 pari
882 1927 1044 1979 pietate
1073 1930 1115 1967 et
1140 1927 1448 1967 benevolentia
1470 1926 1603 1967 fuerit
1626 1929 1942 1978 prosequutus.

160 1994 429 2046 Addetisque
450 2004 532 2034 nos
553 2004 641 2034 non
664 1996 755 2034 tam
773 1993 872 2046 ejus
893 1996 1033 2034 morte
1052 1993 1248 2033 tristatos
1267 2004 1367 2033 esse
1387 2003 1523 2045 quam
1536 1993 1842 2043 assumptione
1864 2002 1946 2031 sua

160 2060 280 2102 cordi
306 2060 503 2101 omnium
531 2059 657 2111 regni
681 2059 942 2111 principum,
966 2059 1198 2108 baronum,
1223 2069 1453 2110 procerum
1478 2069 1529 2098 ac
1556 2057 1820 2109 populorum
1841 2067 1945 2097 con-

161 2138 298 2168 sensu
318 2129 362 2167 et
386 2126 548 2178 plausu
574 2125 723 2166 habita
748 2126 923 2175 letatos,
946 2137 1047 2166 cum
1073 2124 1212 2165 claras
1240 2124 1372 2165 animi
1397 2123 1466 2164 sui
1494 2123 1636 2173 dotes,
1661 2123 1882 2164 excelsum
1904 2125 1946 2163 et

161 2192 367 2234 invictum
381 2191 581 2231 animum
603 2190 902 2241 attendamus,
932 2189 1371 2242 persuadeamusque
1394 2189 1526 2230 nobis
1549 2189 1646 2241 eJ'us
1672 2189 1946 2242 Majestatem

162 2269 239 2310 pro
273 2258 366 2298 suis
399 2255 630 2297 immensis
661 2255 942 2309 egregiisque
973 2258 1130 2296 nature
1164 2255 1291 2296 donis
1317 2266 1367 2295 ac
1400 2255 1732 2307 progenitorum
1763 2265 1945 2295 suorum

161 2322 375 2363 institutis
399 2333 489 2363 non
512 2321 673 2362 minori
693 2332 776 2362 nos
798 2324 842 2362 et
861 2321 1006 2372 ipsam
1035 2321 1193 2362 Sedem
1222 2320 1451 2361 affectione
1471 2323 1514 2360 et
1534 2319 1814 2360 observantia
1848 2329 1947 2370 pro—

165 2391 457 2440 sequuturam
491 2398 624 2438 quam
656 2385 788 2427 fuerit
819 2386 915 2438 ipse
945 2387 1126 2428 Carolus
1158 2390 1203 2427 et
1236 2385 1309 2427 alii
1338 2385 1674 2436 predecessores
1701 2385 1792 2431 sui,
1827 2383 1947 2436 quod

162 2456 281 2494 certe
302 2456 345 2493 et
371 2452 427 2494 ab
449 2451 656 2493 omnibus
683 2451 801 2492 claro
828 2451 1081 2492 testimonio
1108 2454 1151 2493 et
1183 2462 1271 2492 una
1302 2450 1500 2491 omnium
1526 2462 1630 2491 voce
1660 2450 1715 2490 ita
1746 2449 1946 2490 futurum

163 2518 291 2560 nobis
309 2518 463 2560 nuncia
472 2520 557 2564 tur,
577 2519 620 2558 et
639 2516 822 2568 proinde
843 2517 975 2557 etiam
993 2516 1296 2570 significabitis
1316 2529 1398 2559 nos
1423 2516 1551 2558 sicuti
1575 2515 1789 2568 singulari
1810 2514 1945 2555 letitia

163 2583 306 2626 affecti
340 2594 513 2633 sumus,
535 2582 596 2623 ita
628 2581 683 2623 ad
709 2582 1134 2635 congratulationem
1167 2583 1425 2637 huiusmodi
1450 2594 1529 2624 vos
1553 2581 1739 2622 nuncios
1769 2583 1945 2621 nostros

164 2649 371 2698 misisse;
400 2647 520 2702 quod
553 2659 698 2700 neque
729 2659 808 2700 per
837 2647 1173 2700 predecessores
1201 2653 1378 2691 nostros
1404 2659 1549 2701 neque
1575 2658 1653 2699 per
1682 2657 1764 2687 nos
1799 2648 1946 2686 actum

164 2715 319 2756 extitit.

219 2795 240 2817 «
269 2781 469 2821 Preterea
491 2780 593 2832 quia
614 2782 714 2832 post
734 2780 1086 2832 assumptionem
1102 2784 1303 2823 nostram
1320 2781 1376 2823 ad
1396 2780 1699 2833 pontificatum
1718 2777 1798 2819 fuit
1815 2778 1946 2820 nobis

163 2856 341 2898 semper
361 2845 496 2895 cordi,
518 2845 628 2886 sicut
648 2857 702 2887 ex
722 2845 957 2898 pastoralis
982 2845 1280 2888 officiidebito
1300 2850 1523 2897 tenemur,
1542 2846 1598 2887 ad
1623 2844 1947 2897 expeditionem

162 2911 356 2962 aliquam
369 2911 415 2951 in
430 2912 608 2960 TurcaS,
620 2909 723 2952 fidei
738 2914 887 2953 nostre
902 2915 1138 2964 perpetuos
1153 2912 1321 2963 hostes,
1337 2913 1563 2963 devenire;
1579 2915 1622 2952 et
1636 2912 1680 2952 in
1695 2912 1777 2952 hoc
1793 2914 1943 2952 sancte

162 2976 375 3016 memorie
393 2976 619 3017 Callistum
636 2976 706 3029 llj,
719 2977 987 3018 avunculum
1004 2980 1206 3018 nostrum
1222 2988 1271 3018 ac
1284 2977 1407 3018 Pium
1423 2978 1473 3030 Ij,
1492 2977 1830 3028 predecessores
1845 2986 1945 3015 nos-

164 3045 272 3089 tros,
292 3040 408 3081 inter
427 3041 538 3081 alios
560 3040 807 3092 pontifices,
827 3042 903 3093 qui
927 3042 1062 3082 talem
1083 3041 1409 3093 expeditionem
1435 3041 1635 3094 aggressi
1665 3044 1782 3090 sunt,
1804 3051 1945 3092 quan-

163 3109 259 3157 tum
288 3105 418 3146 nobis
449 3107 562 3147 Deus
583 3105 854 3155 concederet,
876 3106 1052 3155 imitari,
1075 3109 1118 3147 et
1132 3117 1212 3148 nos
1234 3106 1350 3147 ultro
1370 3118 1469 3148 eam
1485 3107 1529 3146 in
1549 3106 1645 3157 ipsa
1670 3104 1945 3157 expeditione

168 3171 340 3221 offerre,
355 3170 398 3211 in
411 3170 535 3222 [qua]
553 3170 729 3222 quidem
746 3170 1022 3222 expeditione
1041 3171 1252 3212 hactenus
1269 3175 1311 3212 et
1326 3172 1434 3223 ipsis
1449 3171 1837 3223 predecessoribus
1852 3181 1947 3211 nos-

164 3235 245 3276 tris
272 3238 315 3276 et
334 3235 463 3276 nobis
478 3235 614 3275 multa
635 3234 950 3287 impedimenta
964 3237 1257 3289 contigerunt,
1276 3249 1323 3278 ac
1339 3237 1467 3278 nobis
1482 3237 1686 3288 precipue
1701 3237 1782 3277 hoc
1793 3239 1944 3278 nostro

168 3300 387 3342 desiderio
408 3303 605 3352 tempora
622 3301 748 3342 valde
769 3300 947 3342 fuerunt
967 3302 1152 3344 adversa
1170 3306 1219 3344 ut
1238 3314 1327 3343 non
1340 3302 1509 3343 licuerit
1528 3303 1657 3343 nobis
1678 3302 1798 3343 illam
1819 3301 1946 3343 sicuti

166 3367 532 3420 concupieramus
545 3367 602 3408 ad
616 3370 814 3420 optatum
829 3368 1029 3410 effectum
1041 3368 1294 3421 perducere.
1306 3370 1502 3421 Cumque
1514 3369 1759 3421 assumptio
1773 3379 1851 3410 sue
1863 3370 1946 3409 Ma-

353 3469 386 3493 T.
415 3468 452 3491 ιι.
1714 3459 1759 3494 43
