2222 3926
110 335 217 377 [Aont
235 337 329 377 1496]
552 336 721 374 RERUM
754 335 1059 385 URBANARUM
1091 335 1442 376 COMMENTARII.
1820 343 1891 378 307

112 436 428 502 Strigoniensi
463 441 696 487 exeuntes
729 438 788 486 ab
822 437 1032 487 ecclesia
1062 438 1323 487 Mutinensi
1356 443 1467 504 post
1500 439 1891 489 benedictionem

110 537 198 584 per
225 521 440 585 legatum
468 522 646 581 datam,
677 538 848 570 manus
876 522 1023 586 legati
1053 526 1165 571 sunt
1191 522 1458 572 deosculati
1489 540 1499 572 ε
1531 523 1705 573 deinde
1733 525 1890 572 cardi-

110 605 232 653 nalis
260 606 603 670 Strigoniensis
634 606 886 659 associavit
910 607 1126 671 legatum
1153 623 1307 671 usque
1333 607 1395 656 ad
1421 607 1621 657 domum
1648 611 1706 657 D.
1737 609 1892 657 comi-

110 689 228 737 tis...
254 690 303 737 in
325 707 419 753 qua
448 691 718 755 hospitatus
746 695 821 740 est
841 695 890 739 et
907 691 1096 755 legatus
1120 691 1224 755 ipse
1250 710 1259 739 :
1285 691 1614 756 pulcherrima
1642 692 1892 742 credentia

107 777 154 821 et
182 773 330 821 altare
353 775 574 838 ejusdem
595 775 850 824 cardinalis
879 774 1222 839 Strigoniensis
1247 775 1297 823 in
1328 791 1386 824 ea
1417 775 1525 836 sibi,
1557 780 1669 825 sunt
1700 780 1885 841 parata.

106 860 207 922 Ego
227 858 498 921 hospitatus
519 859 587 906 fui
612 859 663 906 in
687 859 865 922 palatio
895 859 1157 922 episcopali
1181 864 1229 908 et
1253 859 1434 924 optime
1465 863 1695 909 tractatus
1723 866 1771 910 et
1789 859 1886 920 alii,

106 941 220 991 hinc
249 947 298 990 et
332 941 444 990 inde
483 941 532 989 in
559 942 784 990 domibus
822 941 1023 1001 civium;
1058 957 1295 1006 expensas
1325 942 1551 991 omnibus
1580 942 1695 990 fecit
1724 942 1893 992 fratrer

106 1025 241 1074 ducis
263 1025 500 1094 Ferrarie'.

170 1109 310 1157 Feria
340 1113 525 1173 quarta,
561 1113 616 1156 17
646 1109 855 1174 augusti,
889 1109 1019 1158 facta
1046 1109 1303 1158 collatione
1326 1109 1436 1158 loco
1466 1110 1672 1170 prandii,
1700 1111 1889 1175 legatus

105 1193 323 1253 recessit,
349 1193 555 1257 Regium
588 1193 743 1241 iturus
776 1193 856 1241 ubi
894 1193 983 1241 sub
1016 1196 1154 1257 porta
1186 1193 1612 1256 processionaliter
1642 1200 1885 1260 receptuS,

104 1277 388 1341 genuflexus
420 1292 618 1325 crucem
646 1292 672 1325 e
699 1276 924 1325 manibus
958 1276 1370 1341 archipresbyteri
1397 1278 1643 1326 osculatus
1674 1283 1765 1327 est.
1798 1280 1888 1327 As-

105 1361 317 1409 cendens
338 1361 519 1408 mulam
541 1360 631 1408 sub
652 1359 941 1408 baldachino
964 1359 1094 1422 quod
1104 1360 1374 1425 presbyteri
1390 1360 1487 1409 sive
1509 1361 1692 1421 clerici,
1721 1378 1890 1426 super-

103 1443 308 1507 pelliciis
343 1443 516 1502 induti,
555 1446 807 1508 portarunt
843 1443 905 1491 ad
941 1442 1201 1491 ecclesiam
1237 1444 1591 1505 cathedralem,
1626 1445 1890 1495 associatus

104 1532 194 1575 est.
226 1527 480 1576 Processio
511 1527 591 1575 ivit
614 1527 702 1576 sub
733 1527 922 1592 porticu
950 1527 1011 1574 ad
1039 1527 1285 1576 sinistram
1304 1527 1451 1592 legati
1485 1533 1533 1576 et
1558 1528 1680 1592 ipse,
1716 1545 1891 1593 eques-

105 1610 257 1659 tribus
295 1626 381 1659 suo
414 1610 580 1659 ordine
618 1615 730 1660 ante
763 1611 923 1675 ipsum
958 1611 1297 1660 incedentibus
1329 1626 1416 1676 per
1446 1612 1656 1661 mediam
1691 1616 1891 1661 stratam

103 1698 212 1743 ante
234 1694 492 1744 ecclesiam
509 1694 802 1759 predictam;
828 1695 1044 1744 nonnulli
1066 1695 1253 1759 pedites
1275 1695 1334 1743 de
1355 1695 1565 1754 civitate,
1591 1696 1738 1745 etiam
1759 1700 1893 1746 ante-

105 1794 248 1842 quam
283 1778 472 1843 legatus
506 1795 565 1827 ex
595 1779 728 1827 mula
758 1779 1080 1828 descenderet
1110 1779 1186 1827 vel
1221 1778 1427 1828 ecclesie
1459 1780 1887 1844 appropinquaret,

106 1861 450 1911 baldachinum
475 1862 534 1910 de
557 1863 779 1911 manibus
799 1863 1097 1927 portantium
1117 1863 1161 1912 vi
1183 1862 1488 1926 arripientes,
1511 1863 1629 1911 illud
1646 1864 1890 1914 lacerave—

104 1951 214 1995 runt
238 1950 285 1995 et
305 1951 569 2011 rapuerunt
591 1964 602 2005 ς
623 1963 710 2010 pro
735 1962 829 2010 quo
852 1949 1019 2001 Rmus.
1049 1949 1107 1995 D.
1131 1947 1321 2011 legatus
1343 1963 1403 1995 ex
1430 1947 1593 1995 animo
1615 1953 1890 1996 commotus

105 2035 180 2080 est
214 2034 262 2079 et
298 2031 541 2079 commisit
578 2030 931 2079 locumtenenti
967 2030 1102 2078 ducis
1139 2030 1248 2079 illos
1285 2030 1465 2079 dehere
1501 2031 1658 2094 puniri
1688 2036 1893 2096 :postea

106 2119 268 2164 tamen
302 2114 653 2164 consuetudine
690 2114 912 2178 allegata,
954 2113 1023 2162 eis
1055 2114 1270 2162 indulsit.
1309 2117 1491 2162 Rumor
1522 2118 1685 2163 autem
1721 2115 1891 2179 hujus-

104 2198 253 2258 modi,
298 2202 348 2246 ut
385 2198 496 2247 inde
536 2198 769 2258 intellexi,
812 2213 911 2245 non
949 2212 1038 2261 pro
1077 2197 1369 2246 baldachino
1404 2202 1593 2246 tantum
1634 2198 1720 2247 sed
1758 2202 1807 2246 ut
1845 2203 1893 2247 et

103 2281 284 2329 mulam
320 2281 465 2346 legati
499 2280 590 2329 sibi
621 2282 946 2345 acquirerent,
986 2281 1142 2329 factus
1180 2286 1269 2340 est,
1309 2297 1454 2344 quam
1482 2285 1644 2329 tamen
1674 2297 1771 2330 non
1803 2283 1892 2331 ha-

103 2365 328 2414 buerunt.
358 2367 484 2415 Ante
515 2366 664 2415 altare
690 2365 880 2429 legatus
912 2365 1030 2412 dixit
1059 2365 1329 2414 orationem
1362 2365 1421 2413 de
1452 2365 1595 2414 beata
1620 2366 1772 2414 Maria
1796 2366 1892 2414 vir-

103 2449 213 2513 gine
246 2454 294 2498 et
327 2453 608 2497 sanctorum
629 2448 870 2497 Chrisanti
894 2453 942 2498 et
961 2450 1108 2510 Darii,
1132 2453 1447 2514 patronorum
1466 2451 1673 2501 ecclesie
1698 2466 1710 2503 2
1733 2449 1892 2498 indul-

102 2532 289 2597 gentias
318 2531 451 2581 dedit
484 2532 690 2581 duorum
724 2548 964 2581 annorum
998 2538 1046 2582 et
1079 2534 1282 2583 totidem
1316 2534 1737 2599 quadragenarum
1771 2550 1890 2597 quas

102 2616 318 2681 prefatus
339 2615 732 2680 archipresbyter
751 2615 1024 2679 publicavit.
1050 2617 1157 2666 Alia
1177 2617 1340 2665 omnia
1361 2633 1497 2666 more
1519 2618 1660 2667 solito
1674 2621 1784 2666 sunt
1802 2617 1892 2666 ob-

105 2704 308 2749 servata.
335 2701 545 2764 Legatus
567 2700 841 2764 hospitatus
858 2703 932 2749 est
952 2700 1000 2748 in
1023 2701 1157 2749 curia
1172 2701 1268 2749 sive
1289 2701 1470 2765 palatio
1486 2701 1774 2766 episcopali;
1799 2717 1891 2765 ego

103 2783 153 2831 in
169 2784 315 2832 domo
331 2787 389 2832 D.
410 2787 539 2833 Luce
558 2784 618 2832 de
634 2783 948 2848 RaymundiS,
968 2783 1190 2833 canonici
1205 2784 1410 2834 ecclesie
1428 2784 1680 2849 Regiensis
1694 2789 1742 2834 et
1756 2787 1812 2833 R.
1831 2787 1884 2833 P.

103 2868 159 2915 D.
193 2867 409 2932 episcopi
438 2869 710 2933 Regiensis,
742 2868 791 2916 in
822 2868 1148 2933 spiritualibus
1172 2868 1331 2918 vicarii
1354 2868 1606 2933 generales
1637 2885 1646 2916 :
1672 2869 1752 2917 alii
1772 2868 1887 2917 hinc

102 2956 149 2999 et
169 2950 307 3012 inde3
330 2967 566 3017 expensas
591 2953 815 3001 omnibus
838 2952 953 3001 fecit
975 2952 1326 3001 illustrissimus
1346 2955 1403 3001 D.
1429 2953 1526 3001 dux
1542 2952 1882 3001 Ferrariensis.

168 3036 308 3085 Feria
339 3036 528 3100 quinta,
564 3040 620 3085 18
648 3036 839 3101 augusti
869 3036 918 3084 in
939 3052 1099 3097 mane,
1127 3036 1317 3101 legatus
1345 3037 1548 3086 recessit
1577 3053 1636 3086 ex
1667 3036 1817 3100 Regio
1839 3040 1887 3084 et

104 3119 231 3168 venit
256 3122 495 3167 Parmam.
528 3119 896 3169 Commissarius
922 3120 1295 3179 referendarius,
1320 3125 1537 3183 potestas
1566 3120 1748 3168 ducalis
1771 3119 1886 3168 civi-

108 3202 216 3251 tatis
239 3202 513 3251 Parmensis
535 3219 646 3251 cum
665 3203 873 3252 honesta
893 3204 1134 3263 comitiva,
1157 3208 1394 3253 venerunt
1414 3204 1603 3252 obviam
1616 3204 1778 3267 legato
1801 3219 1887 3266 per

107 3285 247 3350 plura
266 3284 507 3333 milliaria.
533 3286 629 3333 Sub
649 3290 789 3350 porta
809 3293 1032 3351 receptus
1047 3292 1119 3336 est
1132 3288 1322 3351 legatus
1340 3285 1781 3350 processionaliter,
1805 3284 1883 3332 ubi

106 3368 391 3433 genuflexus
420 3384 617 3417 crucem
644 3385 670 3418 e
698 3370 921 3418 manibus
951 3370 1366 3435 archipresbyteri
1399 3369 1643 3418 osculatus
1673 3373 1764 3418 est.
1794 3370 1885 3415 As-

109 3452 272 3503 cendit
305 3452 504 3513 mulam,
541 3457 741 3517 accepto
783 3453 1012 3502 mantello
1046 3454 1105 3502 de
1146 3452 1454 3502 ciambelotto
1493 3450 1764 3500 cremesino
1799 3449 1886 3496 sub
