2222 3926
334 338 404 372 340
941 336 958 372 J
965 336 1125 372 OHANN
1131 336 1174 373 lS
1208 335 1486 373 BURCHARDI
1494 364 1502 380 ,
1787 336 1993 374 [Decembre
2014 337 2108 376 1496]

338 437 522 500 gentias
550 442 744 486 centum
769 439 957 487 dierum
978 453 1067 501 per
1092 437 1357 499 quemlibet
1380 437 1619 483 dictorum
1647 434 1960 483 cardinalium
1990 436 2110 484 inte-

337 521 634 569 ressentibus
656 537 936 580 concessas3
959 520 1044 567 sed
1064 519 1252 577 erravit,
1274 518 1389 566 dixit
1410 517 1539 566 enim
1559 517 1667 566 loco
1687 521 1882 565 centum
1900 516 2106 578 dierum,

339 608 531 651 centum
553 619 807 652 annorum.
831 603 938 650 Alia
957 605 1068 649 sunt
1088 601 1340 648 observata
1360 614 1494 648 more
1517 599 1674 647 solito.

404 687 658 734 Dominica
692 686 847 750 prima
879 685 1129 743 adventus,
1161 687 1219 731 27
1252 682 1543 741 novembris,
1574 684 1629 729 R.
1660 681 1711 728 in
1740 681 1929 730 Christo
1963 684 2015 730 P.
2047 686 2118 739 D.v

341 769 625 816 Franciscus
666 769 920 832 episcopus
958 764 1272 824 TheanensiS,
1310 766 1393 812 SS.
1431 766 1488 811 D.
1529 765 1586 811 N.
1619 778 1742 826 pape
1779 763 2107 812 thesaurarius

339 852 595 914 generalis,
634 851 891 900 celebravit
926 849 1123 897 missam
1161 847 1402 911 publicam
1442 847 1491 894 in
1525 846 1708 910 capella
1746 847 1947 910 majore,
1983 850 2110 911 Papa

338 940 586 997 presente3
611 950 887 983 sermonem
909 932 1022 981 fecit
1042 916 1242 995 'quidam
1264 926 1409 979 frater
1432 918 1720 979 Benedictus
1748 930 1928 978 ordinis
1949 931 2111 995 predi-

341 1022 558 1066 catorum
580 1034 667 1081 pro
689 1021 999 1081 procuratore
1028 1015 1140 1062 dicti
1163 1015 1359 1075 ordinis,
1385 1016 1467 1078 qui
1488 1014 1619 1063 nullo
1649 1014 1794 1062 modo
1817 1014 2112 1077 procuratio—

341 1114 452 1145 nem
468 1097 615 1146 habet
642 1114 652 1145 :
685 1097 777 1145 alia
802 1097 1051 1147 observata
1074 1102 1182 1146 sunt
1203 1114 1339 1147 more
1362 1098 1519 1147 solito.

405 1181 544 1229 Feria
571 1186 757 1244 quarta,
785 1184 844 1229 30
872 1182 1052 1230 mensis
1083 1181 1374 1241 novembris,
1398 1182 1573 1230 festum
1605 1199 1642 1228 s.
1673 1180 1865 1230 Andree
1887 1181 2108 1244 apostoli,

339 1279 435 1310 non
462 1263 551 1310 fuit
572 1263 720 1311 missa
739 1264 938 1328 papaliS,
959 1265 1043 1313 sed
1065 1265 1283 1313 canonici
1307 1269 1353 1314 et
1379 1266 1537 1314 clerus
1559 1265 1755 1314 basilice
1778 1281 1815 1312 s.
1839 1264 1967 1313 Petri
1989 1264 2115 1312 cele--

337 1347 477 1395 brare
506 1347 723 1395 fecerunt
745 1347 794 1394 in
822 1348 1005 1412 capella
1037 1348 1150 1396 dicti
1186 1348 1353 1408 sancti,
1377 1348 1426 1396 in
1457 1348 1656 1397 basilica
1685 1365 1723 1396 s.
1755 1347 1882 1396 Petri
1914 1347 2111 1395 missam

337 1431 604 1479 solemnem
625 1446 712 1494 per
738 1431 996 1493 quamdam
1024 1431 1305 1495 episcopum
1331 1448 1340 1479 1
1366 1431 1441 1479 cui
1465 1432 1786 1480 interfuerunt
1814 1431 1979 1478 RRmi.
2006 1434 2106 1479 DD.

336 1514 604 1562 cardinales
645 1514 899 1562 Cesarinus
947 1520 994 1563 et
1039 1515 1285 1563 Senensisss
1330 1514 1485 1562 Finita
1529 1514 1693 1574 missa,
1731 1518 1979 1563 ostensum
2023 1513 2110 1562 fuit

336 1602 477 1661 caput
499 1597 612 1645 dicti
641 1598 843 1661 apostoli
863 1598 1073 1647 Andree.

399 1679 538 1728 Feria
579 1683 730 1739 sexta,
766 1683 792 1727 2
823 1681 1003 1728 mensis
1038 1680 1325 1738 decembris,
1368 1680 1456 1727 fuit
1492 1684 1733 1729 secretum
1766 1680 2109 1728 consistorium

335 1763 383 1810 in
416 1778 509 1825 quo
543 1765 598 1809 R.
633 1765 685 1810 P.
724 1765 780 1810 D.
817 1763 1034 1811 Andreas
1071 1764 1129 1812 de
1161 1763 1315 1822 Valle,
1351 1763 1609 1823 canonicus
1646 1763 1844 1811 basilice
1878 1763 2108 1827 principis

334 1845 661 1909 apostolorum
683 1846 742 1893 de
767 1846 912 1906 Urbe,
935 1852 1183 1910 promotus
1210 1846 1296 1894 fuit
1320 1850 1367 1894 et
1391 1846 1737 1909 pronunciatus
1764 1846 1825 1894 ad
1851 1846 2109 1894 ecclesiam

330 1932 676 1976 Cotronensem
707 1929 871 1992 illique
893 1929 1134 1992 prefectus
1166 1929 1213 1976 in
1242 1929 1522 1993 episcopum
1550 1933 1596 1978 et
1622 1932 1868 1992 pastorem
1888 1944 1975 1992 per
2004 1928 2110 1977 obi-

334 2018 432 2059 tum
459 2011 585 2060 bone
613 2011 847 2059 memorie
875 2014 932 2059 D.
957 2012 1208 2071 Johannis,
1237 2012 1449 2076 episcopi
1479 2012 1805 2071 Cotronensis,
1839 2015 1898 2060 25
1927 2011 2108 2060 mensis

329 2094 541 2158 preteriti
562 2096 688 2159 apud
711 2095 877 2143 sedem
896 2095 1209 2159 apostolicam
1229 2096 1323 2144 vita
1340 2097 1507 2157 functi,
1533 2095 1737 2160 pastoris
1761 2095 1931 2143 solatio
1959 2095 2110 2143 desti-

334 2182 501 2238 tutam,
538 2178 615 2226 cui
655 2178 958 2242 omnipotens
1002 2181 1128 2227 Deus
1168 2180 1371 2242 gratiam
1415 2180 1683 2228 concedere
1726 2178 1949 2241 dignetur
1984 2178 2107 2227 bene

331 2260 716 2309 administrandi.

397 2344 650 2392 Dominica
680 2344 907 2404 secunda,
934 2344 1179 2404 adventUS,
1208 2347 1235 2391 4
1269 2344 1558 2405 decembris,
1587 2348 1641 2393 R.
1671 2346 1719 2393 in
1749 2345 1937 2394 Christo
1967 2347 2019 2393 P.
2046 2347 2097 2393 P.

331 2426 575 2475 Johannes
622 2426 1015 2490 archiepiscopus
1061 2426 1353 2490 Ragusinus,
1390 2428 1619 2476 assistens
1661 2431 1814 2492 Pape,
1847 2427 2104 2476 celebravit

331 2510 529 2557 missam
564 2509 832 2558 solemnem
866 2510 914 2556 in
944 2510 1128 2573 capella
1153 2511 1358 2574 majore,
1389 2513 1518 2575 Papa
1549 2516 1792 2575 presente.
1819 2514 2103 2560 Sermonem

331 2595 443 2642 fecit
478 2594 626 2642 frater
660 2593 852 2657 Egidius
886 2593 945 2641 de
981 2593 1244 2641 Fraticellis
1277 2594 1336 2642 de
1369 2594 1572 2654 Amelia,
1606 2599 1887 2658 procurator
1922 2594 2103 2643 ordinis

330 2677 587 2725 Minorum.
1616 2674 1619 2677 ’

397 2761 536 2807 Feria
556 2763 740 2823 quarta,
768 2765 791 2807 7
817 2760 1104 2820 decembris,
1130 2761 1305 2809 festum
1328 2778 1366 2808 s,
1390 2762 1630 2810 Ambrosii
1653 2761 1884 2825 episcopi,
1908 2762 2101 2826 quidam

330 2842 476 2890 abbas
496 2843 672 2890 ordinis
695 2844 1148 2900 Camaldulensium,
1173 2844 1427 2893 celebravit
1447 2846 1643 2893 missam
1656 2845 1923 2894 solemnem
1942 2847 2100 2910 ponti—

330 2925 532 2973 ficaliter
564 2926 613 2973 in
648 2927 854 2974 ecclesia
882 2927 1133 2990 hospitalis
1161 2927 1273 2974 dicti
1301 2928 1471 2987 sancti,
1496 2944 1591 2975 non
1618 2928 1762 2992 longe
1789 2929 1849 2976 ab
1876 2929 2098 2993 hospitali

330 3027 367 3056 s.
393 3010 578 3069 Jacobi,
602 3025 752 3074 prope
780 3015 1069 3058 conventum
1098 2995 1407 3059 heateMarie
1435 3012 1492 3060 de
1512 3013 1694 3076 Populo
1720 3013 1826 3073 sita,
1852 3013 1927 3062 cui
1948 3013 2098 3062 inter-

330 3093 522 3141 fuerunt
550 3093 714 3141 RRmi.
748 3096 848 3141 DD.
879 3086 1146 3141 cardinales
1178 3093 1529 3154 Ulixbonensis,
1564 3112 1601 3143 S.
1636 3096 1914 3156 Clementis,
1947 3098 2096 3146 Asca-

327 3175 433 3222 nius
456 3180 556 3223 ets.
581 3177 811 3240 Severini,
832 3181 879 3225 et
900 3181 1120 3225 cantores
1144 3180 1287 3240 Pape.
1311 3178 1436 3227 Dixit
1458 3195 1603 3226 unam
1622 3180 1889 3228 orationem
1912 3184 2095 3229 tantum

327 3258 506 3320 absque
546 3260 1007 3309 commemoratione
1042 3260 1296 3320 adventus,
1336 3261 1510 3320 Credo,
1545 3267 1592 3311 et
1634 3263 1728 3312 alia
1761 3279 1896 3312 more
1931 3263 2089 3312 solito.

328 3341 600 3389 Cardinales
627 3358 725 3390 non
754 3346 1097 3391 concesserunt
1117 3342 1456 3406 indulgentias,
1482 3344 1592 3408 quia
1619 3349 1729 3394 sunt
1750 3349 1981 3410 perpetue
2007 3360 2094 3408 per

327 3439 539 3472 summos
559 3425 812 3489 pontifices
833 3426 999 3475 eidem
1010 3426 1213 3475 ecclesie
1232 3442 1318 3490 per
1335 3426 1486 3475 bullas
1506 3443 1755 3477 concesse.
