2202 3926
309 328 356 363 48
918 328 1153 366 ,IOHANNIS
1186 328 1483 374 BURCHARDI,
1870 331 1978 371 [Mars
2001 332 2096 372 1493]

312 429 487 478 ostium
523 429 705 494 capelle
737 447 775 478 s.
812 430 996 480 Thome
1031 447 1198 480 versus
1236 432 1469 496 capellam
1504 449 1542 480 s.
1585 431 1747 481 Andre
1785 436 1833 481 et
1877 433 2095 497 Gregorii

311 528 464 577 usque
495 513 556 562 ad
590 514 826 578 capellam
865 516 1123 580 septimam
1152 531 1324 564 novem
1360 519 1574 580 capsette
1611 520 1656 564 et
1695 515 1819 563 infra
1862 515 2096 580 capellam

309 596 520 660 quinque
571 597 662 646 alie
714 602 928 662 capsette
980 614 1067 662 pro
1127 598 1382 647 intorticiis
1430 615 1439 646 :
1496 597 1652 662 posite
1708 598 1902 647 fuerunt
1954 598 2100 663 igitur

310 682 435 729 inter
483 680 729 729 columnas
774 681 1017 744 predictas
1066 682 1193 730 inter
1234 698 1315 730 xvi
1363 686 1411 730 et
1457 682 1506 728 in
1555 681 1777 745 opposito
1823 698 1906 742 xv,
1957 699 2102 747 supra

310 767 519 811 castrum
570 780 617 811 lx
659 769 706 811 et
748 763 906 812 facule
949 764 1109 812 medie
1153 764 1274 812 libre
1315 764 1507 812 circiter
1551 780 1658 823 CCL,
1708 765 1846 828 juxta
1890 770 2099 814 castrum

309 847 551 895 intorticia
587 862 716 907 xxlv,
751 847 975 896 videlicet
1006 864 1069 895 ΧΠ
1111 863 1138 895 a
1165 846 1382 911 quolibet
1415 847 1592 908 latere,
1626 863 1672 894 xl
1711 863 1798 911 pro
1838 847 2098 911 sepultura.

309 933 467 979 Unum
488 930 651 979 datum
672 931 761 979 fuit
793 932 980 995 regenti
1011 948 1049 979 s.
1082 925 1251 991 Marte,
1279 947 1429 980 unum
1459 931 1658 980 sacriste
1689 937 1856 980 nostro
1885 936 1933 981 et
1954 949 2103 981 unum

285 1015 375 1066 ,illi
398 1015 479 1079 qui
500 1014 617 1064 fecit
639 1031 941 1075 sermonem3
968 1021 1015 1065 et
1036 1016 1200 1064 omnia
1216 1016 1309 1064 hec
1331 1015 1525 1065 fuerunt
1542 1015 1600 1065 de
1617 1016 1986 1080 quatuorlibris.
2012 1019 2104 1065 Pro

310 1099 632 1148 cardinalibus
664 1106 711 1149 et
741 1100 877 1148 altari
905 1105 1072 1165 parata
1103 1100 1299 1149 fuerunt
1327 1117 1421 1148 xxx
1449 1101 1692 1149 intorticia
1720 1100 1950 1149 librarum
1983 1101 2103 1148 dua-

311 1199 417 1231 rum
438 1199 525 1247 pro
549 1183 794 1246 quolibet;
818 1198 905 1248 pro
926 1185 1123 1248 prelatis
1146 1190 1192 1233 et
1214 1185 1415 1233 funestis
1437 1200 1556 1233 CLxx
1575 1185 1649 1233 vel
1667 1185 1797 1233 circa
1815 1184 1955 1232 unius
1975 1184 2096 1233 libre

308 1283 395 1331 pro
414 1267 519 1315 aliis
540 1282 624 1316 ccc
650 1268 810 1316 medie
834 1268 956 1316 libre
979 1269 1055 1317 vel
1082 1268 1210 1317 circa
1236 1274 1283 1318 et
1311 1269 1652 1333 superfuerunt
1685 1268 1835 1317 multe
1863 1268 1954 1316 alie
1984 1283 2098 1315 can—

309 1351 414 1400 dele
447 1352 560 1415 quia
594 1367 691 1399 non
727 1352 922 1401 fuerunt
959 1352 1069 1402 date
1103 1353 1194 1401 nisi
1230 1353 1502 1401 ordinariis.
1537 1355 1659 1401 Cera
1690 1352 1779 1400 fuit
1812 1351 2025 1416 reposita
2050 1351 2099 1398 in

311 1435 495 1499 capella
527 1451 673 1500 quam
708 1452 863 1500 nuper
883 1436 989 1484 fieri
1010 1437 1124 1486 fecit
1147 1437 1404 1486 cardinalis
1428 1454 1466 1485 s,
1499 1437 1650 1485 Marie
1677 1436 1723 1484 in
1748 1436 1941 1485 Porticu
1962 1436 2101 1500 juxta

311 1519 547 1583 capellam
576 1519 810 1568 Sixtinam
835 1537 845 1568 z
879 1521 972 1570 tele
1002 1522 1139 1586 nigre
1169 1538 1279 1570 cum
1311 1521 1457 1570 armis
1485 1522 1640 1585 posite
1666 1522 1861 1570 fuerunt
1893 1520 1942 1568 in
1972 1519 2101 1568 dicta

311 1603 496 1666 capella
528 1620 567 1651 s.
601 1603 750 1652 Marie
785 1603 833 1651 in
875 1605 1067 1654 Porticu
1098 1621 1251 1669 usque
1285 1606 1346 1654 ad
1377 1610 1530 1653 totam
1563 1605 1799 1669 capellam
1832 1604 2100 1669 predictam

312 1703 350 1733 s.
388 1686 581 1736 Andree
618 1693 666 1737 et
701 1688 918 1753 Gregorii
959 1692 1006 1737 et
1043 1689 1154 1737 inde
1195 1705 1347 1752 usque
1389 1690 1449 1738 ad
1480 1707 1543 1738 xn
1580 1690 1875 1751 columnam,
1916 1690 2002 1738 sed
2043 1689 2100 1738 de

314 1771 484 1821 eadem
528 1773 713 1839 capella
748 1790 900 1839 usque
941 1774 1002 1823 ad
1040 1774 1218 1822 dictam
1258 1775 1493 1838 capellam
1537 1791 1575 1823 S.
1610 1775 1758 1823 Marie
1795 1775 1844 1822 in
1887 1775 2097 1834 Porticu,

311 1855 448 1904 nihil.

375 1942 496 1989 Item
519 1957 665 2006 super
693 1942 969 1991 columnam
997 1942 1160 1991 altaris
1191 1939 1373 2006 capelle
1404 1957 1444 1990 s,
1467 1941 1660 1990 Andree
1689 1945 1737 1990 et
1762 1941 1979 2007 Gregorii
1996 1941 2101 1990 >cir-

313 2039 423 2072 cum
445 2024 574 2072 circa
596 2030 643 2074 et
665 2025 828 2074 subter
850 2029 1060 2074 castrum
1083 2024 1262 2073 doloris
1285 2029 1332 2074 et
1353 2026 1413 2073 ab
1437 2030 1571 2074 extra
1593 2025 1739 2074 etiam
1768 2025 1950 2074 circum
1972 2025 2102 2074 circa

311 2124 448 2158 more
468 2108 607 2158 solito
631 2110 807 2158 funesti
830 2110 1056 2158 sederunt
1075 2109 1190 2157 hinc
1217 2109 1328 2157 inde
1351 2110 1487 2173 juxta
1508 2113 1721 2157 castrum
1744 2109 1924 2157 doloris
1945 2125 2099 2173 usque

312 2193 372 2241 ad
396 2193 545 2242 finem
573 2193 756 2257 capelle
783 2193 964 2242 Sixtine
991 2198 1038 2241 et
1067 2192 1178 2241 inde
1200 2193 1250 2240 in
1276 2208 1373 2241 uno
1405 2193 1560 2240 banco
1589 2192 1899 2242 transversali
1924 2192 2100 2242 lectica

313 2277 402 2325 sub
431 2280 588 2325 castro
611 2276 790 2325 doloris
812 2292 905 2341 que
932 2275 1020 2325 fuit
1047 2275 1364 2340 longitudinis
1394 2281 1581 2341 septem
1608 2275 1807 2341 pedum,
1831 2276 2098 2325 latitudinis

314 2364 516 2425 quatuor
543 2365 588 2409 et
615 2359 879 2409 altitudinis
914 2360 1125 2424 quinque
1147 2359 1415 2425 palmorum
1443 2360 1517 2409 vel
1545 2360 1674 2409 circa
1706 2365 1754 2409 et
1782 2360 1898 2409 satis
1930 2375 2100 2409 conve-

313 2445 452 2494 niens
480 2449 638 2493 castro
666 2461 675 2492 :
702 2448 843 2508 caput
862 2444 1034 2492 lectice
1063 2443 1151 2492 fuit
1177 2460 1341 2493 versus
1366 2444 1602 2508 capellam
1633 2461 1671 2492 s.
1696 2444 1886 2494 Andree
1915 2448 1962 2494 et
1989 2446 2101 2494 Gre-

315 2527 437 2593 gorii
458 2529 726 2593 predictam
748 2532 796 2577 et
815 2528 963 2593 pedes
990 2545 1155 2577 versus
1184 2528 1332 2577 altare
1360 2529 1515 2593 majus
1540 2532 1684 2593 prout
1711 2528 2027 2577 conveniebat
2050 2528 2099 2576 in

314 2612 394 2661 illa
428 2613 553 2661 navi.
591 2613 938 2662 Distributores
981 2628 1091 2662 cere
1136 2599 1399 2661 noluerunt
1438 2612 1551 2661 dare
1593 2611 1817 2661 candelas
1851 2612 2095 2661 canonicis

317 2697 616 2747 beneficiatis
639 2701 685 2746 et
707 2696 893 2746 clericis
915 2696 1039 2745 dicte
1061 2696 1277 2757 basilice,
1302 2699 1576 2745 asserentes
1597 2695 1752 2744 nullas
1773 2711 1859 2760 pro
1879 2695 1948 2745 eis
1970 2695 2098 2744 ordia

318 2785 455 2828 natas
469 2797 479 2839 ;
502 2780 646 2829 credo
660 2785 823 2829 tamen
838 2781 966 2845 quod
980 2785 1149 2846 postea
1166 2781 1524 2846 suppleverunt.
1545 2780 1651 2828 Alia
1665 2780 1829 2829 omnia
1849 2780 2096 2829 observata

318 2869 428 2912 sunt
468 2878 603 2912 more
638 2864 795 2925 solito,
824 2870 1025 2930 excepto
1059 2866 1189 2930 quod
1223 2865 1422 2929 exequie
1459 2865 1738 2929 hujusmodi
1772 2868 1966 2930 peracte
1999 2879 2095 2913 non

318 2948 511 2996 fuerunt
528 2961 616 3011 per
633 2963 803 2997 novem
822 2949 944 3008 dies,
958 2953 1101 3013 prout
1116 2950 1220 2998 fieri
1243 2947 1365 2997 solet
1382 2965 1468 3012 pro
1491 2948 1829 3007 cardinalibus,
1849 2947 1935 2996 sed
1951 2944 2096 2996 hodie

318 3034 503 3079 tantum
536 3036 734 3095 propter
766 3031 980 3080 defuncti
1013 3037 1365 3097 paupertatem.
1396 3031 1593 3080 Funesti
1624 3031 1820 3080 fuerunt
1842 3047 1995 3079 cnxxu
2022 3031 2096 3079 vel

318 3114 446 3162 circa
475 3118 524 3163 et
552 3114 712 3162 nullus
742 3114 971 3178 prelatus.
1004 3116 1148 3163 Primi
1182 3117 1274 3165 duo
1306 3116 1499 3164 fuerunt
1529 3114 1699 3163 fratres
1731 3114 1984 3163 cardinalis
2018 3114 2098 3163 de-

317 3197 485 3246 functi.
1156 3263 1158 3265 Ι

383 3281 562 3330 Eadem
584 3282 677 3343 die,
700 3287 808 3346 post
830 3282 1102 3347 prandium,
1128 3285 1211 3332 SS.
1231 3286 1287 3331 D.
1310 3285 1365 3332 N.
1389 3281 1618 3346 equitavit·
1636 3282 1695 3330 ad
1717 3282 1939 3331 solatium
1960 3287 2094 3331 extra

318 3366 506 3430 portam
528 3366 680 3415 sancti
703 3366 903 3431 Spiritus
928 3366 1024 3415 sive
1036 3366 1300 3426 Turrionis,
1323 3382 1431 3414 cum
1454 3366 1551 3414 suis
1577 3365 1853 3415 domesticis
1875 3355 2093 3415 cardina*

317 3447 461 3510 libus⁷
497 3450 692 3515 prelatis
732 3455 778 3499 et
819 3450 1130 3500 familiaribus
1167 3451 1271 3515 ejus
1311 3449 1587 3499 Sanctitatis
1625 3466 1634 3498 :
1669 3450 1946 3500 immediate
1982 3453 2092 3498 ante
