2202 3926
260 313 328 348 182
880 314 1113 350 JOHANNIS
1148 313 1442 357 BURCHARDI,
1484 328 1492 333 ⁸
1781 313 2032 355 [Juillet1494]

261 429 390 462 mam
412 421 630 478 quartam
654 417 825 463 horam
850 415 941 463 hec
964 420 1071 463 acta
1091 420 1218 463 sunt.
1249 415 1453 472 Quidam
1476 413 1682 462 rusticus
1701 413 1945 476 magnifici
1970 416 2025 461 D.

264 498 462 546 Gentilis
493 497 651 547 Ursini
688 497 931 547 Vicovarii
963 498 1132 545 obtulit
1165 500 1293 560 Pape
1329 497 1485 544 claves
1519 496 1665 544 etiam
1696 495 1800 543 sine
1835 495 1976 543 bacili
2010 514 2018 542 :

262 584 509 644 processio
539 582 734 629 circiter
770 585 877 628 octo
916 580 987 627 vel
1023 580 1193 627 decem
1224 580 1616 643 presbyterorum
1645 578 1828 642 recepit
1855 580 2033 642 Papam

262 666 387 713 intra
430 669 619 728 portam
664 662 951 725 predictam,
1001 661 1228 708 conduxit
1278 661 1618 708 baldachinum
1671 676 1813 723 supra
1860 675 2033 724 corpus

265 748 455 806 Christi,
482 751 528 793 et
549 745 678 792 aliud
705 760 848 806 supra
870 747 1065 806 Papam,
1092 744 1257 792 rustici
1289 744 1504 793 ordinate
1531 747 1840 808 portaverunt
1867 743 2033 792 balda-

264 830 461 877 chinum
484 827 611 890 quod
629 826 944 891 parafrenarii
968 830 1095 890 Pape
1116 832 1287 890 postea
1310 833 1601 891 rapuerunt;
1626 826 1869 875 intorticia
1899 827 2036 889 quin-

265 911 490 975 quaginta
522 911 617 959 duo
642 914 752 958 ante
781 925 955 973 corpus
984 910 1157 958 Christi
1184 925 1270 974 per
1303 910 1421 958 alios
1448 910 1652 958 rusticos
1687 911 1798 956 sunt
1827 911 2033 972 portata,

265 1011 355 1057 que
378 994 562 1058 recepit
596 994 801 1042 clericus
830 993 1065 1053 sacristia,
1091 1009 1312 1041 asserens
1334 994 1415 1041 illa
1438 997 1547 1042 ante
1571 996 1926 1042 sacramentum
1961 991 2036 1040 die

266 1083 507 1141 noctuque
542 1077 761 1125 comburi
793 1081 1048 1140 oportere3
1084 1077 1170 1125 sed
1198 1093 1342 1124 unam
1366 1092 1424 1126 ex
1455 1077 1524 1125 eis
1557 1077 1603 1125 in
1642 1080 1846 1140 quatuor
1876 1079 2037 1139 partes

267 1161 438 1221 divisit,
458 1176 662 1224 quarum
682 1175 826 1208 unam
848 1160 1068 1208 accendit
1089 1164 1199 1209 ante
1223 1165 1577 1209 sacramentum
1599 1166 1664 1219 et,
1687 1176 1744 1208 ea
1766 1158 2035 1218 combusta,

266 1245 443 1292 mansit
465 1244 566 1292 sine
590 1243 771 1292 lumine
795 1248 1148 1291 sacramentum
1173 1259 1283 1292 cum
1302 1259 1478 1308 magno
1511 1244 1746 1293 dedecore
1767 1259 1776 1290 ε
1797 1241 2038 1291 osculatus

268 1329 413 1376 etiam
433 1333 506 1376 est
528 1343 724 1376 crucem
744 1327 960 1391 pontifex
986 1327 1111 1375 intra
1139 1332 1328 1391 portam
1356 1327 1625 1392 predictam
1653 1343 1679 1376 e
1706 1326 1926 1374 manibus
1952 1326 2039 1373 Se-

266 1412 430 1459 nensis
452 1430 461 1470 ;
486 1411 534 1458 in
557 1410 765 1459 ecclesia
781 1410 998 1474 predicta
1024 1411 1171 1459 oravit
1200 1413 1329 1475 Papa
1355 1415 1464 1459 ante
1493 1411 1640 1459 altare
1663 1409 1966 1474 genuflexuS‚
1992 1412 2039 1457 et

266 1494 539 1558 prepositus
579 1494 703 1542 illius
737 1494 940 1542 ecclesie
977 1494 1095 1541 dixit
1129 1509 1274 1558 super
1310 1509 1419 1542 eum
1451 1493 1742 1542 versiculum
1772 1496 1958 1541 tantum
1991 1495 2038 1540 et

268 1578 555 1637 orationem,
583 1580 710 1641 Papa
739 1577 807 1625 sic
836 1577 1049 1635 volente;
1075 1592 1169 1639 qua
1198 1577 1351 1637 finita,
1387 1578 1595 1625 surrexit
1622 1581 1670 1625 et
1699 1576 1831 1625 dedit
1858 1574 2037 1639 populo

267 1661 679 1720 benedictionem,
720 1660 886 1708 dicens
923 1676 934 1708 ε
966 1660 1041 1708 Sit
1075 1676 1245 1708 nomen
1286 1661 1486 1708 Domini
1527 1660 1833 1717 benedictum,
1874 1665 1958 1706 etc.
1992 1662 2040 1705 et

267 1745 593 1808 indulgentias
630 1748 817 1808 septem
857 1759 1093 1792 annorum
1129 1748 1177 1792 et
1216 1743 1417 1792 totidem
1445 1741 1881 1806 quadragenarum,
1922 1755 2039 1803 quas

264 1827 602 1890 pronunciavit
620 1827 875 1875 cardinalis
898 1843 937 1874 s.
964 1826 1174 1890 Georgii.
1195 1827 1311 1874 Inde
1331 1829 1547 1890 portatus
1569 1828 1642 1873 est
1662 1826 1790 1887 Papa
1814 1823 1863 1870 in
1883 1824 2038 1888 prima

267 1908 382 1956 sede
412 1924 498 1956 sua
528 1909 589 1956 ad
617 1913 828 1956 castrum
855 1907 1058 1971 predicti
1086 1908 1247 1972 oppidi
1268 1908 1317 1955 in
1338 1923 1432 1971 quo
1458 1906 1729 1971 hospitatus
1751 1909 1825 1955 est
1848 1919 1867 1955 ε’
1884 1906 2039 1956 cardi-

267 1989 418 2048 naleS,
443 1989 613 2052 prelati
635 1994 682 2038 et
700 1989 780 2037 alii
803 1989 1007 2038 curiales
1029 1995 1076 2039 et
1096 2006 1184 2039 nos
1204 1991 1435 2055 hospitati
1458 2006 1623 2039 sumus
1643 1989 1692 2037 in
1710 1990 1932 2039 domibus
1952 2006 2040 2055 per

267 2074 388 2121 duos
418 2072 674 2121 scutiferos
703 2075 830 2136 Pape
864 2074 924 2121 ad
954 2073 1133 2123 dictum
1172 2079 1382 2123 castrum
1414 2076 1694 2139 premissos,
1718 2074 1832 2123 hinc
1861 2078 1908 2123 et
1928 2073 2039 2121 inde

266 2156 405 2204 nobis
428 2156 681 2220 assignatis
703 2174 712 2202 :
739 2171 974 2219 expensas
997 2157 1219 2205 omnibus
1246 2161 1343 2206 tam
1365 2161 1493 2223 Pape
1519 2174 1664 2222 quam
1694 2157 2034 2217 cardinalibus,

267 2239 462 2303 prelatis
497 2243 545 2286 et
577 2239 681 2287 aliis
713 2238 972 2286 curialibus
1004 2239 1115 2288 fecit
1147 2240 1433 2303 magnificus
1464 2243 1521 2289 D.
1558 2240 1760 2302 Gentilis
1792 2239 2038 2303 Virginius

268 2323 489 2382 Ursinus,
514 2322 736 2371 similiter
765 2338 819 2370 ac
848 2323 1129 2385 equitaturis
1157 2323 1352 2372 nostris.
1380 2326 1525 2371 Erant
1553 2323 1682 2371 enim
1706 2323 1892 2372 diversa
1909 2323 2035 2382 loca,

268 2406 313 2453 in
344 2405 471 2453 dicto
496 2409 654 2453 castro
680 2406 916 2464 ordinata,
948 2406 997 2453 in
1025 2421 1231 2469 quorum
1264 2421 1360 2454 uno
1390 2406 1570 2465 vinum,
1597 2406 1645 2453 in
1673 2406 1766 2455 alio
1800 2421 1967 2470 panes,
1992 2406 2040 2453 in

269 2489 360 2537 alio
389 2504 575 2549 carnes,
599 2488 646 2536 in
677 2488 769 2536 alio
797 2488 1011 2549 bladum,
1036 2489 1084 2536 in
1115 2489 1207 2537 alio
1241 2490 1405 2537 fenum
1431 2494 1479 2538 et
1506 2490 1647 2554 palea
1677 2489 1915 2538 dabantur
1942 2489 2041 2536 sin-

269 2571 392 2634 gulis
443 2586 530 2634 pro
576 2586 780 2619 numero
821 2575 869 2620 et
924 2572 1153 2635 qualitate
1198 2588 1519 2636 personarum
1559 2578 1606 2622 et
1640 2572 2037 2637 equitaturarum.
2080 2583 2096 2592 ·

270 2657 423 2703 Causa
443 2657 604 2702 autem
626 2654 856 2702 adventus
879 2658 1006 2718 Pape
1028 2655 1089 2703 ad
1108 2655 1416 2705 Vicovarium
1437 2657 1525 2704 fuit
1552 2657 1680 2720 quod
1706 2656 1834 2704 idem
1854 2655 2042 2704 volebat

269 2754 365 2785 una
386 2753 494 2785 cum
517 2737 826 2786 serenissimo
848 2738 1095 2802 Alphonso
1119 2739 1332 2787 secundo
1359 2739 1416 2788 de
1438 2740 1696 2804 Aragonia,
1722 2754 1835 2803 rege
1853 2741 2043 2802 Neapo-

267 2820 435 2878 litano,
461 2824 507 2869 et
528 2821 640 2868 illuc
665 2825 863 2870 venturo
885 2822 1067 2871 ibidem
1088 2826 1294 2871 tractare
1317 2822 1375 2872 de
1398 2824 1552 2872 modis
1575 2829 1623 2873 et
1641 2822 1727 2871 viis
1751 2822 2039 2871 defendendi

271 2919 475 2966 regnum
511 2904 881 2968 Neapolitanum
923 2911 1094 2955 contra
1130 2921 1296 2970 regem
1343 2907 1562 2966 Francie‚
1602 2910 1650 2954 et
1694 2906 1788 2954 alia
1828 2905 1957 2954 circa
1995 2908 2040 2953 et

275 2991 545 3050 opportuna
568 2990 650 3055 (1).

337 3071 476 3118 Feria
497 3071 725 3132 secunda,
756 3075 810 3119 14
823 3072 947 3136 julii,
967 3073 1247 3122 nunciatum
1262 3072 1349 3120 fuit
1365 3070 1727 3119 serenissimum
1743 3070 2041 3135 Alphonsum

273 3154 536 3202 secundum
573 3155 630 3203 de
664 3156 905 3219 Aragonia
939 3156 1096 3205 Sicilie
1128 3172 1296 3220 regem
1323 3171 1486 3203 versus
1519 3154 1825 3203 Vicovarium
1860 3154 2040 3204 venire.

270 3237 604 3287 Ascenderunt
626 3239 918 3302 equitaturas
942 3239 1106 3288 RRmi.
1133 3242 1232 3287 DD.
1258 3238 1598 3302 Neapolitanus
1630 3243 1677 3286 et
1708 3237 2043 3287 Ulixhonensis

313 3358 348 3396 1.
375 3358 469 3406 Voy.
499 3359 754 3406 Guicciardini,
783 3373 843 3401 an.
867 3363 971 3407 1494,
994 3362 1055 3409 qui
1085 3373 1221 3409 expose
1251 3373 1295 3397 au
1326 3361 1414 3408 long
1439 3372 1479 3397 ce
1510 3361 1571 3409 qui
1602 3361 1656 3398 fut
1682 3360 1804 3398 resolu
1829 3362 1922 3399 dans
1948 3364 2042 3398 cette

269 3418 493 3458 conserence.
