2202 3926
147 320 257 359 [Mars
279 318 372 357 1493]
600 315 770 352 RERUM
806 313 1108 351 URBANARUM
1140 313 1492 352 COMMENTARH.
1883 316 1930 351 47

149 419 365 467 officium
393 422 440 467 et
475 420 532 466 D.
558 417 843 466 Franciscus
877 418 936 466 de
967 418 1161 477 Narnia,
1187 418 1409 482 ejusdem
1440 417 1643 481 predicti
1672 418 1929 465 cardinalis

148 503 411 552 Aleriensis
440 503 637 551 scutifer
663 503 761 551 sive
785 501 1094 560 secretarius,
1118 500 1262 550 faciet
1286 516 1563 549 sermonem
1584 514 1671 564 pro
1692 499 1814 546 hora
1841 503 1895 546 14
1917 516 1927 558 ;

148 604 236 652 per
257 604 479 636 cursores
503 590 587 636 SS.
614 590 670 636 D.
695 587 847 635 nostri
869 602 1005 635 more
1028 585 1168 633 solito
1190 585 1487 639 intimarem,
1508 588 1651 648 prout
1673 588 1722 632 et
1742 583 1852 632 feci.

212 672 352 721 Feria
380 672 609 731 secunda,
641 675 668 719 4
704 671 880 732 martii,
913 670 963 718 in
1002 669 1201 719 basilica
1238 669 1393 718 sancti
1432 655 1579 728 Petri,
1616 667 1780 717 habite
1826 671 1936 715 sunt

145 756 347 821 exequie
375 756 501 804 bone
534 755 769 804 memorie
803 754 1060 803 cardinalis
1093 754 1375 813 Aleriensis,
1409 752 1586 818 paratis
1614 751 1747 817 prius
1775 756 1934 800 castro

147 840 324 890 doloris
352 844 400 890 et
427 840 547 888 aliis.
581 839 752 888 Omnia
777 838 1029 887 observata
1054 853 1189 886 more
1214 837 1373 885 solito.
1405 839 1572 884 Rmus.
1598 839 1655 884 D.
1681 835 1936 884 cardinalis

146 924 487 989 Neapolitanus
517 923 699 987 primus
733 926 966 971 executor
1000 920 1279 969 testamenti
1310 920 1531 984 ejusdem
1564 919 1819 968 cardinalis
1853 920 1939 969 de-

147 1008 297 1056 functi
315 1007 573 1056 celebravit
593 1006 793 1054 missam
813 1005 1056 1069 publicam
1088 1005 1138 1052 in
1166 1004 1353 1068 capella
1376 1007 1654 1052 sanctorum
1678 1004 1871 1053 Andree
1893 1008 1957 1069 et·

149 1092 385 1156 Gregorii.
413 1090 736 1139 Interfuerunt
770 1088 937 1136 RRmi.
971 1090 1070 1136 DD.
1103 1104 1142 1136 s.
1173 1087 1364 1152 Angeli,
1397 1087 1737 1136 Ulixbonensis
1766 1092 1813 1136 et
1845 1091 1938 1136 Re-

145 1175 455 1224 chanatensis
483 1173 728 1238 episcopi;
754 1189 793 1221 s.
821 1172 1103 1233 Clementis,
1123 1172 1399 1232 Januensis,
1425 1171 1485 1220 de
1511 1171 1796 1232 Comitibus,
1823 1174 1938 1220 Par-

145 1260 345 1319 mensis,
378 1262 767 1316 Beneventanus,
796 1274 835 1305 s.
863 1257 1118 1305 Anastasie
1144 1262 1191 1305 et
1218 1257 1396 1305 Montis
1424 1257 1634 1321 Regalis,
1664 1256 1935 1321 prebyteri3

145 1343 391 1404 Senensis,
412 1360 451 1391 s.
469 1343 679 1408 Georgii,
706 1341 765 1391 de
782 1341 1003 1401 Sabellis,
1029 1340 1451 1390 vicecancellarius
1473 1345 1520 1390 et
1541 1341 1599 1390 de
1623 1357 1661 1388 s.
1683 1340 1933 1400 Severiuo,

147 1427 338 1477 diaconi
359 1427 648 1476 cardinales.

213 1513 494 1562 Orationem
520 1516 628 1577 post
655 1513 855 1561 missam
883 1512 931 1559 in
959 1527 1110 1576 cappa
1131 1511 1246 1559 fecit
1266 1513 1323 1559 D.
1350 1509 1636 1559 Franciscus
1659 1509 1718 1559 de
1740 1509 1935 1569 Narnia,

145 1599 344 1647 scutifer
373 1598 470 1646 sive
501 1597 792 1646 secretarius
822 1596 1056 1656 defuncti,
1089 1600 1136 1645 et
1172 1612 1283 1644 cum
1319 1595 1596 1645 celebrante
1620 1594 1935 1644 absolverunt

145 1683 311 1731 RRmi.
333 1685 432 1731 DD.
456 1697 494 1730 s·
516 1682 797 1742 Clementis,
817 1680 1113 1741 Parmensis,
1133 1683 1504 1728 Beneventanus
1527 1683 1631 1728 ets.
1650 1679 1903 1728 Anastasie
1925 1695 1934 1727 :

147 1767 311 1815 omnia
342 1767 468 1816 facta
504 1772 616 1815 sunt
651 1767 699 1814 in
731 1766 987 1816 Vaticano,
1016 1767 1236 1815 Castrum
1270 1765 1451 1814 doloris
1487 1764 1576 1813 fuit
1607 1768 1938 1827 computatum

149 1851 386 1900 columnis
409 1850 527 1907 suis,
550 1850 751 1913 longum
772 1850 946 1913 palmis
965 1865 1128 1909 xxvin,
1148 1849 1338 1912 largum
1359 1865 1439 1908 xx,
1462 1848 1613 1897 altum
1634 1864 1730 1907 xiu,
1756 1847 1817 1896 ad
1837 1863 1940 1895 sec-

148 1939 246 1984 tum
267 1939 431 1984 tamen
452 1934 603 1982 altum
625 1937 673 1981 et
695 1933 876 1997 optime
899 1933 1158 1981 formatum
1183 1948 1272 1997 pro
1299 1932 1522 1996 augustia
1539 1932 1635 1980 loci
1658 1935 1707 1980 et
1723 1931 1938 1995 positum

146 2036 233 2083 per
253 2034 398 2067 unam
419 2018 634 2066 casinam
663 2017 789 2065 inter
809 2017 1045 2081 capellam
1073 2034 1112 2065 s.
1143 2015 1338 2065 Andree
1367 2019 1414 2063 et
1447 2015 1643 2079 Georgii
1675 2019 1722 2063 et
1749 2015 1811 2062 ad
1831 2031 1936 2062 cas-

150 2106 276 2151 trum
324 2101 596 2165 predictum
637 2100 795 2164 posita
838 2100 1032 2148 fuerunt
1078 2116 1278 2148 scamna
1328 2099 1537 2164 triplicia
1584 2099 1645 2147 ad
1689 2098 1937 2147 dexteram

145 2185 368 2234 Intrantis
387 2183 610 2233 eamdem
632 2183 866 2247 capellam
892 2187 939 2232 et
964 2184 1167 2233 totidem
1187 2184 1248 2232 ad
1270 2184 1531 2243 sinistram,
1556 2183 1623 2231 ita
1652 2183 1779 2246 quod
1800 2182 1850 2230 in
1868 2183 1938 2231 eis

148 2268 372 2317 sedentes
406 2267 468 2315 ad
495 2282 643 2315 unum
677 2266 802 2314 latus
833 2266 1072 2316 haberent
1105 2268 1339 2332 capellam
1371 2268 1639 2332 predictam
1667 2271 1714 2317 et
1743 2267 1804 2316 ad
1834 2282 1940 2316 cas-

147 2356 274 2400 trum
300 2351 477 2400 doloris
499 2351 670 2415 prelati
692 2350 853 2415 palatii
876 2350 1104 2399 sederunt
1122 2351 1172 2398 in
1191 2350 1350 2415 primo
1378 2366 1577 2400 scamno
1601 2349 1663 2397 ad
1690 2349 1938 2399 dexteram

146 2435 368 2484 intrantis
401 2439 449 2483 et
478 2434 649 2499 prelati
684 2439 902 2483 oratores
943 2434 993 2481 in
1026 2434 1120 2483 alio
1153 2435 1310 2500 primo
1346 2435 1408 2483 ad
1440 2434 1686 2483 sinistram
1716 2431 1938 2481 intrantis

148 2519 383 2584 capellam
411 2535 450 2566 s.
473 2518 668 2566 Andree
697 2523 745 2567 et
766 2519 986 2583 Gregorii
1015 2534 1130 2583 sepe
1160 2520 1342 2568 dictam
1367 2522 1416 2568 et
1435 2535 1524 2584 pos
1555 2534 1640 2568 eos
1667 2517 1747 2567 alii
1769 2516 1937 2582 prelati

148 2608 196 2652 et
216 2604 265 2651 in
287 2604 382 2652 fine
402 2618 571 2652 eorum
599 2602 901 2660 subdiaconi,
925 2603 1230 2668 coadjutores
1248 2605 1351 2650 rote
1374 2618 1385 2651 :
1413 2601 1684 2650 cardinales
1707 2600 1938 2650 sederunt

146 2688 194 2736 in
222 2689 394 2737 eadem
433 2687 618 2752 capella
650 2690 794 2751 prout
826 2686 987 2736 facere
1018 2687 1193 2748 solent,
1223 2690 1352 2751 Papa
1384 2690 1630 2752 presente,
1664 2684 1889 2733 videlicet
1911 2701 1938 2732 a

150 2787 300 2820 cornu
334 2771 536 2836 epistole
565 2775 613 2820 et
639 2771 830 2819 diaconi
861 2771 922 2819 ad
955 2771 1199 2820 sinistram
1223 2771 1463 2830 intrantis,
1486 2768 1707 2818 videlicet
1736 2785 1763 2816 a
1784 2782 1937 2816 cornu

151 2854 404 2921 evangelii,
421 2854 554 2915 licet,
574 2870 685 2904 meo
703 2855 905 2920 judicio,
928 2855 1293 2904 convenientius
1315 2854 1484 2902 fuisset
1502 2852 1774 2902 contrarius
1796 2852 1932 2901 ord0.

150 2943 378 2989 Oratores
402 2939 514 2988 laici
547 2939 779 2988 sederunt
809 2939 860 2988 in
894 2955 1093 2989 scamno
1114 2939 1175 2988 ab
1205 2938 1384 3003 angulo
1410 2942 1521 3002 post
1548 2937 1698 2986 altare
1727 2953 1755 2985 a
1784 2951 1936 2985 cornu

152 3023 351 3088 epistole
385 3039 551 3072 versus
584 3022 830 3071 banchum
865 3024 1205 3088 episcoporum
1236 3022 1554 3071 cardinalium
1580 3022 1756 3087 posito,
1779 3021 1938 3086 pulpi-

153 3110 255 3154 tum
278 3122 366 3171 pro
399 3107 618 3156 oratione
644 3107 858 3171 positum
891 3108 950 3156 ab
981 3112 1118 3156 extra
1149 3107 1209 3156 ad
1241 3107 1493 3156 introitum
1520 3107 1646 3156 dicte
1683 3106 1865 3170 capelle
1892 3110 1938 3154 et

154 3196 506 3253 consequenter
535 3190 625 3239 fuit
655 3190 778 3239 liber
810 3191 1037 3240 introitus
1069 3195 1117 3241 et
1149 3191 1208 3240 ab
1242 3191 1417 3240 eodem
1460 3191 1674 3240 secunda
1713 3190 1938 3239 columna

154 3271 278 3321 infra
315 3288 511 3322 scamno
543 3274 761 3339 predicto
797 3292 883 3339 pro
922 3275 1118 3340 prelatis
1146 3274 1208 3324 ad
1239 3275 1431 3323 tertiam
1472 3275 1749 3324 columnam
1783 3289 1936 3337 usque

155 3358 215 3406 ad
234 3373 280 3405 X1
300 3355 528 3404 inclusive
550 3357 675 3406 inter
702 3358 913 3422 singulas
942 3360 1192 3409 columnas
1218 3359 1376 3423 posite
1405 3360 1602 3409 fuerunt
1630 3375 1775 3424 supra
1794 3358 1935 3422 plano

154 3444 366 3506 capsette
410 3454 494 3503 pro
532 3438 716 3488 duobus
756 3440 1034 3503 intorticiis,
1072 3447 1121 3491 et
1166 3441 1213 3489 in
1260 3442 1539 3505 oppositum
1580 3457 1751 3506 parum
1795 3454 1938 3502 supra
