2228 3938
325 304 365 337 lsi
937 305 1170 342 ιΙΟΙ-ΙΑΝΝΙΞ
1204 305 1502 353 BURCHARDI,
1781 311 1988 350 [Decembre
2011 313 2106 350 1492]

321 408 378 453 D.
406 407 595 470 Corigie
619 411 667 455 et
695 411 841 455 Jason
869 410 1088 472 Maynus,
1120 409 1198 472 qui
1220 410 1327 457 loco
1358 414 1604 458 oratorum
1633 410 1868 459 laicorum
1899 428 1950 461 se
1975 413 2108 461 loca-

316 494 503 538 verunt.
544 491 835 554 Interrogavi
874 495 1129 554 propterea
1159 495 1241 541 SS.
1280 497 1336 541 D.
1366 498 1586 542 nostrum
1622 509 1683 540 an
1724 496 1978 544 Sanctitati
2017 513 2102 545 sue

318 573 536 637 placeret
558 574 723 638 primis
747 574 935 622 duobus
961 575 1034 622 vel
1053 576 1204 624 tribus
1225 577 1386 625 locum
1413 578 1460 624 in
1482 577 1708 640 gradibus
1731 579 1836 627 solii
1866 579 1957 639 sui,
1989 579 2103 643 ipsis

316 657 471 720 magis
490 658 877 716 convenientem,
898 657 1035 716 dare;
1059 658 1139 719 qui
1155 659 1274 705 mihi
1291 659 1537 722 respondit
1557 659 1762 707 sibinen
1778 662 1990 725 placere,
2013 662 2103 710 sed

316 739 445 802 quod
468 755 551 787 eos
581 739 630 786 in
657 739 784 787 dicto
806 739 998 786 bancho
1027 754 1136 786 cum
1164 740 1268 787 aliis
1290 741 1561 789 oratoribus
1593 746 1720 792 stare
1742 747 2094 808 permitterem.

382 822 522 869 Feria
553 821 785 881 secunda,
815 826 873 870 lo
895 822 1166 871 decembris
1191 823 1240 869 in
1267 823 1495 884 diluculo,
1529 826 1737 889 equitavi
1764 844 1931 877 versus
1951 831 2097 879 Mari-

317 921 433 953 num
453 921 540 969 pro
563 905 878 954 instructione
906 905 1063 953 danda
1082 906 1153 953 Ill.
1180 908 1235 953 D.
1262 907 1505 956 Friderico
1533 910 1592 958 de
1619 913 1863 975 Aragona,
1892 913 2097 977 principi

315 991 585 1049 Altamure,
613 990 909 1038 serenissimi
922 990 1210 1039 Ferdinandi
1229 990 1388 1039 Sicilie
1403 996 1450 1039 et
1466 992 1767 1042 Hierusalem
1783 995 1909 1059 regis
1926 1012 2102 1044 secun-

316 1073 564 1138 dogenito,
605 1077 809 1122 Romam
840 1079 1042 1123 venturo
1077 1091 1221 1138 super
1256 1075 1331 1122 his
1364 1090 1456 1137 que
1492 1075 1540 1122 in
1572 1077 1675 1140 ejus
1709 1077 1932 1141 ingressu
1960 1079 2100 1127 Urbis

316 1157 504 1220 agenda
528 1161 683 1217 erant,
703 1157 762 1205 de
784 1173 878 1221 quo
896 1174 983 1222 per
1005 1161 1061 1205 D.
1087 1159 1319 1207 ‚Iacobum
1343 1160 1614 1207 Pontanum
1633 1160 1692 1226 (1)
1713 1162 1896 1225 regium
1915 1162 1964 1210 in
1975 1163 2100 1211 Urbe

314 1244 556 1288 oratorem
596 1245 895 1290 asserentem
936 1258 987 1289 se
1029 1258 1172 1306 super
1215 1243 1309 1291 hoc
1353 1243 1589 1308 speciales
1637 1243 1804 1292 literas
1844 1260 1873 1292 a
1909 1245 2099 1308 prefato

313 1323 530 1388 principe
584 1325 853 1388 recepisse,
908 1325 1011 1373 heri
1057 1341 1167 1374 sero
1214 1327 1343 1375 circa
1389 1327 1652 1375 secundam
1695 1328 1869 1375 horam
1915 1328 2095 1387 noctis,

316 1411 513 1471 rogatus
553 1407 754 1456 fueram.
798 1409 991 1472 Reperii
1030 1410 1211 1458 ibidem
1251 1412 1491 1474 prefatum
1531 1411 1799 1476 principem
1839 1412 1914 1460 cui
1953 1403 2096 1476 plene

316 1490 456 1537 retuli
492 1491 711 1540 ordinem
746 1495 793 1541 et
825 1492 1022 1540 modum
1056 1493 1279 1541 introitus
1313 1499 1361 1544 et
1392 1495 1684 1559 receptionis
1716 1511 1800 1543 sue
1836 1511 1892 1544 ac
1928 1511 2097 1544 eorum

316 1588 408 1635 que
430 1588 518 1637 per
539 1590 650 1623 eum
673 1575 804 1623 circa
822 1575 917 1624 hoc
940 1576 1128 1639 agenda
1149 1582 1303 1626 erant.

379 1656 520 1704 Feria
551 1658 707 1717 tertia,
750 1661 800 1705 11
841 1658 1130 1719 decembris,
1170 1660 1297 1709 circa
1328 1661 1499 1709 horam
1539 1678 1634 1710 xvn
1667 1663 1855 1725 prefato
1888 1660 2095 1725 principi

318 1754 486 1788 versus
515 1741 695 1790 Urbem
733 1742 958 1802 venienti,
999 1748 1234 1793 venerunt
1270 1745 1459 1793 obviam
1490 1746 1656 1793 RRmi.
1688 1748 1796 1810 DD.
1828 1745 2097 1794 cardinales

315 1823 663 1887 Neapolitanus
684 1829 732 1873 et
753 1826 982 1874 Senensis
1004 1831 1249 1890 tamquam
1267 1829 1582 1892 particulares
1605 1829 1730 1876 illius
1753 1828 1913 1887 amici,
1944 1843 2096 1891 usque

313 1907 374 1954 ad
408 1908 678 1956 secundum
712 1909 897 1958 miliare
931 1913 1067 1958 extra
1099 1911 1279 1958 Urbem
1310 1915 1358 1959 et
1391 1912 1539 1971 ultra;
1577 1912 1659 1959 ubi
1692 1911 1933 1975 prefatum
1963 1910 2096 1975 prin-

315 1991 473 2054 cipem
494 1991 680 2040 honore
705 1993 844 2041 solito
873 1998 1182 2057 receperunt,
1215 1995 1294 2057 qui
1314 1994 1445 2044 venit
1465 1994 1591 2044 inter
1620 2010 1703 2044 eos
1733 1995 1922 2043 medius
1944 2010 2095 2057 usque

313 2074 374 2122 ad
395 2090 502 2122 eam
523 2075 664 2133 viam,
689 2092 781 2139 que
803 2092 892 2140 per
911 2080 1104 2126 Portam
1126 2077 1343 2125 Latinam
1365 2077 1513 2137 ducit,
1535 2093 1623 2140 per
1640 2093 1783 2140 quam
1802 2077 1915 2125 dicti
1938 2076 2094 2125 cardi-

310 2157 446 2206 nales
486 2158 797 2219 divertentes,
844 2160 1039 2207 dimisso
1077 2161 1310 2224 principe,
1341 2161 1522 2208 ibidem
1561 2161 1620 2209 ab
1660 2176 1718 2209 eo
1759 2163 2089 2218 recesserunt3

313 2239 538 2303 princeps
570 2256 684 2289 vero
713 2257 823 2289 cum
855 2242 953 2290 suis
981 2258 1144 2291 versus
1175 2248 1362 2306 portam
1395 2245 1792 2303 Lateraneusem,
1828 2244 1920 2292 iter
1953 2259 2092 2291 suum

314 2327 597 2384 prosecutus
635 2340 787 2387 usque
826 2329 936 2374 ante
976 2326 1232 2374 ecclesiam
1273 2329 1650 2375 Lateranensem
1687 2343 1742 2375 ac
1779 2328 1881 2392 ejus
1913 2327 2094 2391 princi-

315 2405 472 2469 palem
504 2411 551 2455 et
584 2408 878 2457 anteriorem
909 2413 1115 2472 portam,
1150 2414 1252 2457 tum
1282 2426 1369 2474 pro
1401 2410 1503 2459 luto
1534 2410 1778 2474 fugiendo,
1815 2415 1918 2459 tum
1948 2410 2092 2461 etiam

254 2555 257 2558 Α
315 2490 428 2552 quia
449 2490 542 2538 duo
566 2490 835 2540 cardinales
857 2492 899 2541 ei
922 2493 1108 2541 obviam
1131 2493 1239 2541 ituri
1268 2509 1421 2557 usque
1450 2481 1582 2543 extra
1608 2498 1798 2558 portam
1827 2493 2090 2558 predictam

314 2573 529 2621 nondum
551 2574 898 2638 applicuerant.

381 2658 577 2705 Interim
618 2659 660 2706 ei
702 2659 888 2707 obviam
926 2665 1161 2709 venerunt
1200 2661 1416 2710 omnium
1461 2660 1777 2710 cardinalium
1815 2657 1994 2709 familie
2033 2675 2088 2708 ac

315 2740 584 2805 principum
607 2747 821 2791 oratores
851 2743 899 2791 in
931 2742 1058 2793 Urbe
1081 2745 1364 2805 existentes3
1397 2750 1633 2794 venerunt
1658 2745 1803 2794 etiam
1831 2744 1875 2793 ei
1903 2744 2089 2792 obviam

318 2825 587 2872 successive
622 2828 678 2873 D.
717 2826 868 2874 Julius
896 2828 1095 2876 Ursinus
1129 2829 1252 2877 Rmi.
1290 2832 1348 2877 D.
1385 2828 1641 2878 cardinalis
1673 2829 1732 2877 de
1764 2827 1948 2876 Ursinis
1978 2843 2088 2890 ger-

318 2924 506 2966 manus,
529 2911 586 2955 D.
610 2910 846 2958 Gerardus
866 2913 1155 2970 Ususmaris,
1179 2915 1235 2960 D.
1261 2913 1541 2961 Dominicus
1563 2911 1710 2961 Doria
1729 2915 1776 2960 et
1793 2907 1870 2958 alii
1893 2907 2087 2973 quidam

317 2990 522 3051 nobiles,
548 2992 627 3054 qui
655 3008 714 3039 ex
738 3006 861 3056 equo
890 2992 1240 3044 descendentes
1267 2994 1536 3060 principem
1565 2990 1783 3043 venerari
1809 2994 2084 3051 voluerunt3

319 3072 404 3121 sed
432 3074 657 3138 princeps
688 3091 771 3124 eos
802 3074 1017 3140 recipere
1051 3079 1304 3139 recusavit,
1341 3094 1591 3143 quousque
1618 3093 1766 3140 equos
1800 3076 2088 3125 reascende-

362 3245 395 3282 1.
425 3245 594 3282 Giacomo
616 3246 782 3283 Pontano
803 3245 891 3284 etait
909 3246 1170 3284 ambassadeur
1190 3249 1237 3285 du
1258 3249 1310 3286 roi
1337 3247 1542 3286 Ferdinand
1570 3250 1591 3284 a
1613 3246 1648 3283 la
1669 3258 1756 3283 cour
1785 3246 1828 3283 de
1855 3247 1984 3284 Rome.
2012 3246 2088 3284 Son

315 3316 444 3350 neven,
474 3305 650 3342 Giovanni
683 3306 926 3351 Pontano,.le
964 3311 1075 3356 -poete
1112 3312 1148 3344 et
1167 3308 1348 3346 l'ecrivain
1380 3309 1520 3345 illustre
1549 3307 1637 3344 etait
1672 3306 1865 3344 secretaire
1885 3307 1930 3344 de
1960 3307 2014 3344 roi
2044 3307 2089 3342 de

318 3363 466 3412 Naples,
488 3364 549 3412 qui
569 3364 619 3402 lui
646 3365 765 3402 confla
785 3365 960 3414 quelques
981 3366 1156 3404 missions
1177 3368 1455 3416 diplomatiques
1476 3372 1607 3417 aupres
1635 3369 1684 3405 du
1704 3367 1952 3416 Saint-Siege.
1993 3366 2086 3415 Voy.

319 3424 410 3460 dans
431 3423 640 3470 Trinchera,
665 3425 791 3462 Codice
810 3425 1031 3472 Αναςιοηεεσ,
1053 3426 1124 3464 vol.
1142 3426 1187 3471 II,
1206 3438 1243 3474 p.
1265 3439 1302 3472 11,
1323 3426 1471 3473 l'index,
1492 3440 1528 3476 p.
1551 3429 1633 3466 497.
1848 3451 1854 3475 ι
