2222 3926
117 353 335 397 [Avri11495]
561 350 730 388 RERUM
763 348 1064 386 URBANARUM
1098 347 1448 387 COMMENTARII.
1830 353 1896 388 251

116 457 247 507 ribus
263 463 310 506 et
325 457 577 521 capitaneo
597 452 814 503 custodie
844 452 1003 517 palatii
1028 455 1174 517 Pape,
1207 468 1293 516 pro
1319 451 1492 516 quibus
1514 452 1856 500 satisfecerunt
1879 469 1887 500 :

115 541 232 589 duas
272 541 454 605 palmas
492 542 617 603 Pape
658 542 918 586 tenuerunt
954 540 1148 585 senator
1185 552 1214 584 a
1243 535 1423 584 dextris
1458 540 1507 584 et
1539 535 1722 600 primus
1771 551 1891 583 con-

117 630 332 674 servator
351 626 635 674 cancellarie
659 624 799 674 Urbis
826 639 854 671 a
873 622 1094 671 sinistris,
1123 623 1309 686 Aquam
1330 636 1417 685 pro
1447 619 1628 688 lotione
1659 636 1893 670 manuum

117 711 242 773 Pape
272 714 382 774 post
414 709 803 758 distributionem
839 707 1126 772 palmarum,
1156 704 1441 753 ministravit
1475 707 1531 752 D.
1567 705 1894 770 Hieronymus

117 792 370 857 GeorgiuS,
392 797 555 842 orator
575 793 775 842 dominii
798 795 1096 842 Venetorum
1121 806 1130 838 :
1156 789 1277 837 datis
1299 787 1472 853 palmis
1501 787 1723 836 omnibus
1742 787 1899 837 cardi-

115 876 322 935 nalibus,
344 879 712 926 Beneventanus
735 874 1065 924 celebraturus
1088 873 1287 921 missam
1309 871 1551 936 publicam
1572 870 1622 919 in
1638 870 1837 920 basilica
1854 888 1894 921 s,

117 961 263 1021 Petri,
287 948 486 1011 dimisso
506 962 614 1009 loco
635 976 723 1009 suo
746 965 794 1008 et
811 958 1025 1022 capsula,
1058 957 1239 1022 accepit
1265 971 1468 1020 cappam
1490 960 1539 1003 et
1559 954 1811 1003 descendit
1837 956 1898 1004 ad

116 1045 294 1094 dictam
315 1045 581 1105 basilicam,
606 1044 786 1092 ibidem
806 1046 1092 1107 paramenta
1108 1039 1404 1105 pontificalia
1423 1044 1724 1103 recepturus,

184 1129 340 1178 Finita
361 1128 715 1187 distributione,
739 1130 870 1191 Papa
886 1126 1015 1175 venit
1036 1123 1460 1189 processionaliter
1480 1123 1541 1171 ad
1555 1123 1717 1171 locum
1739 1138 1897 1183 suum,

118 1210 197 1259 ubi
219 1210 396 1275 populo
424 1210 608 1274 palmas
637 1208 734 1258 sive
762 1208 1032 1272 palmarum
1063 1221 1223 1254 ramos
1249 1210 1351 1254 erat
1366 1209 1700 1269 porrecturus3
1730 1203 1817 1253 sed
1836 1204 1901 1252 ibi

118 1309 212 1342 non
250 1298 353 1343 erat
385 1294 531 1343 etiam
571 1309 696 1341 unus
731 1292 862 1340 solus
892 1291 972 1355 qui
1000 1290 1186 1355 palmas
1217 1292 1514 1353 expectaret.
1553 1289 1732 1337 Palmis
1758 1289 1904 1352 igitur

119 1393 214 1426 non
235 1378 487 1442 projectis,
507 1376 759 1426 descendit
777 1375 837 1424 ad
849 1375 1025 1423 dictam
1045 1373 1293 1422 basilicam
1310 1378 1358 1422 et
1373 1389 1524 1436 usque
1538 1373 1598 1421 ad
1609 1373 1736 1421 illius
1750 1373 1900 1422 altare

117 1463 274 1526 majus
293 1460 718 1526 processionaliter
747 1460 835 1508 sub
867 1458 1175 1518 baldachino,
1201 1460 1331 1522 Papa
1367 1460 1626 1521 autequam
1660 1456 1812 1506 exiret
1844 1458 1904 1506 ad

116 1546 277 1595 locum
295 1546 373 1594 ubi
395 1546 580 1610 palmas
610 1545 788 1610 populo
810 1543 1050 1608 projicere
1072 1542 1231 1601 voluit,
1259 1540 1456 1590 dimisso
1477 1540 1668 1605 pluviali
1690 1541 1895 1606 simplici

119 1634 166 1678 et
185 1630 328 1679 mitra
348 1629 489 1679 solita
507 1628 740 1689 indebite,
776 1643 836 1677 ex
866 1627 1008 1676 solita
1042 1642 1220 1691 pompa
1247 1641 1333 1674 sua
1359 1626 1546 1690 accepit
1564 1625 1769 1690 pluviale
1790 1642 1904 1691 pre-

119 1714 304 1763 ciosum
323 1729 434 1762 cum
455 1713 602 1778 perlis
632 1713 798 1777 viginti
827 1712 1058 1776 quinque,
1085 1710 1143 1758 de
1166 1711 1397 1758 bruccato
1418 1709 1646 1758 vellutato
1668 1710 1899 1769 violaceo,

121 1803 168 1847 et
189 1798 381 1847 mitram
410 1798 684 1862 preciosam
720 1812 831 1845 cum
861 1796 1026 1860 perlis,
1064 1795 1237 1859 quibus
1263 1794 1312 1841 in
1341 1794 1654 1859 processione
1683 1799 1732 1842 et
1758 1794 1905 1842 missa

121 1898 236 1931 usus
258 1886 348 1931 est.
387 1882 608 1930 Ordinavi
641 1881 772 1944 quod
802 1879 1048 1945 processio
1083 1895 1143 1928 ex
1178 1878 1364 1942 capella
1383 1878 1601 1939 veniens,
1628 1893 1716 1927 suo
1738 1878 1905 1927 ordine

121 1965 431 2014 continuaret
447 1980 613 2013 versus
634 1964 881 2012 basilicam
902 1963 1169 2028 predictam
1193 1964 1259 2012 ita
1280 1963 1427 2027 quod,
1453 1963 1661 2027 demptis
1683 1963 1906 2012 cardina-

120 2043 246 2097 libus
261 2064 372 2097 cum
395 2051 539 2113 Papa,
568 2048 753 2113 palmas
780 2048 1042 2112 projiceret
1074 2047 1123 2094 in
1154 2047 1264 2096 aula
1281 2047 1442 2095 nullus
1466 2051 1741 2096 remaneret
1760 2047 1834 2095 vel
1855 2063 1905 2095 se

123 2132 357 2191 firmaret,
381 2136 525 2196 prout
545 2131 729 2181 factum
753 2137 825 2181 est
854 2148 863 2180 :
890 2136 1000 2180 ante
1022 2135 1213 2195 portam
1235 2130 1447 2179 mediam
1468 2130 1666 2179 basilice
1689 2130 1904 2195 predicte

122 2220 366 2265 cantatum
385 2215 475 2264 fuit
498 2215 675 2275 Gloria,
702 2215 851 2263 Laus.
877 2214 1084 2264 Basilica
1102 2215 1320 2279 predicta
1347 2220 1515 2279 parata
1535 2214 1622 2263 fuit
1649 2220 1696 2264 et
1716 2215 1909 2263 tribuna

121 2315 232 2348 cum
265 2300 438 2364 pannis
469 2299 702 2360 broccati,
746 2304 794 2349 et
837 2315 1008 2349 omnes
1046 2299 1297 2364 lampades
1331 2298 1458 2348 dicte
1491 2298 1689 2348 basilice
1721 2298 1783 2347 ad
1813 2298 1907 2347 hoc

121 2383 389 2448 composite
411 2399 636 2444 accense,
673 2388 815 2448 prout
850 2384 900 2432 in
933 2383 1057 2433 festo
1092 2384 1277 2432 Pasche
1312 2382 1417 2432 fieri
1445 2382 1712 2443 consuevit,
1740 2387 1787 2432 et
1804 2382 1907 2431 aliis

120 2467 467 2532 principalibus
500 2467 613 2515 anni
651 2467 1003 2517 festivitatibus.
1039 2470 1098 2516 D.
1135 2467 1348 2532 Raphael
1381 2466 1439 2516 de
1475 2469 1635 2527 Mena,
1675 2466 1906 2515 diaconus

122 2550 324 2615 capelle,
379 2551 587 2600 cantavit
633 2567 744 2599 cum
785 2551 974 2599 duobus
1013 2551 1293 2599 cantoribus
1332 2550 1606 2615 passionem
1656 2549 1744 2598 sub
1789 2564 1906 2598 voce

122 2634 295 2682 Christi
322 2652 330 2682 :
356 2638 585 2698 pervento
598 2635 658 2683 ad
668 2639 857 2699 partem
871 2650 964 2698 que
982 2634 1031 2682 in
1046 2638 1161 2682 tono
1174 2633 1408 2698 evangelii
1422 2633 1601 2697 legitur
1618 2633 1901 2697 genuflexus

122 2722 196 2767 est
216 2722 328 2766 ante
345 2717 512 2777 altare,
536 2718 652 2766 dixit
669 2718 873 2777 Munda,
899 2722 1014 2777 etc.,
1040 2723 1087 2767 et
1108 2718 1288 2781 absque
1312 2733 1370 2766 eo
1392 2718 1521 2781 quod
1540 2733 1707 2766 verum
1729 2716 1903 2781 pedem

124 2805 249 2866 Pape
283 2802 661 2862 deoscularetur,
692 2818 804 2851 cum
841 2806 950 2851 ante
976 2802 1255 2867 passionem
1284 2817 1396 2850 eum
1424 2801 1732 2850 deosculatus
1754 2805 1903 2859 esset,

121 2885 461 2935 benedictione
488 2887 655 2936 habita
687 2891 735 2935 et
766 2886 1017 2936 incensato
1046 2886 1188 2943 libre,
1224 2885 1341 2934 dixit
1372 2885 1519 2934 etiam
1552 2873 1683 2933 illam
1715 2889 1906 2949 partem

123 2986 258 3020 more
280 2970 439 3019 solito.
458 2971 614 3020 lnduti
648 2972 843 3020 fuerunt
867 2986 1036 3019 omnes
1067 2969 1363 3035 paramentis
1390 2969 1616 3018 violaceis
1637 2969 1900 3018 consuetis,

188 3056 345 3104 Finita
377 3056 543 3115 missa,
578 3055 835 3119 episcopus
863 3055 1252 3113 Concordiensis,
1287 3057 1348 3104 D.
1390 3054 1647 3103 Leonellus
1677 3053 1906 3101 assistens

124 3138 270 3198 Papa,
294 3135 485 3199 pluviali
503 3136 718 3184 violaceo
739 3139 950 3200 paratus,
975 3136 1168 3185 mitram
1191 3137 1462 3201 simplicem
1482 3137 1533 3185 in
1554 3136 1774 3186 manibus
1793 3151 1906 3199 por-

74 3286 78 3290 ·
126 3223 249 3278 tanS,
274 3219 488 3279 ascendit
511 3220 572 3268 ad
593 3222 790 3284 Papam,
814 3219 949 3284 cujus
970 3235 1099 3283 genu
1126 3220 1362 3279 osculato,
1389 3236 1487 3268 non
1508 3220 1658 3283 petita
1675 3218 1906 3267 benedic-

123 3302 271 3360 tione,
296 3301 433 3365 petiit
453 3301 773 3367 indulgentias
794 3319 912 3367 quas
928 3305 1056 3367 Papa
1075 3303 1314 3367 plenarias
1337 3302 1597 3361 concessit,
1619 3307 1667 3351 et
1685 3301 1904 3349 ascendit

125 3383 379 3448 pulpitum.
398 3383 596 3431 Interim
611 3385 866 3433 cardinalis
881 3388 1264 3445 Beneventanus,
1281 3385 1490 3433 dimissis
1512 3385 1660 3434 sacris
1672 3385 1900 3441 vestibus,

124 3470 424 3531 reassumpta
457 3481 626 3530 cappa,
659 3467 782 3516 sedit
811 3469 859 3515 in
890 3467 1118 3533 locosssuo
1151 3469 1276 3517 inter
1304 3469 1423 3516 alios
1457 3468 1742 3517 cardinales
1768 3470 1899 3515 Tunc
