2222 3926
149 297 306 337 [Νη-161·
328 297 423 336 ¹495]
510 295 514 299 “
592 293 761 331 RERUM
794 292 1097 330 URBANARUM
1129 292 1484 330 COMMENTARII.
1870 293 1936 330 241

152 400 452 462 paramenta,
475 396 660 445 vocavit
696 395 757 445 ad
787 411 836 444 56
867 390 1162 444 cardinalem
1197 394 1633 459 Carthaginensem
1664 397 1712 441 et
1747 392 1791 441 ei
1812 392 1943 461 dedit

155 480 343 530 titulum
375 497 414 528 5.
450 481 615 529 Crucis
643 480 691 527 in
721 479 1041 538 Hierusalem,
1068 494 1156 543 per
1188 479 1374 528 obitum
1411 477 1655 542 quondam
1686 476 1942 526 cardinalis

154 564 372 613 Toletani
384 569 652 623 vacantem,
672 563 862 613 titulum
879 578 990 612 vero
1007 562 1136 627 quod
1161 562 1264 627 ipse
1280 562 1536 612 cardinalis
1553 559 1943 624 Carthaginensis

156 646 340 710 primus
372 647 630 707 habuerat,
654 646 876 696 videlicet
906 649 1182 695 sanctorum
1214 644 1428 695 Marcelli
1456 650 1504 694 et
1537 644 1684 704 Petri,
1716 649 1943 707 tanquam

158 746 245 794 per
271 731 634 780 assecutionem
663 730 859 778 alterius
886 729 1116 788 vacantiS,
1140 731 1271 793 Papa
1294 728 1425 778 dedit
1452 728 1683 778 cardinali
1708 730 1945 776 Cenoma-

158 814 295 863 nensi
315 817 398 880 (1).
1179 872 1186 881 Ι

225 899 405 948 Eadem
442 899 536 958 die,
558 902 666 962 post
695 897 968 962 prandium,
991 897 1239 957 redierunt
1271 897 1366 947 sive
1397 900 1642 962 reportate
1671 896 1865 944 fuerunt
1884 896 1945 945 ad

161 983 341 1033 Urbem
363 982 730 1047 quatuordecim
756 981 831 1030 vel
859 982 990 1029 circa
1018 981 1168 1030 salme
1194 980 1450 1030 cardinalis
1470 980 1712 1030 Valentini
1735 996 1794 1028 ex
1816 980 1947 1029 curia

159 1065 290 1130 regis
314 1064 533 1125 Francie,
560 1065 618 1113 de
640 1064 732 1112 illis
755 1080 873 1127 quas
893 1063 1022 1112 idem
1043 1063 1298 1113 cardinalis
1319 1079 1475 1129 nuper
1491 1063 1540 1112 in
1562 1080 1758 1114 recessu
1780 1080 1866 1114 suo
1889 1080 1952 1114 ex

159 1149 286 1197 Urbe
311 1165 420 1197 cum
445 1164 563 1213 rege
584 1147 787 1196 Francie
811 1147 901 1195 sibi
923 1147 1167 1211 apportari
1189 1148 1386 1197 fecerat.

224 1233 365 1281 Feria
385 1236 574 1296 quarta,
604 1234 660 1280 18
682 1230 866 1279 mensis
890 1230 1136 1290 februarii,
1162 1247 1247 1279 rex
1267 1231 1468 1281 Francie
1495 1232 1685 1281 intravit
1705 1233 1945 1283 civitatem

161 1319 455 1380 Capuanam,
478 1331 623 1379 quam
650 1318 698 1364 et
727 1315 833 1379 ejus
869 1313 1106 1378 capitanei
1131 1314 1408 1363 habuerunt
1429 1332 1518 1380 per
1537 1321 1732 1380 pactum
1760 1321 1809 1366 et
1829 1333 1946 1366 con·

161 1399 393 1460 cordiam,
418 1403 560 1464 prout
594 1402 642 1447 et
675 1398 838 1447 omnia
867 1397 960 1446 alia
989 1398 1099 1447 loca
1129 1399 1262 1462 prius
1291 1398 1544 1449 habuerat.
1576 1399 1762 1449 Deinde
1794 1403 1947 1449 Rome

161 1483 289 1532 fama
308 1483 397 1531 fuit
425 1481 486 1548 (2)
508 1497 674 1547 regem
701 1482 861 1547 ipsum
890 1481 938 1530 in
963 1487 1125 1542 nocte,
1150 1482 1199 1530 in
1221 1498 1414 1532 camera
1438 1484 1613 1548 quietis
1635 1499 1723 1534 sue
1747 1483 1796 1532 in
1823 1484 1951 1532 dicta

162 1566 368 1626 civitate,
390 1565 676 1615 horribilem
696 1582 866 1616 vocem
887 1566 1000 1615 bina
1026 1567 1127 1616 vice
1153 1566 1410 1628 audivisse,
1431 1573 1480 1617 et
1504 1584 1700 1633 capsam
1722 1584 1868 1617 unam
1890 1568 1950 1616 (16

162 1648 254 1697 illis
276 1665 394 1713 quas
415 1649 465 1698 in
487 1665 682 1699 camera
703 1666 789 1699 sua
804 1649 1016 1699 habebat
1038 1666 1097 1699 ex
1118 1667 1170 1700 se
1188 1650 1294 1716 ipsa
1313 1656 1530 1716 apertam
1548 1651 1715 1714 fuisse,
1740 1657 1789 1702 et
1809 1653 1952 1701 vexil-

161 1733 262 1781 lum
295 1733 538 1797 quoddam
568 1734 616 1782 in
640 1750 697 1784 ea
718 1734 930 1782 existens
952 1727 1184 1795 erexisse,
1210 1751 1376 1799 regem
1399 1741 1665 1801 propterea
1692 1736 1950 1786 attonitum

162 1816 347 1865 vovisse
392 1817 452 1866 ad
490 1834 694 1882 regnum
734 1834 875 1866 suum
917 1833 1014 1866 non
1046 1834 1376 1878 reversurum,
1416 1819 1508 1868 nisi
1546 1820 1768 1869 rehabita
1805 1823 1953 1869 Terra

165 1902 342 1949 Sancta
374 1905 421 1949 et
455 1902 679 1966 sepulcro
717 1902 900 1951 domini
935 1903 1111 1951 Christi
1141 1904 1357 1953 fidelium
1396 1904 1602 1954 tuitione
1638 1904 1947 1968 reacquisito‚

166 2000 313 2048 seque
341 2001 488 2034 unam
520 1986 756 2050 capellam
785 1986 835 2034 in
857 1986 1047 2035 civitate
1079 1987 1396 2051 Neapolitana
1419 1987 1468 2036 in
1486 1988 1724 2038 honorem
1747 1987 1951 2052 Spiritus

167 2069 318 2118 sancti
337 2069 561 2119 daturum
583 2075 631 2119 et
648 2071 945 2118 dotaturum.
1001 2114 1006 2119 .

230 2154 317 2204 Die
340 2154 543 2213 sabbati,
566 2158 621 2202 21
656 2154 905 2215 februarii,
931 2171 1154 2203 reversus
1173 2155 1326 2204 estad
1352 2155 1531 2206 Urbem
1551 2172 1580 2205 a
1600 2156 1699 2205 suis
1723 2155 1950 2205 duntaxat

165 2237 431 2286 associatus
470 2240 638 2286 Rmus.
682 2240 739 2285 D.
769 2237 1026 2286 cardinalis
1054 2237 1112 2286 de
1154 2240 1361 2299 Lunate,
1396 2238 1477 2302 qui
1515 2255 1687 2304 nuper,
1728 2239 1954 2289 videlicet

171 2325 226 2370 16
259 2322 440 2371 mensis
470 2320 681 2387 januarii
702 2320 922 2385 proxime
957 2321 1194 2386 preteriti,
1230 2321 1577 2384 Mediolanum,
1605 2327 1659 2372 ut
1686 2328 1797 2373 tunc
1825 2323 1953 2374 dice-

165 2405 280 2454 bant
301 2421 411 2455 cum
434 2409 573 2455 Rmo.
598 2408 656 2454 D.
679 2404 1076 2455 vicecancellario
1095 2406 1268 2465 ituruS,
1291 2405 1405 2455 inde
1428 2411 1716 2457 recesserat.

233 2489 413 2538 Eadem
447 2489 541 2549 die,
577 2489 707 2538 venit
739 2489 800 2538 ad
832 2490 1011 2538 Urbem
1038 2489 1388 2539 illustrissimus
1413 2490 1640 2556 princeps
1662 2491 1866 2552 Salerni,
1891 2507 1948 2540 ex

168 2588 317 2636 regno
345 2572 546 2621 Francie
569 2573 818 2637 Neapolim
841 2573 1012 2634 ituruS‚
1038 2590 1067 2622 a
1094 2574 1346 2639 capitaneo
1377 2574 1594 2624 custodie
1622 2575 1786 2640 palatii
1814 2591 1954 2640 apos-

169 2655 298 2704 tolici
317 2660 364 2704 et
388 2661 530 2720 gente
559 2673 646 2705 sua
672 2656 902 2706 duntaxat
930 2658 1220 2716 associatus3
1253 2658 1525 2723 hospitatus
1552 2658 1602 2706 in
1629 2658 1774 2707 domo
1802 2674 1955 2723 quon-

170 2738 281 2787 dam
313 2739 493 2788 domini
525 2739 747 2790 Falconis
779 2755 789 2789 3
823 2742 1024 2792 recessit
1057 2747 1221 2791 autem
1254 2758 1314 2791 ex
1344 2742 1471 2791 Urbe
1492 2741 1644 2791 iturus
1677 2742 1949 2807 Neapolim,

173 2828 190 2868 1
220 2822 297 2871 die
319 2824 500 2873 mensis
520 2825 698 2873 martii.
1642 2831 1646 2835 ’

235 2907 505 2967 Dominica,
525 2911 585 2956 22
605 2909 830 2958 februarii
849 2911 1130 2960 nunciatum
1148 2911 1235 2960 fuit
1261 2915 1412 2960 Rome
1430 2926 1489 2961 ex
1508 2911 1723 2962 Venetiis
1746 2915 1955 2975 quatuor

171 2994 387 3040 oratores
425 2992 725 3042 serenissimi
762 2995 1076 3044 Maximiliani
1114 2998 1443 3045 Romanorum
1476 2994 1604 3060 regis
1644 3010 1837 3059 semper
1871 3010 1957 3042 au·

172 3072 313 3136 gusti,
333 3073 558 3141 videlicet
575 3079 632 3126 D.
658 3077 869 3127 electum
889 3079 1222 3128 Tridentinum
1243 3096 1355 3129 cum
1370 3080 1522 3129 tribus
1540 3079 1644 3128 aliis
1666 3079 1957 3128 associatum

173 3155 232 3204 ab
255 3158 496 3219 equitibus
526 3162 776 3226 sexaginta
790 3167 839 3211 et
859 3162 1100 3228 peditibus
1120 3163 1308 3228 viginti,
1334 3168 1381 3212 et
1401 3163 1710 3213 servitoribus
1729 3163 1827 3211 suis
1849 3178 1959 3212 sex-

224 3301 257 3339 1.
287 3303 454 3352 Philippe
474 3303 519 3341 de
539 3304 798 3356 Luxcmbourg
817 3311 961 3346 nomme
981 3310 1274 3358 precedemment
1292 3322 1379 3348 avec
1399 3308 1608 3355 Briconnet.

225 3363 260 3400 2.
290 3360 385 3400 Telle
405 3367 463 3400 est
482 3362 515 3400 la
538 3362 640 3411 166011
660 3366 709 3403 du
731 3368 799 3405 149
819 3373 855 3405 et
883 3369 932 3405 du
950 3369 1056 3406 5160.
1080 3370 1129 3407 Le
1150 3369 1270 3419 Chigi,
1299 3370 1323 3407 f.
1346 3370 1428 3414 469,
1457 3373 1493 3406 et.
1517 3370 1549 3407 le
1574 3371 1723 3419 55222,
1744 3370 1770 3408 f.
1790 3371 1850 3414 54,
1874 3375 1908 3407 et
1930 3369 1960 3405 16

183 3422 312 3467 13735,
332 3422 357 3460 f.
382 3422 464 3468 123,
486 3422 650 3462 donnent,
672 3437 680 3462 ε
703 3440 722 3459 «
744 3426 875 3464 deinde
895 3427 1010 3464 Rome
1030 3427 1202 3465 famulum
1223 3429 1321 3477 regis
1343 3429 1460 3477 ipsius
1547 3445 1566 3463 »

373 3499 406 3543 1.
436 3519 474 3543 11.
1010 3492 1015 3499 ⁸
1730 3512 1774 3547 16
