2228 3938
153 384 362 426 [Decembre
384 381 478 422 1492]
599 362 769 418 RERUM
796 377 1099 416 URBANARUM
1131 376 1484 436 coMMENTARu.
1891 383 1931 418 11

154 486 424 536 oratoribus
455 499 624 548 regum
670 487 718 532 et
755 487 1093 547 potentatuum
1132 482 1182 529 in
1218 481 1345 530 Urbe
1383 481 1721 540 existentibuS,
1750 486 1933 546 recepti

154 571 367 629 fuerunt,
392 574 440 619 et
465 583 617 632 usque
650 567 712 616 ad
738 567 937 615 domum
959 569 1015 614 D.
1042 566 1169 615 Petri
1191 565 1250 614 de
1282 568 1435 613 Roma
1458 565 1586 614 circa
1614 565 1866 614 Porcarios
1890 570 1935 613 et

153 655 434 713 Minervam,
463 653 513 700 in
541 652 637 716 qu'a
660 650 935 715 hospitandi
963 654 1118 709 erant,
1143 665 1281 698 more
1310 649 1450 698 solito
1479 648 1721 697 associati.
1747 648 1936 696 Primus

151 738 239 786 fuit
257 738 383 786 inter
405 735 700 801 Ragusinum
718 741 767 783 et
785 735 1097 784 C‘usentinum
1114 733 1507 798 archiepiscopos
1522 733 1735 797 prelatos
1750 732 1933 797 palatii,

96 806 111 815 ”
151 821 394 870 secundus
426 820 556 885 inter
587 819 828 883 prelatum
858 817 1023 881 palatii
1054 833 1082 865 a
1118 817 1297 865 dextris
1328 821 1375 865 et
1408 822 1651 865 oratorem
1686 815 1887 864 Francie
1910 832 1937 863 a

150 905 375 964 sinistris,
412 902 553 951 simili
588 902 734 950 modo
771 901 960 961 tertius,
993 905 1191 964 quartus
1230 905 1278 949 et
1310 899 1533 963 quintus3
1564 904 1800 948 venerunt
1828 915 1935 948 cum

151 988 389 1052 equitibus
410 1001 465 1034 cc
484 985 561 1034 vel
582 985 712 1033 circa
739 987 787 1032 et
811 984 977 1032 salmis
999 984 1248 1048 octoginta
1267 998 1376 1032 cum
1398 982 1573 1047 pluvia.

214 1072 296 1119 His
318 1070 486 1118 diebus
514 1071 678 1115 Rmus.
705 1070 763 1115 D.
794 1067 1051 1115 cardinalis
1074 1067 1419 1131 Neapolitanus
1447 1082 1672 1114 asserens
1701 1065 1938 1114 illustrem

150 1158 207 1204 D.
229 1153 527 1202 Fridericum
550 1151 847 1200 serenissimi
871 1151 1160 1200 Ferdinandi
1178 1150 1338 1200 Sicilie
1360 1151 1488 1214 regis
1505 1150 1939 1214 secundogenitum

150 1241 354 1286 Romam
376 1241 634 1285 venturum
655 1250 744 1299 pro
776 1234 1054 1283 obedientia
1074 1235 1159 1283 SS.
1186 1237 1243 1282 D.
1269 1237 1325 1283 N.
1350 1250 1437 1298 pro
1467 1249 1582 1298 rege
1610 1234 1828 1297 genitore
1851 1250 1938 1282 suo

150 1320 424 1386 prestanda,
450 1320 703 1383 ipsumque
726 1319 1025 1378 desiderare,
1048 1323 1308 1382 antequam
1324 1318 1384 1366 ad
1406 1318 1604 1366 domum
1628 1334 1712 1365 sue
1732 1318 1940 1366 mansio·

151 1405 226 1452 nis
253 1403 518 1469 perveniat,
551 1418 795 1451 summum
825 1402 1110 1467 pontificem
1133 1402 1370 1461 venerari,
1405 1418 1484 1451 me
1515 1403 1700 1467 rogavit
1728 1403 1767 1450 si
1796 1419 1940 1466 super

151 1489 247 1536 hoc
266 1487 484 1552 pontifex
505 1502 583 1535 me
610 1486 904 1546 consuleret,
929 1491 1166 1550 quatenus
1185 1486 1235 1534 in
1258 1486 1354 1534 hoc
1380 1486 1595 1535 faverem
1617 1487 1661 1535 ei
1686 1486 1830 1535 velim
1848 1487 1939 1535 im-

152 1573 334 1636 partiri.
359 1571 488 1619 Misit
519 1570 694 1619 deinde
714 1586 802 1634 pro
824 1586 903 1619 me
924 1570 1158 1634 pontifeX,
1183 1573 1231 1619 et
1260 1570 1308 1618 in
1332 1570 1508 1618 Montis
1536 1571 1727 1634 Regalis
1750 1571 1939 1635 nepotis

154 1656 227 1704 sui
245 1672 300 1705 ac
319 1655 514 1704 Ascanii
535 1654 916 1703 vicecancellarii
933 1653 1251 1702 cardinalium
1267 1654 1514 1717 presentia
1530 1669 1607 1703 me
1624 1655 1806 1719 rogavit
1827 1655 1941 1718 quid

154 1740 273 1787 mihi
300 1740 560 1799 videretur,
584 1743 702 1802 quot
723 1742 771 1788 et
799 1739 858 1787 de
880 1753 976 1801 quo
1003 1737 1173 1786 ordine
1201 1737 1470 1786 cardinales
1501 1742 1665 1787 essent
1687 1741 1742 1786 D.
1775 1739 1941 1787 Fride-

154 1823 254 1872 rico
283 1824 501 1887 predicto
541 1822 729 1871 obviam
765 1821 1007 1880 mittendi,
1038 1825 1084 1869 et
1118 1836 1178 1868 an
1217 1825 1346 1869 esset
1384 1821 1432 1868 in
1461 1821 1620 1885 primo
1651 1822 1850 1871 introitu
1881 1823 1942 1870 ad

157 1907 460 1955 sanctitatem
499 1921 635 1954 suam
672 1904 999 1953 admittendus
1036 1905 1110 1952 vel
1142 1918 1279 1952 more
1317 1904 1458 1953 solito
1491 1905 1540 1952 in
1573 1906 1650 1954 die
1682 1907 1938 1970 prestande

156 1991 448 2041 obedientie.
483 1990 727 2055 Respondi
755 1988 1009 2037 Sanctitati
1044 2004 1127 2036 sue
1161 1989 1223 2036 ad
1248 1989 1458 2054 primum
1491 1989 1620 2051 quod
1649 1990 1744 2038 duo
1783 1991 1939 2038 cardi-

155 2076 307 2135 nales,
345 2091 468 2123 unus
506 2075 565 2122 de
605 2074 1026 2138 presbyterorum,
1069 2072 1191 2120 alius
1232 2074 1292 2122 de
1331 2073 1649 2121 diaconorum
1692 2074 1938 2122 ordinibus

155 2159 432 2207 viderentur
449 2157 689 2216 mittendi,
711 2171 918 2219 quorum
941 2172 1065 2203 unus
1084 2171 1191 2204 esse
1212 2161 1378 2220 posset
1398 2157 1574 2204 Montis
1596 2157 1787 2220 Regalis
1808 2172 1940 2220 pres-

154 2242 292 2306 byter
309 2245 357 2290 et
379 2241 631 2290 Sanctitati
653 2255 737 2288 sue
761 2239 995 2303 sanguine
1014 2240 1214 2303 junctus
1238 2256 1248 2299 ;
1281 2239 1342 2288 ad
1369 2240 1632 2288 secundum
1658 2240 1804 2303 quod,
1827 2240 1939 2288 licet

155 2341 325 2373 omnes
342 2340 430 2389 pro
456 2324 716 2388 prestanda
745 2323 1020 2371 obedientia
1046 2323 1182 2370 missi
1210 2339 1307 2372 non
1336 2324 1548 2372 solerent
1576 2324 1858 2388 priusquam
1891 2324 1937 2371 in

154 2409 348 2473 publico
393 2408 682 2456 consistorio
724 2406 1002 2455 obedientie
1042 2406 1301 2469 prestande
1341 2422 1369 2454 a
1409 2407 1638 2471 pontifice
1679 2407 1847 2471 recipi,
1891 2407 1940 2455 id

156 2498 318 2541 tamen
347 2508 458 2540 cum
481 2491 574 2540 isto
594 2492 726 2556 regio
748 2490 846 2539 filio
868 2506 1011 2554 posse
1031 2490 1208 2550 omitti,
1231 2490 1487 2554 ipsumque
1513 2507 1541 2539 a
1567 2491 1643 2540 die
1668 2492 1742 2539 sui
1768 2492 1938 2539 introi-

156 2582 232 2626 tus
259 2593 287 2625 a
316 2576 568 2624 sanctitate
597 2591 683 2623 sua
712 2575 774 2623 ad
803 2574 940 2638 pedis
968 2574 1188 2622 osculum
1220 2574 1564 2623 convenienter
1592 2591 1735 2639 posse
1770 2575 1935 2639 recipi,

155 2661 363 2709 maxime
386 2676 496 2708 cum
517 2660 565 2707 id
586 2659 702 2708 alias
730 2663 778 2707 et
801 2674 958 2722 nuper
986 2658 1131 2707 fuerit
1158 2658 1206 2705 in
1234 2658 1356 2707 duce
1388 2658 1683 2706 Ferrariensi
1711 2658 1938 2707 observa-

157 2750 278 2802 tum,
302 2744 382 2807 qui
411 2743 542 2807 prius
573 2743 633 2791 ad
665 2741 909 2807 pontificis
940 2742 1236 2806 presentiam
1268 2741 1397 2790 venit
1432 2757 1577 2804 quam
1610 2741 1821 2805 hospitio
1850 2757 1936 2790 suo

158 2826 469 2890 reciperetur.
496 2825 679 2874 Placuit
701 2825 948 2874 Sanctitati
971 2841 1055 2873 sue
1083 2841 1194 2873 mea
1217 2825 1345 2873 circa
1364 2825 1575 2889 primum
1607 2825 1864 2884 sententia,
1892 2830 1938 2874 et

159 2908 452 2957 cardinalem
478 2909 928 2957 vicecancellarium
959 2913 1006 2957 et
1037 2909 1214 2956 Montis
1248 2908 1440 2972 Regalis
1474 2908 1832 2972 condeputavit,
1857 2909 1937 2972 qui

162 2991 302 3039 simul
323 2992 503 3040 dictum
523 2993 793 3057 principem
813 2993 1088 3041 venientem
1110 2996 1244 3040 extra
1262 2997 1451 3056 portam
1469 2992 1738 3041 Asinariam
1756 2993 1940 3057 recipe-

161 3079 269 3123 rent
298 3082 346 3124 et
374 3091 510 3123 more
547 3077 687 3124 solito
726 3076 1051 3124 associarent:
1084 3076 1213 3124 circa
1240 3076 1526 3135 secundum,
1557 3076 1669 3140 quia
1698 3077 1940 3125 dominica

167 3157 242 3204 die
269 3161 297 3205 9
326 3158 470 3223 hujus
502 3160 683 3208 mensis
712 3160 869 3208 dictus
896 3160 1122 3224 princeps
1152 3164 1282 3208 esset
1314 3160 1493 3208 Urbem
1530 3161 1813 3219 intraturus,
1846 3176 1939 3223 qua

164 3255 321 3302 neque
347 3242 492 3291 missa
521 3259 678 3306 neque
704 3259 864 3292 sermo
891 3243 1234 3292 convenienter
1255 3243 1408 3291 omitti
1438 3248 1654 3307 possent,
1680 3244 1843 3307 sicque
1869 3243 1939 3289 vix

165 3323 226 3371 ad
251 3339 339 3370 ΧΧῙ
364 3322 535 3372 horam
559 3327 716 3390 ipsum
747 3328 895 3391 recipi
929 3330 1093 3391 posset
1122 3327 1171 3374 in
1198 3331 1338 3390 porta
1371 3332 1418 3375 et
1452 3327 1624 3375 deinde
1658 3332 1849 3390 tempus
1880 3325 1939 3373 ad

164 3405 393 3471 palatium
412 3407 650 3467 veniendi,
675 3415 723 3459 et
743 3427 803 3459 ex
819 3415 927 3475 post
948 3427 1059 3460 eum
1081 3411 1142 3459 ad
1162 3411 1419 3475 Apostolos
1441 3410 1521 3457 ubi
1543 3414 1671 3458 esset
1689 3408 1938 3471 hospitan-

167 3489 274 3548 dus,
319 3490 588 3539 associandi
609 3507 912 3555 nequaquam
939 3495 1184 3546 sufficere,
1215 3495 1302 3541 sibi
1326 3494 1477 3542 visum
1510 3498 1583 3542 est
1609 3493 1767 3555 potius
1789 3489 1932 3552 quod.
