<?xml version="1.0" encoding="UTF-8"?>
<!DOCTYPE html PUBLIC "-//W3C//DTD XHTML 1.0 Transitional//EN"
    "http://www.w3.org/TR/xhtml1/DTD/xhtml1-transitional.dtd">
<html xmlns="http://www.w3.org/1999/xhtml" xml:lang="en" lang="en">
 <head>
  <title>
</title>
<meta http-equiv="Content-Type" content="text/html;charset=utf-8" />
  <meta name='ocr-system' content='tesseract 3.04.00' />
  <meta name='ocr-capabilities' content='ocr_page ocr_carea ocr_par ocr_line ocrx_word'/>
</head>
<body>
  <div class='ocr_page' id='page_1' title='image "./diariumsivererum02burcuoft_0104.png"; bbox 0 0 2202 3926; ppageno 0'>
   <div class='ocr_carea' id='block_1_1' title="bbox 308 337 2090 384">
    <p class='ocr_par' dir='ltr' id='par_1_1' title="bbox 308 337 2090 384">
     <span class='ocr_line' id='line_1_1' title="bbox 308 337 2090 384; baseline -0.001 -6"><span class='ocrx_word' id='word_1_1' title='bbox 308 342 354 378; x_wconf 78' lang='lat'>92</span> <span class='ocrx_word' id='word_1_2' title='bbox 915 337 1148 375; x_wconf 85' lang='lat' dir='ltr'>JOHANNIS</span> <span class='ocrx_word' id='word_1_3' title='bbox 1183 337 1479 384; x_wconf 83' lang='lat' dir='ltr'>BURCHARDI,</span> <span class='ocrx_word' id='word_1_4' title='bbox 1867 343 1974 382; x_wconf 84' lang='lat' dir='ltr'>[Mars</span> <span class='ocrx_word' id='word_1_5' title='bbox 1994 345 2090 384; x_wconf 77' lang='lat'><strong>1494]</strong></span> 
     </span>
    </p>
   </div>
   <div class='ocr_carea' id='block_1_2' title="bbox 296 442 2087 3353">
    <p class='ocr_par' dir='ltr' id='par_1_2' title="bbox 302 442 2087 1748">
     <span class='ocr_line' id='line_1_2' title="bbox 309 442 2086 507; baseline 0.001 -14"><span class='ocrx_word' id='word_1_6' title='bbox 309 445 433 494; x_wconf 91' lang='lat' dir='ltr'>libus</span> <span class='ocrx_word' id='word_1_7' title='bbox 459 443 749 507; x_wconf 79' lang='lat' dir='ltr'>allegassent</span> <span class='ocrx_word' id='word_1_8' title='bbox 783 458 860 491; x_wconf 90' lang='lat' dir='ltr'>me</span> <span class='ocrx_word' id='word_1_9' title='bbox 891 442 1066 490; x_wconf 80' lang='lat' dir='ltr'><strong>dixisse</strong></span> <span class='ocrx_word' id='word_1_10' title='bbox 1102 458 1161 490; x_wconf 87' lang='lat' dir='ltr'>ex</span> <span class='ocrx_word' id='word_1_11' title='bbox 1192 443 1455 491; x_wconf 87' lang='lat' dir='ltr'>rationibus</span> <span class='ocrx_word' id='word_1_12' title='bbox 1490 442 1709 506; x_wconf 89' lang='lat' dir='ltr'>superius</span> <span class='ocrx_word' id='word_1_13' title='bbox 1739 459 1827 507; x_wconf 89' lang='lat' dir='ltr'>per</span> <span class='ocrx_word' id='word_1_14' title='bbox 1863 460 1941 492; x_wconf 91' lang='lat' dir='ltr'>me</span> <span class='ocrx_word' id='word_1_15' title='bbox 1969 446 2086 494; x_wconf 91' lang='lat' dir='ltr'>alle-</span> 
     </span>
     <span class='ocr_line' id='line_1_3' title="bbox 309 526 2087 593; baseline 0 -16"><span class='ocrx_word' id='word_1_16' title='bbox 309 529 451 593; x_wconf 85' lang='lat' dir='ltr'>gatis,</span> <span class='ocrx_word' id='word_1_17' title='bbox 485 527 673 575; x_wconf 87' lang='lat' dir='ltr'>obviam</span> <span class='ocrx_word' id='word_1_18' title='bbox 707 526 977 575; x_wconf 88' lang='lat' dir='ltr'>oratoribus</span> <span class='ocrx_word' id='word_1_19' title='bbox 1011 527 1125 590; x_wconf 92' lang='lat' dir='ltr'>ipsis</span> <span class='ocrx_word' id='word_1_20' title='bbox 1158 543 1255 575; x_wconf 84' lang='lat' dir='ltr'>non</span> <span class='ocrx_word' id='word_1_21' title='bbox 1296 543 1402 574; x_wconf 91' lang='lat' dir='ltr'>esse</span> <span class='ocrx_word' id='word_1_22' title='bbox 1439 526 1487 573; x_wconf 89' lang='lat' dir='ltr'>in</span> <span class='ocrx_word' id='word_1_23' title='bbox 1521 542 1698 589; x_wconf 81' lang='lat' dir='ltr'>genere</span> <span class='ocrx_word' id='word_1_24' title='bbox 1733 527 1962 587; x_wconf 89' lang='lat' dir='ltr'>eundum,</span> <span class='ocrx_word' id='word_1_25' title='bbox 2001 530 2087 577; x_wconf 90' lang='lat' dir='ltr'>sed</span> 
     </span>
     <span class='ocr_line' id='line_1_4' title="bbox 306 610 2085 674; baseline -0.001 -12"><span class='ocrx_word' id='word_1_26' title='bbox 306 611 639 663; x_wconf 87' lang='lat' dir='ltr'>tantummodo</span> <span class='ocrx_word' id='word_1_27' title='bbox 669 626 757 674; x_wconf 91' lang='lat' dir='ltr'>per</span> <span class='ocrx_word' id='word_1_28' title='bbox 783 610 1096 673; x_wconf 78' lang='lat' dir='ltr'>particulares</span> <span class='ocrx_word' id='word_1_29' title='bbox 1125 611 1326 669; x_wconf 79' lang='lat' dir='ltr'>amicos,</span> <span class='ocrx_word' id='word_1_30' title='bbox 1350 610 1598 673; x_wconf 88' lang='lat' dir='ltr'>respondit</span> <span class='ocrx_word' id='word_1_31' title='bbox 1617 611 1832 674; x_wconf 86' lang='lat' dir='ltr'>pontifex</span> <span class='ocrx_word' id='word_1_32' title='bbox 1858 628 1936 661; x_wconf 91' lang='lat' dir='ltr'>me</span> <span class='ocrx_word' id='word_1_33' title='bbox 1965 614 2085 662; x_wconf 89' lang='lat' dir='ltr'>nihil</span> 
     </span>
     <span class='ocr_line' id='line_1_5' title="bbox 306 692 2084 760; baseline 0 -15"><span class='ocrx_word' id='word_1_34' title='bbox 306 698 445 756; x_wconf 90' lang='lat' dir='ltr'>scire,</span> <span class='ocrx_word' id='word_1_35' title='bbox 472 700 518 744; x_wconf 93' lang='lat' dir='ltr'>et</span> <span class='ocrx_word' id='word_1_36' title='bbox 540 695 746 743; x_wconf 88' lang='lat' dir='ltr'>decrevit</span> <span class='ocrx_word' id='word_1_37' title='bbox 769 694 899 757; x_wconf 89' lang='lat' dir='ltr'>quod</span> <span class='ocrx_word' id='word_1_38' title='bbox 926 710 1012 741; x_wconf 91' lang='lat' dir='ltr'>sua</span> <span class='ocrx_word' id='word_1_39' title='bbox 1033 699 1081 742; x_wconf 92' lang='lat' dir='ltr'>et</span> <span class='ocrx_word' id='word_1_40' title='bbox 1102 694 1318 742; x_wconf 89' lang='lat' dir='ltr'>omnium</span> <span class='ocrx_word' id='word_1_41' title='bbox 1341 692 1656 742; x_wconf 78' lang='lat' dir='ltr'>cardinalium</span> <span class='ocrx_word' id='word_1_42' title='bbox 1684 694 1863 744; x_wconf 86' lang='lat' dir='ltr'>familie</span> <span class='ocrx_word' id='word_1_43' title='bbox 1885 697 2084 760; x_wconf 88' lang='lat' dir='ltr'>prefatis</span> 
     </span>
     <span class='ocr_line' id='line_1_6' title="bbox 309 776 2087 841; baseline 0 -13"><span class='ocrx_word' id='word_1_44' title='bbox 309 779 579 829; x_wconf 88' lang='lat' dir='ltr'>oratoribus</span> <span class='ocrx_word' id='word_1_45' title='bbox 598 777 786 826; x_wconf 89' lang='lat' dir='ltr'>obviam</span> <span class='ocrx_word' id='word_1_46' title='bbox 807 776 1131 837; x_wconf 79' lang='lat' dir='ltr'>mitterentur,</span> <span class='ocrx_word' id='word_1_47' title='bbox 1150 780 1294 841; x_wconf 89' lang='lat' dir='ltr'>prout</span> <span class='ocrx_word' id='word_1_48' title='bbox 1310 776 1484 825; x_wconf 89' lang='lat' dir='ltr'>ceteris</span> <span class='ocrx_word' id='word_1_49' title='bbox 1502 777 1831 841; x_wconf 87' lang='lat' dir='ltr'>potentatibus</span> <span class='ocrx_word' id='word_1_50' title='bbox 1853 778 1957 827; x_wconf 89' lang='lat' dir='ltr'>fieri</span> <span class='ocrx_word' id='word_1_51' title='bbox 1972 795 2087 828; x_wconf 91' lang='lat' dir='ltr'>con—</span> 
     </span>
     <span class='ocr_line' id='line_1_7' title="bbox 309 860 2086 925; baseline 0 -14"><span class='ocrx_word' id='word_1_52' title='bbox 309 862 478 911; x_wconf 90' lang='lat' dir='ltr'>suevit.</span> <span class='ocrx_word' id='word_1_53' title='bbox 511 861 804 910; x_wconf 84' lang='lat' dir='ltr'>Intrantibus</span> <span class='ocrx_word' id='word_1_54' title='bbox 840 860 982 924; x_wconf 88' lang='lat' dir='ltr'>igitur</span> <span class='ocrx_word' id='word_1_55' title='bbox 1011 860 1140 909; x_wconf 88' lang='lat' dir='ltr'>circa</span> <span class='ocrx_word' id='word_1_56' title='bbox 1162 860 1335 909; x_wconf 91' lang='lat' dir='ltr'>horam</span> <span class='ocrx_word' id='word_1_57' title='bbox 1359 877 1439 908; x_wconf 68' lang='lat' dir='ltr'>xm</span> <span class='ocrx_word' id='word_1_58' title='bbox 1467 877 1554 925; x_wconf 92' lang='lat' dir='ltr'>per</span> <span class='ocrx_word' id='word_1_59' title='bbox 1578 866 1767 925; x_wconf 87' lang='lat' dir='ltr'>portam</span> <span class='ocrx_word' id='word_1_60' title='bbox 1795 865 2086 912; x_wconf 87' lang='lat' dir='ltr'>Lateranen—</span> 
     </span>
     <span class='ocr_line' id='line_1_8' title="bbox 306 944 2084 1011; baseline 0.001 -17"><span class='ocrx_word' id='word_1_61' title='bbox 306 962 426 1006; x_wconf 90' lang='lat' dir='ltr'>sem,</span> <span class='ocrx_word' id='word_1_62' title='bbox 450 945 722 994; x_wconf 83' lang='lat' dir='ltr'>Asinariam</span> <span class='ocrx_word' id='word_1_63' title='bbox 739 948 1084 1008; x_wconf 90' lang='lat' dir='ltr'>nuncupatam,</span> <span class='ocrx_word' id='word_1_64' title='bbox 1109 948 1163 992; x_wconf 84' lang='lat' dir='ltr'>R.</span> <span class='ocrx_word' id='word_1_65' title='bbox 1188 944 1236 992; x_wconf 93' lang='lat' dir='ltr'>in</span> <span class='ocrx_word' id='word_1_66' title='bbox 1257 944 1443 993; x_wconf 88' lang='lat' dir='ltr'>Christo</span> <span class='ocrx_word' id='word_1_67' title='bbox 1463 947 1515 992; x_wconf 90' lang='lat' dir='ltr'>P.</span> <span class='ocrx_word' id='word_1_68' title='bbox 1541 947 1599 992; x_wconf 88' lang='lat' dir='ltr'>D.</span> <span class='ocrx_word' id='word_1_69' title='bbox 1617 948 1798 1004; x_wconf 87' lang='lat' dir='ltr'>Marco,</span> <span class='ocrx_word' id='word_1_70' title='bbox 1823 946 2084 1011; x_wconf 90' lang='lat' dir='ltr'>archiepis-</span> 
     </span>
     <span class='ocr_line' id='line_1_9' title="bbox 304 1028 2081 1094; baseline 0.001 -16"><span class='ocrx_word' id='word_1_71' title='bbox 304 1046 426 1094; x_wconf 90' lang='lat' dir='ltr'>copo</span> <span class='ocrx_word' id='word_1_72' title='bbox 448 1029 718 1087; x_wconf 87' lang='lat' dir='ltr'>Colocensi,</span> <span class='ocrx_word' id='word_1_73' title='bbox 744 1033 790 1076; x_wconf 91' lang='lat' dir='ltr'>et</span> <span class='ocrx_word' id='word_1_74' title='bbox 808 1028 1078 1092; x_wconf 89' lang='lat' dir='ltr'>magnificis</span> <span class='ocrx_word' id='word_1_75' title='bbox 1099 1033 1146 1077; x_wconf 92' lang='lat' dir='ltr'>et</span> <span class='ocrx_word' id='word_1_76' title='bbox 1166 1028 1404 1092; x_wconf 85' lang='lat' dir='ltr'>religiosis</span> <span class='ocrx_word' id='word_1_77' title='bbox 1423 1028 1648 1077; x_wconf 86' lang='lat' dir='ltr'>fratribus</span> <span class='ocrx_word' id='word_1_78' title='bbox 1671 1032 1728 1077; x_wconf 90' lang='lat' dir='ltr'>D.</span> <span class='ocrx_word' id='word_1_79' title='bbox 1750 1032 1890 1078; x_wconf 89' lang='lat' dir='ltr'>Petro</span> <span class='ocrx_word' id='word_1_80' title='bbox 1907 1030 2081 1092; x_wconf 91' lang='lat' dir='ltr'>Stoler,</span> 
     </span>
     <span class='ocr_line' id='line_1_10' title="bbox 306 1111 2084 1178; baseline 0.002 -17"><span class='ocrx_word' id='word_1_81' title='bbox 306 1129 483 1177; x_wconf 91' lang='lat' dir='ltr'>magno</span> <span class='ocrx_word' id='word_1_82' title='bbox 504 1112 660 1161; x_wconf 91' lang='lat' dir='ltr'>balivo</span> <span class='ocrx_word' id='word_1_83' title='bbox 681 1111 983 1172; x_wconf 87' lang='lat' dir='ltr'>Alemannie,</span> <span class='ocrx_word' id='word_1_84' title='bbox 1003 1116 1050 1160; x_wconf 92' lang='lat' dir='ltr'>et</span> <span class='ocrx_word' id='word_1_85' title='bbox 1065 1113 1359 1176; x_wconf 91' lang='lat' dir='ltr'>Berengario</span> <span class='ocrx_word' id='word_1_86' title='bbox 1381 1113 1541 1176; x_wconf 89' lang='lat' dir='ltr'>Xantij</span> <span class='ocrx_word' id='word_1_87' title='bbox 1561 1113 1620 1161; x_wconf 91' lang='lat' dir='ltr'>de</span> <span class='ocrx_word' id='word_1_88' title='bbox 1639 1115 1905 1177; x_wconf 89' lang='lat' dir='ltr'>Barospen,</span> <span class='ocrx_word' id='word_1_89' title='bbox 1924 1114 2084 1178; x_wconf 89' lang='lat' dir='ltr'>priore</span> 
     </span>
     <span class='ocr_line' id='line_1_11' title="bbox 303 1195 2083 1262; baseline 0.001 -17"><span class='ocrx_word' id='word_1_90' title='bbox 303 1200 528 1257; x_wconf 87' lang='lat' dir='ltr'>Navarre,</span> <span class='ocrx_word' id='word_1_91' title='bbox 559 1195 794 1244; x_wconf 89' lang='lat' dir='ltr'>militibus</span> <span class='ocrx_word' id='word_1_92' title='bbox 827 1195 1007 1244; x_wconf 89' lang='lat' dir='ltr'>ordinis</span> <span class='ocrx_word' id='word_1_93' title='bbox 1036 1212 1074 1243; x_wconf 91' lang='lat' dir='ltr'>s.</span> <span class='ocrx_word' id='word_1_94' title='bbox 1098 1196 1331 1244; x_wconf 87' lang='lat' dir='ltr'>Johannis</span> <span class='ocrx_word' id='word_1_95' title='bbox 1362 1196 1802 1262; x_wconf 84' lang='lat' dir='ltr'>Hierosolymitani,</span> <span class='ocrx_word' id='word_1_96' title='bbox 1828 1197 2083 1246; x_wconf 88' lang='lat' dir='ltr'>cardinalis</span> 
     </span>
     <span class='ocr_line' id='line_1_12' title="bbox 303 1279 2079 1344; baseline 0.001 -16"><span class='ocrx_word' id='word_1_97' title='bbox 303 1284 350 1328; x_wconf 87' lang='lat' dir='ltr'>et</span> <span class='ocrx_word' id='word_1_98' title='bbox 382 1279 603 1344; x_wconf 90' lang='lat' dir='ltr'>ejusdem</span> <span class='ocrx_word' id='word_1_99' title='bbox 631 1279 812 1327; x_wconf 89' lang='lat' dir='ltr'>ordinis</span> <span class='ocrx_word' id='word_1_100' title='bbox 845 1280 1007 1343; x_wconf 89' lang='lat' dir='ltr'>magni</span> <span class='ocrx_word' id='word_1_101' title='bbox 1035 1280 1251 1343; x_wconf 86' lang='lat' dir='ltr'>magistri</span> <span class='ocrx_word' id='word_1_102' title='bbox 1285 1280 1546 1343; x_wconf 82' lang='lat' dir='ltr'>supradicti</span> <span class='ocrx_word' id='word_1_103' title='bbox 1581 1281 1850 1329; x_wconf 90' lang='lat' dir='ltr'>oratoribus</span> <span class='ocrx_word' id='word_1_104' title='bbox 1884 1281 2079 1342; x_wconf 88' lang='lat' dir='ltr'>Urbem,</span> 
     </span>
     <span class='ocr_line' id='line_1_13' title="bbox 304 1364 2079 1428; baseline 0.001 -16"><span class='ocrx_word' id='word_1_105' title='bbox 304 1364 494 1412; x_wconf 89' lang='lat' dir='ltr'>obviam</span> <span class='ocrx_word' id='word_1_106' title='bbox 523 1369 761 1413; x_wconf 88' lang='lat' dir='ltr'>venerunt</span> <span class='ocrx_word' id='word_1_107' title='bbox 794 1364 973 1412; x_wconf 88' lang='lat' dir='ltr'>familie</span> <span class='ocrx_word' id='word_1_108' title='bbox 1014 1380 1106 1427; x_wconf 89' lang='lat' dir='ltr'>que</span> <span class='ocrx_word' id='word_1_109' title='bbox 1149 1380 1231 1412; x_wconf 91' lang='lat' dir='ltr'>eos</span> <span class='ocrx_word' id='word_1_110' title='bbox 1272 1367 1558 1428; x_wconf 90' lang='lat' dir='ltr'>receperunt</span> <span class='ocrx_word' id='word_1_111' title='bbox 1598 1369 1645 1413; x_wconf 91' lang='lat' dir='ltr'>et</span> <span class='ocrx_word' id='word_1_112' title='bbox 1679 1380 1766 1428; x_wconf 89' lang='lat' dir='ltr'>per</span> <span class='ocrx_word' id='word_1_113' title='bbox 1795 1365 2079 1425; x_wconf 89' lang='lat' dir='ltr'>Colisseum,</span> 
     </span>
     <span class='ocr_line' id='line_1_14' title="bbox 303 1447 2084 1513; baseline 0 -17"><span class='ocrx_word' id='word_1_114' title='bbox 303 1453 520 1496; x_wconf 86' lang='lat' dir='ltr'>sanctam</span> <span class='ocrx_word' id='word_1_115' title='bbox 542 1448 742 1496; x_wconf 89' lang='lat' dir='ltr'>Mariam</span> <span class='ocrx_word' id='word_1_116' title='bbox 767 1463 957 1507; x_wconf 89' lang='lat' dir='ltr'>novam,</span> <span class='ocrx_word' id='word_1_117' title='bbox 983 1447 1285 1495; x_wconf 89' lang='lat' dir='ltr'>Peliciariam</span> <span class='ocrx_word' id='word_1_118' title='bbox 1314 1450 1422 1495; x_wconf 92' lang='lat' dir='ltr'>ante</span> <span class='ocrx_word' id='word_1_119' title='bbox 1445 1447 1642 1495; x_wconf 90' lang='lat' dir='ltr'>domum</span> <span class='ocrx_word' id='word_1_120' title='bbox 1669 1447 1727 1495; x_wconf 94' lang='lat' dir='ltr'>de</span> <span class='ocrx_word' id='word_1_121' title='bbox 1755 1448 1975 1496; x_wconf 83' lang='lat' dir='ltr'>Maximis</span> <span class='ocrx_word' id='word_1_122' title='bbox 1995 1464 2084 1513; x_wconf 89' lang='lat' dir='ltr'>per</span> 
     </span>
     <span class='ocr_line' id='line_1_15' title="bbox 303 1531 2083 1596; baseline 0.001 -16"><span class='ocrx_word' id='word_1_123' title='bbox 303 1548 527 1596; x_wconf 92' lang='lat' dir='ltr'>campum</span> <span class='ocrx_word' id='word_1_124' title='bbox 553 1533 692 1581; x_wconf 88' lang='lat' dir='ltr'>Flore</span> <span class='ocrx_word' id='word_1_125' title='bbox 723 1532 783 1580; x_wconf 92' lang='lat' dir='ltr'>ad</span> <span class='ocrx_word' id='word_1_126' title='bbox 813 1532 1010 1580; x_wconf 92' lang='lat' dir='ltr'>domum</span> <span class='ocrx_word' id='word_1_127' title='bbox 1042 1532 1165 1580; x_wconf 91' lang='lat' dir='ltr'>Rmi.</span> <span class='ocrx_word' id='word_1_128' title='bbox 1201 1535 1258 1579; x_wconf 89' lang='lat' dir='ltr'>D.</span> <span class='ocrx_word' id='word_1_129' title='bbox 1289 1531 1543 1580; x_wconf 89' lang='lat' dir='ltr'>cardinalis</span> <span class='ocrx_word' id='word_1_130' title='bbox 1575 1531 1963 1594; x_wconf 88' lang='lat' dir='ltr'>Burdegalensis,</span> <span class='ocrx_word' id='word_1_131' title='bbox 1989 1548 2083 1595; x_wconf 77' lang='lat' dir='ltr'>que</span> 
     </span>
     <span class='ocr_line' id='line_1_16' title="bbox 302 1614 2062 1679; baseline -0.001 -16"><span class='ocrx_word' id='word_1_132' title='bbox 302 1616 417 1663; x_wconf 91' lang='lat' dir='ltr'>olim</span> <span class='ocrx_word' id='word_1_133' title='bbox 439 1616 527 1664; x_wconf 83' lang='lat' dir='ltr'>fuit</span> <span class='ocrx_word' id='word_1_134' title='bbox 545 1616 802 1664; x_wconf 90' lang='lat' dir='ltr'>cardinalis</span> <span class='ocrx_word' id='word_1_135' title='bbox 823 1615 1203 1678; x_wconf 88' lang='lat' dir='ltr'>Andegavensis,</span> <span class='ocrx_word' id='word_1_136' title='bbox 1227 1615 1274 1662; x_wconf 92' lang='lat' dir='ltr'>in</span> <span class='ocrx_word' id='word_1_137' title='bbox 1298 1631 1392 1679; x_wconf 89' lang='lat' dir='ltr'>qua</span> <span class='ocrx_word' id='word_1_138' title='bbox 1411 1615 1644 1679; x_wconf 90' lang='lat' dir='ltr'>hospitari</span> <span class='ocrx_word' id='word_1_139' title='bbox 1661 1614 1933 1674; x_wconf 91' lang='lat' dir='ltr'>voluerunt,</span> <span class='ocrx_word' id='word_1_140' title='bbox 1953 1631 2062 1663; x_wconf 87' lang='lat' dir='ltr'>asso</span> 
     </span>
     <span class='ocr_line' id='line_1_17' title="bbox 302 1699 967 1748; baseline 0 -2"><span class='ocrx_word' id='word_1_141' title='bbox 302 1699 410 1747; x_wconf 88' lang='lat' dir='ltr'>ciati</span> <span class='ocrx_word' id='word_1_142' title='bbox 432 1699 625 1747; x_wconf 89' lang='lat' dir='ltr'>fuerunt</span> <span class='ocrx_word' id='word_1_143' title='bbox 651 1714 786 1748; x_wconf 90' lang='lat' dir='ltr'>more</span> <span class='ocrx_word' id='word_1_144' title='bbox 809 1699 967 1747; x_wconf 89' lang='lat' dir='ltr'>solito.</span> 
     </span>
    </p>

    <p class='ocr_par' dir='ltr' id='par_1_3' title="bbox 296 1783 2085 2434">
     <span class='ocr_line' id='line_1_18' title="bbox 364 1783 2085 1848; baseline 0.001 -17"><span class='ocrx_word' id='word_1_145' title='bbox 364 1783 771 1848; x_wconf 87' lang='lat' dir='ltr'>Archiepiscopus</span> <span class='ocrx_word' id='word_1_146' title='bbox 819 1783 1114 1841; x_wconf 90' lang='lat' dir='ltr'>Colocensis,</span> <span class='ocrx_word' id='word_1_147' title='bbox 1163 1783 1347 1847; x_wconf 89' lang='lat' dir='ltr'>primus</span> <span class='ocrx_word' id='word_1_148' title='bbox 1380 1789 1561 1843; x_wconf 90' lang='lat' dir='ltr'>orator,</span> <span class='ocrx_word' id='word_1_149' title='bbox 1608 1783 1696 1832; x_wconf 88' lang='lat' dir='ltr'>fuit</span> <span class='ocrx_word' id='word_1_150' title='bbox 1730 1784 1919 1832; x_wconf 90' lang='lat' dir='ltr'>medius</span> <span class='ocrx_word' id='word_1_151' title='bbox 1958 1784 2085 1833; x_wconf 82' lang='lat' dir='ltr'>inter</span> 
     </span>
     <span class='ocr_line' id='line_1_19' title="bbox 300 1867 2083 1932; baseline 0 -16"><span class='ocrx_word' id='word_1_152' title='bbox 300 1867 719 1931; x_wconf 89' lang='lat' dir='ltr'>archiepiscopum</span> <span class='ocrx_word' id='word_1_153' title='bbox 753 1867 1069 1930; x_wconf 89' lang='lat' dir='ltr'>Ragusinum,</span> <span class='ocrx_word' id='word_1_154' title='bbox 1098 1871 1145 1915; x_wconf 92' lang='lat' dir='ltr'>et</span> <span class='ocrx_word' id='word_1_155' title='bbox 1173 1867 1456 1931; x_wconf 85' lang='lat' dir='ltr'>episcopum</span> <span class='ocrx_word' id='word_1_156' title='bbox 1488 1868 1899 1916; x_wconf 88' lang='lat' dir='ltr'>Concordiensem</span> <span class='ocrx_word' id='word_1_157' title='bbox 1923 1868 2083 1932; x_wconf 89' lang='lat' dir='ltr'>prela—</span> 
     </span>
     <span class='ocr_line' id='line_1_20' title="bbox 299 1949 2084 2013; baseline 0 -14"><span class='ocrx_word' id='word_1_158' title='bbox 299 1954 372 1999; x_wconf 91' lang='lat' dir='ltr'>tos</span> <span class='ocrx_word' id='word_1_159' title='bbox 400 1949 591 2013; x_wconf 89' lang='lat' dir='ltr'>palatii;</span> <span class='ocrx_word' id='word_1_160' title='bbox 617 1949 800 1998; x_wconf 88' lang='lat' dir='ltr'>balivus</span> <span class='ocrx_word' id='word_1_161' title='bbox 830 1949 1098 2010; x_wconf 92' lang='lat' dir='ltr'>Alemanie,</span> <span class='ocrx_word' id='word_1_162' title='bbox 1128 1951 1369 1999; x_wconf 90' lang='lat' dir='ltr'>secundus</span> <span class='ocrx_word' id='word_1_163' title='bbox 1401 1954 1579 2011; x_wconf 84' lang='lat' dir='ltr'>orator,</span> <span class='ocrx_word' id='word_1_164' title='bbox 1619 1951 1707 1998; x_wconf 90' lang='lat' dir='ltr'>fuit</span> <span class='ocrx_word' id='word_1_165' title='bbox 1736 1951 1924 1999; x_wconf 90' lang='lat' dir='ltr'>medius</span> <span class='ocrx_word' id='word_1_166' title='bbox 1957 1951 2084 2000; x_wconf 83' lang='lat' dir='ltr'>inter</span> 
     </span>
     <span class='ocr_line' id='line_1_21' title="bbox 299 2033 2074 2099; baseline 0 -17"><span class='ocrx_word' id='word_1_167' title='bbox 299 2033 701 2097; x_wconf 86' lang='lat' dir='ltr'>Segobricensem</span> <span class='ocrx_word' id='word_1_168' title='bbox 723 2037 770 2081; x_wconf 87' lang='lat' dir='ltr'>et</span> <span class='ocrx_word' id='word_1_169' title='bbox 790 2033 1196 2083; x_wconf 88' lang='lat' dir='ltr'>Vulteranensem</span> <span class='ocrx_word' id='word_1_170' title='bbox 1218 2035 1472 2099; x_wconf 91' lang='lat' dir='ltr'>episcopos</span> <span class='ocrx_word' id='word_1_171' title='bbox 1492 2035 1638 2083; x_wconf 89' lang='lat' dir='ltr'>etiam</span> <span class='ocrx_word' id='word_1_172' title='bbox 1659 2035 1870 2099; x_wconf 88' lang='lat' dir='ltr'>prelatos</span> <span class='ocrx_word' id='word_1_173' title='bbox 1889 2035 2074 2099; x_wconf 86' lang='lat' dir='ltr'>palatii;</span> 
     </span>
     <span class='ocr_line' id='line_1_22' title="bbox 297 2116 2079 2181; baseline 0.001 -17"><span class='ocrx_word' id='word_1_174' title='bbox 297 2116 466 2165; x_wconf 89' lang='lat' dir='ltr'>tertius</span> <span class='ocrx_word' id='word_1_175' title='bbox 488 2116 575 2164; x_wconf 88' lang='lat' dir='ltr'>fuit</span> <span class='ocrx_word' id='word_1_176' title='bbox 598 2116 725 2165; x_wconf 91' lang='lat' dir='ltr'>inter</span> <span class='ocrx_word' id='word_1_177' title='bbox 755 2116 874 2164; x_wconf 92' lang='lat' dir='ltr'>duos</span> <span class='ocrx_word' id='word_1_178' title='bbox 897 2117 1016 2165; x_wconf 89' lang='lat' dir='ltr'>alios</span> <span class='ocrx_word' id='word_1_179' title='bbox 1037 2118 1248 2181; x_wconf 89' lang='lat' dir='ltr'>prelatos</span> <span class='ocrx_word' id='word_1_180' title='bbox 1275 2118 1436 2181; x_wconf 91' lang='lat' dir='ltr'>palatii</span> <span class='ocrx_word' id='word_1_181' title='bbox 1466 2134 1585 2181; x_wconf 91' lang='lat' dir='ltr'>quos</span> <span class='ocrx_word' id='word_1_182' title='bbox 1615 2118 1766 2166; x_wconf 86' lang='lat' dir='ltr'>secuti</span> <span class='ocrx_word' id='word_1_183' title='bbox 1791 2123 1902 2166; x_wconf 91' lang='lat' dir='ltr'>sunt</span> <span class='ocrx_word' id='word_1_184' title='bbox 1931 2118 2079 2167; x_wconf 87' lang='lat' dir='ltr'>ceteri</span> 
     </span>
     <span class='ocr_line' id='line_1_23' title="bbox 297 2199 2074 2264; baseline 0.001 -17"><span class='ocrx_word' id='word_1_185' title='bbox 297 2199 466 2264; x_wconf 86' lang='lat' dir='ltr'>prelati</span> <span class='ocrx_word' id='word_1_186' title='bbox 486 2199 585 2247; x_wconf 89' lang='lat' dir='ltr'>bini</span> <span class='ocrx_word' id='word_1_187' title='bbox 605 2205 652 2247; x_wconf 92' lang='lat' dir='ltr'>et</span> <span class='ocrx_word' id='word_1_188' title='bbox 679 2199 795 2248; x_wconf 86' lang='lat' dir='ltr'>bini.</span> <span class='ocrx_word' id='word_1_189' title='bbox 821 2200 985 2248; x_wconf 88' lang='lat' dir='ltr'>Nullus</span> <span class='ocrx_word' id='word_1_190' title='bbox 1017 2206 1262 2249; x_wconf 87' lang='lat' dir='ltr'>oratorum</span> <span class='ocrx_word' id='word_1_191' title='bbox 1292 2201 1341 2248; x_wconf 91' lang='lat' dir='ltr'>in</span> <span class='ocrx_word' id='word_1_192' title='bbox 1375 2217 1574 2249; x_wconf 88' lang='lat' dir='ltr'>romana</span> <span class='ocrx_word' id='word_1_193' title='bbox 1604 2202 1735 2250; x_wconf 87' lang='lat' dir='ltr'>curia</span> <span class='ocrx_word' id='word_1_194' title='bbox 1763 2204 2074 2250; x_wconf 84' lang='lat' dir='ltr'>existentium</span> 
     </span>
     <span class='ocr_line' id='line_1_24' title="bbox 296 2282 2077 2349; baseline 0.002 -19"><span class='ocrx_word' id='word_1_195' title='bbox 296 2283 422 2331; x_wconf 90' lang='lat' dir='ltr'>venit</span> <span class='ocrx_word' id='word_1_196' title='bbox 457 2282 525 2330; x_wconf 92' lang='lat' dir='ltr'>eis</span> <span class='ocrx_word' id='word_1_197' title='bbox 561 2282 766 2331; x_wconf 89' lang='lat' dir='ltr'>obviam.</span> <span class='ocrx_word' id='word_1_198' title='bbox 798 2285 899 2340; x_wconf 83' lang='lat' dir='ltr'>Que</span> <span class='ocrx_word' id='word_1_199' title='bbox 932 2284 991 2332; x_wconf 91' lang='lat' dir='ltr'>de</span> <span class='ocrx_word' id='word_1_200' title='bbox 1023 2285 1298 2348; x_wconf 88' lang='lat' dir='ltr'>receptione</span> <span class='ocrx_word' id='word_1_201' title='bbox 1337 2301 1523 2345; x_wconf 89' lang='lat' dir='ltr'>eorum,</span> <span class='ocrx_word' id='word_1_202' title='bbox 1554 2290 1774 2349; x_wconf 89' lang='lat' dir='ltr'>tempore</span> <span class='ocrx_word' id='word_1_203' title='bbox 1809 2287 2077 2335; x_wconf 83' lang='lat' dir='ltr'>Innocentii</span> 
     </span>
     <span class='ocr_line' id='line_1_25' title="bbox 299 2366 2074 2434; baseline 0.002 -20"><span class='ocrx_word' id='word_1_204' title='bbox 299 2366 520 2431; x_wconf 90' lang='lat' dir='ltr'>superius</span> <span class='ocrx_word' id='word_1_205' title='bbox 542 2366 657 2426; x_wconf 87' lang='lat' dir='ltr'>dixi,</span> <span class='ocrx_word' id='word_1_206' title='bbox 684 2371 791 2414; x_wconf 87' lang='lat' dir='ltr'>acta</span> <span class='ocrx_word' id='word_1_207' title='bbox 813 2371 922 2415; x_wconf 85' lang='lat' dir='ltr'>sunt</span> <span class='ocrx_word' id='word_1_208' title='bbox 949 2367 1025 2415; x_wconf 92' lang='lat' dir='ltr'>die</span> <span class='ocrx_word' id='word_1_209' title='bbox 1049 2371 1107 2416; x_wconf 75' lang='lat'>23</span> <span class='ocrx_word' id='word_1_210' title='bbox 1130 2368 1311 2415; x_wconf 90' lang='lat' dir='ltr'>mensis</span> <span class='ocrx_word' id='word_1_211' title='bbox 1332 2368 1541 2433; x_wconf 90' lang='lat' dir='ltr'>januarii</span> <span class='ocrx_word' id='word_1_212' title='bbox 1562 2370 1971 2419; x_wconf 86' lang='lat' dir='ltr'>MCCCCLXXXV</span> <span class='ocrx_word' id='word_1_213' title='bbox 1994 2374 2074 2434; x_wconf 89' lang='lat'><strong>(1).</strong></span> 
     </span>
    </p>

    <p class='ocr_par' dir='ltr' id='par_1_4' title="bbox 296 2450 2081 3353">
     <span class='ocr_line' id='line_1_26' title="bbox 364 2450 2075 2516; baseline 0.002 -19"><span class='ocrx_word' id='word_1_214' title='bbox 364 2450 501 2498; x_wconf 88' lang='lat' dir='ltr'>Feria</span> <span class='ocrx_word' id='word_1_215' title='bbox 517 2454 671 2509; x_wconf 88' lang='lat' dir='ltr'>sexta,</span> <span class='ocrx_word' id='word_1_216' title='bbox 686 2455 711 2497; x_wconf 93' lang='lat'><strong>7</strong></span> <span class='ocrx_word' id='word_1_217' title='bbox 726 2451 906 2499; x_wconf 91' lang='lat' dir='ltr'>mensis</span> <span class='ocrx_word' id='word_1_218' title='bbox 925 2451 1085 2499; x_wconf 87' lang='lat' dir='ltr'>martii</span> <span class='ocrx_word' id='word_1_219' title='bbox 1101 2467 1245 2516; x_wconf 88' lang='lat' dir='ltr'>supra</span> <span class='ocrx_word' id='word_1_220' title='bbox 1258 2452 1390 2510; x_wconf 87' lang='lat' dir='ltr'>dicti,</span> <span class='ocrx_word' id='word_1_221' title='bbox 1406 2452 1528 2500; x_wconf 89' lang='lat' dir='ltr'>festo</span> <span class='ocrx_word' id='word_1_222' title='bbox 1545 2468 1584 2499; x_wconf 91' lang='lat' dir='ltr'>s.</span> <span class='ocrx_word' id='word_1_223' title='bbox 1597 2452 1781 2500; x_wconf 91' lang='lat' dir='ltr'>Thome</span> <span class='ocrx_word' id='word_1_224' title='bbox 1797 2453 1856 2501; x_wconf 90' lang='lat' dir='ltr'>de</span> <span class='ocrx_word' id='word_1_225' title='bbox 1868 2453 2075 2516; x_wconf 89' lang='lat' dir='ltr'>Aquino,</span> 
     </span>
     <span class='ocr_line' id='line_1_27' title="bbox 298 2533 2077 2599; baseline 0.002 -18"><span class='ocrx_word' id='word_1_226' title='bbox 298 2537 354 2581; x_wconf 90' lang='lat' dir='ltr'>R.</span> <span class='ocrx_word' id='word_1_227' title='bbox 378 2534 427 2581; x_wconf 92' lang='lat' dir='ltr'>in</span> <span class='ocrx_word' id='word_1_228' title='bbox 446 2533 638 2582; x_wconf 86' lang='lat' dir='ltr'>Christo</span> <span class='ocrx_word' id='word_1_229' title='bbox 661 2536 713 2581; x_wconf 92' lang='lat' dir='ltr'>P.</span> <span class='ocrx_word' id='word_1_230' title='bbox 739 2536 797 2582; x_wconf 88' lang='lat' dir='ltr'>D.</span> <span class='ocrx_word' id='word_1_231' title='bbox 818 2537 981 2595; x_wconf 90' lang='lat' dir='ltr'>Josue,</span> <span class='ocrx_word' id='word_1_232' title='bbox 1012 2535 1271 2599; x_wconf 91' lang='lat' dir='ltr'>episcopus</span> <span class='ocrx_word' id='word_1_233' title='bbox 1292 2536 1577 2595; x_wconf 79' lang='lat' dir='ltr'>AsculanUS,</span> <span class='ocrx_word' id='word_1_234' title='bbox 1604 2535 1860 2584; x_wconf 86' lang='lat' dir='ltr'>celebravit</span> <span class='ocrx_word' id='word_1_235' title='bbox 1879 2537 2077 2584; x_wconf 88' lang='lat' dir='ltr'>missam</span> 
     </span>
     <span class='ocr_line' id='line_1_28' title="bbox 297 2617 2079 2667; baseline 0.001 -3"><span class='ocrx_word' id='word_1_236' title='bbox 297 2617 566 2665; x_wconf 91' lang='lat' dir='ltr'>solemnem</span> <span class='ocrx_word' id='word_1_237' title='bbox 585 2617 634 2664; x_wconf 92' lang='lat' dir='ltr'>in</span> <span class='ocrx_word' id='word_1_238' title='bbox 658 2618 865 2666; x_wconf 86' lang='lat' dir='ltr'>ecclesia</span> <span class='ocrx_word' id='word_1_239' title='bbox 885 2635 924 2666; x_wconf 89' lang='lat' dir='ltr'>s.</span> <span class='ocrx_word' id='word_1_240' title='bbox 946 2619 1094 2666; x_wconf 89' lang='lat' dir='ltr'>Marie</span> <span class='ocrx_word' id='word_1_241' title='bbox 1113 2619 1170 2667; x_wconf 87' lang='lat' dir='ltr'>de</span> <span class='ocrx_word' id='word_1_242' title='bbox 1189 2619 1402 2667; x_wconf 91' lang='lat' dir='ltr'>Minerva</span> <span class='ocrx_word' id='word_1_243' title='bbox 1413 2619 1471 2667; x_wconf 92' lang='lat' dir='ltr'>de</span> <span class='ocrx_word' id='word_1_244' title='bbox 1492 2619 1619 2667; x_wconf 92' lang='lat' dir='ltr'>dicto</span> <span class='ocrx_word' id='word_1_245' title='bbox 1640 2619 1764 2667; x_wconf 88' lang='lat' dir='ltr'>festo</span> <span class='ocrx_word' id='word_1_246' title='bbox 1786 2635 1897 2667; x_wconf 91' lang='lat' dir='ltr'>cum</span> <span class='ocrx_word' id='word_1_247' title='bbox 1917 2619 2079 2667; x_wconf 79' lang='lat' dir='ltr'>Gloria</span> 
     </span>
     <span class='ocr_line' id='line_1_29' title="bbox 296 2701 2081 2768; baseline 0.003 -21"><span class='ocrx_word' id='word_1_248' title='bbox 296 2701 346 2748; x_wconf 76' lang='lat' dir='ltr'>in</span> <span class='ocrx_word' id='word_1_249' title='bbox 368 2701 577 2760; x_wconf 71' lang='lat' dir='ltr'>excelsis,</span> <span class='ocrx_word' id='word_1_250' title='bbox 619 2701 770 2749; x_wconf 81' lang='lat' dir='ltr'>Credo</span> <span class='ocrx_word' id='word_1_251' title='bbox 802 2706 849 2749; x_wconf 91' lang='lat' dir='ltr'>et</span> <span class='ocrx_word' id='word_1_252' title='bbox 877 2702 1146 2766; x_wconf 85' lang='lat' dir='ltr'>prefatione</span> <span class='ocrx_word' id='word_1_253' title='bbox 1177 2703 1440 2763; x_wconf 90' lang='lat' dir='ltr'>communi,</span> <span class='ocrx_word' id='word_1_254' title='bbox 1474 2703 1576 2750; x_wconf 91' lang='lat' dir='ltr'>sine</span> <span class='ocrx_word' id='word_1_255' title='bbox 1605 2703 1842 2767; x_wconf 90' lang='lat' dir='ltr'>corporali</span> <span class='ocrx_word' id='word_1_256' title='bbox 1866 2703 2081 2768; x_wconf 78' lang='lat' dir='ltr'>Jejuniis-</span> 
     </span>
     <span class='ocr_line' id='line_1_30' title="bbox 300 2784 2078 2852; baseline 0.003 -22"><span class='ocrx_word' id='word_1_257' title='bbox 300 2799 409 2846; x_wconf 91' lang='lat' dir='ltr'>que.</span> <span class='ocrx_word' id='word_1_258' title='bbox 437 2786 539 2840; x_wconf 86' lang='lat' dir='ltr'>Qua</span> <span class='ocrx_word' id='word_1_259' title='bbox 566 2784 695 2832; x_wconf 90' lang='lat' dir='ltr'>dicta</span> <span class='ocrx_word' id='word_1_260' title='bbox 723 2785 818 2846; x_wconf 92' lang='lat' dir='ltr'>die,</span> <span class='ocrx_word' id='word_1_261' title='bbox 844 2786 1166 2835; x_wconf 86' lang='lat' dir='ltr'>interfuerunt</span> <span class='ocrx_word' id='word_1_262' title='bbox 1187 2803 1271 2835; x_wconf 77' lang='lat' dir='ltr'>xw</span> <span class='ocrx_word' id='word_1_263' title='bbox 1299 2786 1587 2846; x_wconf 86' lang='lat' dir='ltr'>cardinales,</span> <span class='ocrx_word' id='word_1_264' title='bbox 1608 2786 1831 2836; x_wconf 88' lang='lat' dir='ltr'>videlicet</span> <span class='ocrx_word' id='word_1_265' title='bbox 1854 2803 1864 2834; x_wconf 75' lang='grc' dir='ltr'>ε</span> <span class='ocrx_word' id='word_1_266' title='bbox 1889 2789 2078 2852; x_wconf 91' lang='lat' dir='ltr'>Neapo-</span> 
     </span>
     <span class='ocr_line' id='line_1_31' title="bbox 298 2868 2075 2934; baseline 0.002 -19"><span class='ocrx_word' id='word_1_267' title='bbox 298 2868 496 2927; x_wconf 86' lang='lat' dir='ltr'>litanus,</span> <span class='ocrx_word' id='word_1_268' title='bbox 526 2869 797 2929; x_wconf 84' lang='lat' dir='ltr'>Januensis,</span> <span class='ocrx_word' id='word_1_269' title='bbox 830 2870 1122 2929; x_wconf 87' lang='lat' dir='ltr'>Parmensis,</span> <span class='ocrx_word' id='word_1_270' title='bbox 1157 2870 1399 2934; x_wconf 83' lang='lat' dir='ltr'>episcopi;</span> <span class='ocrx_word' id='word_1_271' title='bbox 1438 2872 1822 2930; x_wconf 83' lang='lat' dir='ltr'>Beneventanus,</span> <span class='ocrx_word' id='word_1_272' title='bbox 1859 2870 2075 2930; x_wconf 89' lang='lat' dir='ltr'>Ursinus,</span> 
     </span>
     <span class='ocr_line' id='line_1_32' title="bbox 298 2936 2075 3016; baseline 0.001 -18"><span class='ocrx_word' id='word_1_273' title='bbox 298 2968 336 2998; x_wconf 89' lang='lat' dir='ltr'>s.</span> <span class='ocrx_word' id='word_1_274' title='bbox 369 2951 610 3015; x_wconf 85' lang='lat' dir='ltr'>Dionysii,</span> <span class='ocrx_word' id='word_1_275' title='bbox 647 2952 875 2999; x_wconf 84' lang='lat' dir='ltr'>Senensis</span> <span class='ocrx_word' id='word_1_276' title='bbox 904 2957 950 3000; x_wconf 92' lang='lat' dir='ltr'>et</span> <span class='ocrx_word' id='word_1_277' title='bbox 991 2969 1028 3000; x_wconf 88' lang='lat' dir='ltr'>S.</span> <span class='ocrx_word' id='word_1_278' title='bbox 1066 2953 1274 3016; x_wconf 90' lang='lat' dir='ltr'>Georgii,</span> <span class='ocrx_word' id='word_1_279' title='bbox 1310 2936 1612 3016; x_wconf 81' lang='lat' dir='ltr'>presbyteri;</span> <span class='ocrx_word' id='word_1_280' title='bbox 1649 2952 2075 3016; x_wconf 85' lang='lat' dir='ltr'>Carthaginiensis,</span> 
     </span>
     <span class='ocr_line' id='line_1_33' title="bbox 302 3034 2078 3096; baseline 0.002 -16"><span class='ocrx_word' id='word_1_281' title='bbox 302 3034 360 3081; x_wconf 91' lang='lat' dir='ltr'>de</span> <span class='ocrx_word' id='word_1_282' title='bbox 384 3034 603 3092; x_wconf 88' lang='lat' dir='ltr'>Sabellis,</span> <span class='ocrx_word' id='word_1_283' title='bbox 629 3034 875 3094; x_wconf 88' lang='lat' dir='ltr'>Colomna,</span> <span class='ocrx_word' id='word_1_284' title='bbox 900 3035 1341 3095; x_wconf 86' lang='lat' dir='ltr'>vicecancellarius,</span> <span class='ocrx_word' id='word_1_285' title='bbox 1367 3052 1405 3083; x_wconf 91' lang='lat' dir='ltr'>s.</span> <span class='ocrx_word' id='word_1_286' title='bbox 1426 3035 1659 3094; x_wconf 88' lang='lat' dir='ltr'>Severini,</span> <span class='ocrx_word' id='word_1_287' title='bbox 1682 3036 1956 3096; x_wconf 87' lang='lat' dir='ltr'>Cesarinus,</span> <span class='ocrx_word' id='word_1_288' title='bbox 1977 3037 2078 3084; x_wconf 89' lang='lat' dir='ltr'>Gri-</span> 
     </span>
     <span class='ocr_line' id='line_1_34' title="bbox 297 3117 2076 3183; baseline 0.002 -19"><span class='ocrx_word' id='word_1_289' title='bbox 297 3132 472 3165; x_wconf 90' lang='lat' dir='ltr'>manus</span> <span class='ocrx_word' id='word_1_290' title='bbox 513 3122 557 3165; x_wconf 91' lang='lat' dir='ltr'>et</span> <span class='ocrx_word' id='word_1_291' title='bbox 603 3117 875 3176; x_wconf 82' lang='lat' dir='ltr'>FarnesiuS,</span> <span class='ocrx_word' id='word_1_292' title='bbox 910 3117 1117 3165; x_wconf 88' lang='lat' dir='ltr'>diaconi.</span> <span class='ocrx_word' id='word_1_293' title='bbox 1157 3121 1441 3167; x_wconf 91' lang='lat' dir='ltr'>Sermonem</span> <span class='ocrx_word' id='word_1_294' title='bbox 1480 3123 1587 3183; x_wconf 88' lang='lat' dir='ltr'>post</span> <span class='ocrx_word' id='word_1_295' title='bbox 1625 3120 1925 3183; x_wconf 90' lang='lat' dir='ltr'>evangelium</span> <span class='ocrx_word' id='word_1_296' title='bbox 1965 3120 2076 3169; x_wconf 89' lang='lat' dir='ltr'>fecit</span> 
     </span>
     <span class='ocr_line' id='line_1_35' title="bbox 302 3200 2078 3268; baseline 0.002 -22"><span class='ocrx_word' id='word_1_297' title='bbox 302 3200 495 3263; x_wconf 91' lang='lat' dir='ltr'>quidam</span> <span class='ocrx_word' id='word_1_298' title='bbox 533 3201 809 3264; x_wconf 87' lang='lat' dir='ltr'>Gregorius,</span> <span class='ocrx_word' id='word_1_299' title='bbox 841 3201 1039 3248; x_wconf 87' lang='lat' dir='ltr'>scutifer</span> <span class='ocrx_word' id='word_1_300' title='bbox 1068 3202 1191 3249; x_wconf 93' lang='lat' dir='ltr'>Rmi.</span> <span class='ocrx_word' id='word_1_301' title='bbox 1225 3206 1283 3250; x_wconf 92' lang='lat' dir='ltr'>D.</span> <span class='ocrx_word' id='word_1_302' title='bbox 1318 3203 1572 3251; x_wconf 89' lang='lat' dir='ltr'>cardinalis</span> <span class='ocrx_word' id='word_1_303' title='bbox 1601 3204 1918 3268; x_wconf 87' lang='lat' dir='ltr'>Neapolitani.</span> <span class='ocrx_word' id='word_1_304' title='bbox 1949 3207 2078 3252; x_wconf 88' lang='lat' dir='ltr'>Inter</span> 
     </span>
     <span class='ocr_line' id='line_1_36' title="bbox 301 3284 2074 3353; baseline 0.002 -22"><span class='ocrx_word' id='word_1_305' title='bbox 301 3284 546 3332; x_wconf 90' lang='lat' dir='ltr'>banchum</span> <span class='ocrx_word' id='word_1_306' title='bbox 583 3285 972 3349; x_wconf 86' lang='lat' dir='ltr'>presbyterorum</span> <span class='ocrx_word' id='word_1_307' title='bbox 1012 3286 1326 3334; x_wconf 90' lang='lat' dir='ltr'>cardinalium</span> <span class='ocrx_word' id='word_1_308' title='bbox 1367 3303 1518 3350; x_wconf 91' lang='lat' dir='ltr'>usque</span> <span class='ocrx_word' id='word_1_309' title='bbox 1554 3288 1615 3334; x_wconf 91' lang='lat' dir='ltr'>ad</span> <span class='ocrx_word' id='word_1_310' title='bbox 1646 3293 1834 3353; x_wconf 87' lang='lat' dir='ltr'>portam</span> <span class='ocrx_word' id='word_1_311' title='bbox 1868 3287 2074 3352; x_wconf 89' lang='lat' dir='ltr'>positum</span> 
     </span>
    </p>
   </div>
   <div class='ocr_carea' id='block_1_3' title="bbox 349 3467 1126 3516">
    <p class='ocr_par' dir='ltr' id='par_1_5' title="bbox 349 3467 1126 3516">
     <span class='ocr_line' id='line_1_37' title="bbox 349 3467 1126 3516; baseline 0.001 -12"><span class='ocrx_word' id='word_1_312' title='bbox 349 3469 382 3504; x_wconf 89' lang='lat'>1.</span> <span class='ocrx_word' id='word_1_313' title='bbox 420 3468 515 3516; x_wconf 81' lang='lat' dir='ltr'>Voy.</span> <span class='ocrx_word' id='word_1_314' title='bbox 535 3472 622 3504; x_wconf 85' lang='lat' dir='ltr'>tom.</span> <span class='ocrx_word' id='word_1_315' title='bbox 647 3469 659 3503; x_wconf 95' lang='grc' dir='ltr'>Ι</span> <span class='ocrx_word' id='word_1_316' title='bbox 683 3467 725 3503; x_wconf 84' lang='lat' dir='ltr'>de</span> <span class='ocrx_word' id='word_1_317' title='bbox 748 3472 839 3504; x_wconf 85' lang='lat' dir='ltr'>cette</span> <span class='ocrx_word' id='word_1_318' title='bbox 861 3468 964 3514; x_wconf 57' lang='lat' dir='ltr'>edit„</span> <span class='ocrx_word' id='word_1_319' title='bbox 986 3481 1022 3516; x_wconf 90' lang='lat' dir='ltr'>p.</span> <span class='ocrx_word' id='word_1_320' title='bbox 1047 3469 1126 3505; x_wconf 79' lang='lat'><strong>136.</strong></span> 
     </span>
    </p>
   </div>
  </div>
 </body>
</html>
