2202 3926
272 328 319 362 56
882 320 1116 357 JOHANNIS
1151 320 1448 366 BURGHARDI,
1835 318 1939 361 [Mars
1963 321 2058 360 1493]

276 427 488 475 sacerdos
515 442 738 490 maqmcs,
768 424 806 472 si
829 427 959 472 recte
982 424 1201 484 memini,
1227 424 1324 471 sive
1356 422 1419 470 Te
1438 423 1588 471 Deum
1610 421 1859 469 laudamus
1882 421 2078 471 decan·¹
2129 439 2132 441 ’

277 511 508 570 tantibus,
535 510 667 558 venit
693 508 754 557 ad
787 508 938 557 altare
965 508 1140 572 majus,
1173 507 1255 555 ubi
1284 507 1409 555 facta
1437 507 1675 564 oratione,
1709 505 1909 554 dimisso
1947 522 2062 571 cap-

277 595 473 661 pucino,
510 598 702 643 retenta
739 592 878 652 stola,
918 591 1104 655 accepit
1142 591 1349 655 pluviale
1384 590 1546 638 album
1575 594 1620 638 et
1648 605 1758 637 cum
1785 590 2060 639 celebrante

277 668 390 727 t'ecit
421 677 797 733 confessionem,
829 674 1002 722 deinde
1038 673 1255 721 ascendit
1289 673 1481 721 solium.
1519 672 1795 721 Cardinales
1826 679 2063 723 venerunt

276 763 336 810 ad
373 758 711 817 reverentiam,
756 762 803 807 et
848 757 939 806 alia
975 756 1140 805 omnia
1178 757 1433 804 observata
1472 760 1582 804 sunt
1625 750 1760 805 more
1804 750 2056 807 consueto.

274 847 471 893 Missam
515 843 775 892 celebravit
816 845 871 889 R.
922 841 971 887 in
1019 840 1210 888 Christo
1251 843 1303 888 P.
1349 842 1404 887 D.
1451 839 1762 904 Raymundus
1803 841 2062 906 episcopus

278 925 497 974 Dolensis
522 924 586 990 (in
607 924 788 988 vulgari
811 923 868 972 de
895 923 1198 988 Bonavoglia)
1223 924 1271 971 in
1298 923 1456 971 insula
1479 923 1698 972 Sardinie
1725 943 1733 972 :
1761 924 1879 972 dixit
1904 923 2065 973 Gloria

276 1013 324 1058 in
352 1010 560 1067 excelsis,
593 1009 707 1056 Pax
740 1008 882 1066 vobiS,
918 1023 1065 1056 unam
1102 1008 1372 1056 orationem
1410 1011 1614 1067 tantum,
1651 1008 1973 1072 prefationem
2006 1010 2065 1057 de

273 1095 415 1142 beata
442 1093 643 1156 virgine,
679 1095 724 1139 et
758 1091 851 1138 alia
883 1096 1025 1154 prout
1059 1091 1108 1137 in
1143 1090 1386 1150 ordinario
1425 1107 1434 1138 :
1478 1091 1653 1139 solium
1690 1094 1818 1156 Pape
1851 1093 2064 1156 positum

275 1177 361 1224 fuit
387 1175 584 1224 omnino
607 1178 718 1223 ante
738 1173 1024 1222 memoriam
1047 1177 1094 1221 et
1117 1173 1411 1237 sepulturam
1434 1176 1559 1225 bone
1578 1179 1784 1226 memori
1808 1179 2065 1227 cardinalis

278 1259 612 1307 Tirasonensis
635 1262 683 1306 et
698 1257 870 1305 habuit
895 1257 1015 1305 duos
1038 1257 1214 1321 gradus
1239 1262 1425 1307 tantum
1454 1279 1462 1306 :
1489 1261 1702 1325 episcopi
1723 1267 1770 1310 et
1794 1262 2064 1327 presbyteri

277 1342 545 1392 cardinales
577 1342 806 1390 sederunt
844 1341 905 1389 ad
944 1341 1049 1404 ejus
1090 1341 1356 1401 dexteram,
1395 1347 1441 1390 et
1479 1343 1667 1392 diaconi
1708 1344 1977 1393 cardinales
2013 1346 2060 1394 in

280 1426 554 1491 oppositum
582 1441 769 1484 eorum,
789 1425 926 1489 juxta
950 1439 1160 1484 murum,
1191 1426 1250 1472 ad
1278 1425 1519 1474 sinistram
1551 1427 1765 1492 episcopi
1793 1429 2062 1477 assistentis

280 1514 327 1558 et
357 1510 489 1574 prior
515 1509 910 1573 presbyterorum
938 1507 984 1555 in
1016 1508 1226 1556 scabello
1258 1525 1344 1556 suo
1380 1516 1616 1559 consueto
1644 1511 1771 1560 inter
1803 1514 1982 1576 Papam
2014 1517 2060 1561 et

280 1594 460 1651 altare3
499 1596 715 1641 oratores
754 1591 863 1640 laici
899 1591 946 1638 in
983 1607 1182 1640 scamno
1222 1594 1524 1642 transversali
1562 1595 1700 1658 juxta
1735 1595 2003 1645 cancellum
2035 1612 2063 1644 a

281 1692 479 1725 scamno
528 1676 920 1741 presbyterorum
966 1680 1013 1723 et
1062 1676 1401 1740 episcoporum
1445 1675 1761 1725 cardinalium
1787 1675 1956 1740 vusque
2003 1678 2061 1726 ad

281 1762 457 1809 ostium
483 1761 543 1809 ab
565 1760 658 1808 alia
678 1764 812 1823 parte
840 1776 849 1808 ε
875 1759 1001 1808 inter
1022 1759 1199 1807 ostium
1220 1763 1267 1807 et
1297 1774 1548 1806 scamnum
1571 1759 1887 1809 diaconorum
1909 1761 2064 1809 cardi—

280 1845 462 1893 nalium
487 1844 575 1892 fuit
613 1843 769 1891 simile
796 1858 1047 1891 scamnum
1075 1842 1306 1906 positum,
1335 1842 1385 1889 in
1415 1858 1508 1906 quo
1536 1843 1696 1891 nullus
1722 1843 1862 1902 sedit,
1897 1844 1982 1892 sed
2003 1844 2062 1892 ab

281 1932 417 1976 extra
448 1927 628 1976 ibidem
660 1931 898 1976 steterunt
927 1926 1153 1974 mulieres
1184 1925 1234 1972 in
1254 1941 1457 1974 numero
1481 1926 1697 1990 copiose,
1725 1942 1818 1990 que
1839 1926 2059 1990 perinde,

280 2016 442 2060 amoto
469 2011 600 2060 omni
630 2010 895 2071 obstaculo,
923 2014 1186 2074 potuerunt
1205 2010 1365 2059 videre
1399 2009 1680 2073 pontificem
1709 2014 1755 2058 et
1783 2009 1944 2058 omnia
1971 2025 2062 2073 que

280 2105 326 2151 jn
351 2095 536 2159 capella
564 2094 766 2143 fiebant.
799 2095 1088 2158 Capitaneus
1116 2092 1350 2150 Ecclesia,
1391 2092 1485 2140 dux
1520 2093 1654 2150 Sore,
1682 2096 1729 2139 et
1748 2095 1802 2140 D.
1838 2091 2064 2141 Jofredus

280 2194 430 2242 nepos
475 2181 622 2242 Pape,
672 2183 867 2226 senator
909 2177 1068 2234 Urbis,
1118 2176 1271 2224 Guido
1310 2191 1475 2224 comes
1519 2179 1684 2223 sancte
1718 2175 1874 2234 Flore,
1911 2175 2064 2223 Julius

282 2263 499 2322 Ursinus,
521 2262 669 2310 frater
696 2260 952 2309 cardinalis
976 2259 1152 2318 Ursini,
1187 2264 1235 2307 et
1264 2258 1460 2322 quidam
1482 2258 1601 2306 alius
1622 2259 1740 2307 baro
1763 2259 1992 2307 sederunt
2016 2259 2064 2306 in

281 2345 506 2409 gradibus
540 2345 664 2405 solii,
699 2344 777 2392 alii
807 2345 1015 2392 barones
1043 2359 1248 2407 quorum
1279 2343 1437 2391 adhuc
1470 2342 1606 2390 multi
1640 2346 1793 2400 erant,
1828 2346 2065 2391 steterunt

282 2444 391 2476 cum
409 2427 575 2492 paucis
598 2426 835 2475 scutiferis
857 2429 984 2490 Pape
1003 2426 1128 2475 intra
1153 2442 1162 2473 ε
1183 2427 1321 2490 juxta
1342 2426 1519 2474 ostium
1541 2425 1741 2474 cancelli
1763 2425 2062 2485 subdiaconi,

282 2515 496 2559 oratores
525 2514 572 2558 et
605 2509 767 2558 clerici
796 2524 987 2558 camere
1020 2526 1029 2557 :
1061 2509 1253 2573 acolyti,
1285 2509 1566 2558 cubicularii
1595 2515 1643 2557 et
1675 2509 1889 2558 advocati
1924 2510 2064 2558 sede-

280 2598 389 2642 runt
411 2594 603 2641 interra
633 2608 767 2641 more
804 2596 1056 2641 consueto.
1095 2593 1271 2640 Prelati
1302 2609 1415 2640 vero
1449 2597 1666 2642 oratores
1701 2598 1749 2642 et
1778 2593 1856 2641 alii
1893 2593 2062 2657 prelati

282 2678 511 2725 sederunt
532 2677 581 2724 in
607 2677 802 2726 sedibus
823 2677 873 2725 in
895 2678 1045 2726 choro
1067 2678 1269 2726 fratrum
1290 2678 1339 2725 in
1362 2694 1531 2726 eorum
1553 2678 1716 2742 cappis
1739 2678 1853 2726 satis
1875 2678 2064 2726 incom-

281 2761 441 2809 mode.
487 2760 661 2808 Habuit
692 2765 950 2825 propterea
982 2777 1176 2810 mecum
1198 2761 1335 2825 plura
1354 2761 1500 2813 verba
1528 2762 1784 2825 episcopus
1815 2761 2061 2821 Pacensis,

283 2847 442 2891 orator
476 2843 603 2905 regis
639 2845 884 2908 Hispanie,
923 2846 1005 2910 qui
1039 2846 1088 2894 in
1125 2846 1274 2894 choro
1315 2847 1443 2907 Pape
1490 2860 1600 2892 cum
1644 2844 1932 2907 quibusdam
1966 2844 2063 2892 suis

283 2926 480 2990 collegis
512 2927 780 2974 oratoribus
807 2929 1005 2990 prelatis
1035 2929 1204 2977 sedere
1231 2927 1378 2977 voluit
1408 2929 1455 2976 in
1490 2930 1582 2977 alio
1605 2945 1802 2978 scamno
1823 2933 2064 2976 transver-

284 3009 368 3056 sali
387 3010 523 3072 juxta
543 3010 771 3057 diaconos
794 3011 1062 3059 cardinales
1082 3012 1256 3074 posito.
1281 3011 1526 3074 Respondi
1548 3011 1596 3059 id
1617 3010 1719 3058 fieri
1744 3026 1840 3058 non
1863 3009 2059 3067 debere,

283 3091 411 3154 quod
432 3092 522 3155 ipsi
544 3092 603 3139 ab
626 3091 729 3139 aliis
750 3092 946 3155 prelatis
966 3098 1263 3157 separentur.

348 3177 504 3224 Finita
530 3176 678 3224 missa
708 3180 755 3223 et
784 3175 963 3234 officio,
997 3176 1125 3224 idem
1151 3177 1376 3225 Pacensis
1398 3176 1502 3224 illos
1522 3176 1580 3224 de
1601 3178 1874 3226 temeritate
1909 3179 2064 3227 incul-

282 3260 431 3324 pavit,
483 3275 704 3308 asserens
753 3259 884 3323 ipsos
929 3258 1154 3307 debuisse
1204 3259 1453 3307 ordinasse
1502 3260 1632 3322 quod
1672 3261 1845 3324 prelati
1893 3276 2062 3310 omnes

281 3343 442 3391 locum
478 3343 760 3390 habuissent
795 3343 842 3389 in
880 3342 1029 3390 choro
1067 3357 1175 3389 cum
1208 3342 1452 3406 pontifice,
1489 3349 1633 3406 prout
1666 3361 1791 3392 anno
1821 3340 2061 3408 superiori

282 3428 731 3474 MCCCCLXXXXII
754 3427 908 3475 fuerat
937 3425 1258 3486 observatum,
1289 3425 1336 3472 in
1362 3442 1455 3489 quo
1478 3427 1592 3475 satis
1621 3426 1795 3476 bonam
1826 3427 2060 3474 rationem
