2216 3886
332 274 403 309 674
1076 273 1360 311 APPENDICE.

318 376 496 428 Jestatis
513 377 640 418 nobis
663 380 703 416 et
725 377 803 416 toti
818 376 1050 416 christiane
1063 376 1300 428 reIpublice
1315 378 1442 427 quasi
1457 377 1679 429 quoddam
1693 380 1830 431 sydus
1849 382 1905 422 ad
1920 384 2100 435 expedi·

322 441 488 482 tionem
501 442 612 482 hanc
635 440 950 491 capessendam
976 441 1199 490 effulserIt,
1217 441 1537 492 persuademus
1558 444 1685 484 nobis
1703 444 1785 485 1100
1803 448 1999 499 tempore
2014 460 2094 491 sue

325 508 564 560 Majestatis
578 518 659 558 ope
674 509 716 547 et
731 506 891 547 auxilio
906 507 1046 558 ipsam
1061 506 1243 547 feliciter
1253 518 1302 547 30
1314 511 1559 559 opportune
1575 509 1757 562 aggredi
1769 521 1915 562 posse.
1931 513 2102 555 Preser-

327 573 406 612 tim
417 584 516 612 cum
530 571 830 612 existimemus
852 571 1019 612 Italiam
1035 571 1080 611 in
1095 582 1201 623 pace
1214 583 1265 612 30
1278 572 1509 613 concordia
1524 572 1730 623 futuram,
1749 578 1791 615 et
1813 576 1849 616 si
1869 575 1976 627 quid
1997 587 2100 618 0011-

325 637 536 678 troversie
550 637 692 678 adhuc
707 637 909 686 exstabit,
928 647 1156 688 speramus
1167 637 1212 677 id
1224 635 1346 677 facile
1363 648 1444 677 nos
1459 639 1793 689 composituros,
1812 643 1855 680 et
1866 644 2100 692 propterea

328 701 524 742 omnium
544 704 852 753 potentatuum
873 702 992 742 Italie
1006 702 1120 743 vires
1134 702 1263 743 nobis
1277 703 1322 743 in
1332 703 1413 743 hac
1428 703 1703 754 expeditione
1715 705 1942 746 affuturas.
1960 706 2104 747 Faciet

329 778 408 807 sua
427 767 633 820 Majestas
654 767 698 808 in
720 768 801 808 hoc
817 779 910 808 rem
930 770 1051 808 tanto
1068 778 1173 820 rege
1194 767 1388 821 dignam,
1410 768 1788 820 plurimorumque
1809 779 1991 809 suorum
2011 780 2102 810 ma-

321 832 472 884 jorum
490 833 627 874 Gallie
649 844 806 886 regum
825 832 1011 885 vestigia
1036 832 1291 883 imitabitur,
1314 833 1389 885 qui
1411 834 1456 874 in
1486 833 1617 874 simili
1644 832 1923 886 expeditione
1948 844 2103 875 omnes

328 909 465 952 prope
478 899 606 952 regni
627 900 696 940 sui
718 910 825 952 opes
844 900 959 940 ultro
980 899 1249 949 obtulerunt,
1269 911 1319 940 30
1333 901 1553 942 Romanos
1566 898 1796 951 pontifices
1813 910 1918 951 sepe
1933 910 1959 941 a
1972 911 2103 941 vexa-

326 964 521 1006 tionibus
542 968 585 1006 et
607 965 971 1018 oppressionibus
986 967 1291 1017 protexerunt;
1307 965 1540 1017 plerasque
1555 967 1598 1005 et
1613 964 1802 1005 Ecclesie
1818 966 1957 1005 terras
1971 975 1997 1004 a
2010 975 2106 1015 per-

326 1026 517 1070 fidorum
543 1029 739 1071 hostium
755 1029 962 1070 manibus
986 1030 1200 1083 eripuere.
1220 1032 1381 1072 Verum
1404 1030 1641 1082 prospiciat
1667 1032 1829 1082 quanta
1850 1029 1906 1070 sit
1926 1028 2037 1070 fides
2057 1029 2103 1070 in

326 1093 582 1147 huJusmodi
613 1095 848 1148 regnicolis
875 1095 1146 1146 collocanda;
1169 1096 1288 1147 quod
1316 1099 1358 1137 et
1385 1096 1510 1137 multi
1540 1096 1611 1136 alii
1639 1106 1767 1148 reges
1789 1097 1893 1136 sunt
1920 1094 2101 1147 experti,

325 1171 471 1212 neque
491 1163 639 1201 tamen
660 1161 744 1202 sibi
763 1160 1027 1213 persuadeat
1047 1173 1101 1202 ex
1117 1162 1242 1215 regni
1262 1162 1379 1203 illius
1393 1162 1571 1204 victoria
1588 1161 1764 1214 quando
1786 1173 1836 1202 ea
1853 1161 1983 1213 potiri
2000 1171 2103 1202 con-

326 1226 482 1278 tingat,
500 1229 674 1267 tantum
696 1226 779 1267 sibi
799 1226 938 1279 glorie
959 1237 1240 1268 accessurum
1261 1231 1478 1279 quantum
1499 1239 1552 1269 ex
1565 1228 1645 1268 1130
1660 1227 1939 1279 expeditione
1952 1229 2103 1268 contra

323 1292 560 1332 Turcarum
595 1292 905 1344 imperatorem
926 1304 1004 1344 pro
1026 1291 1128 1333 fidei
1150 1292 1407 1334 defensione
1433 1293 1648 1346 Majestati
1677 1304 1756 1333 sue
1784 1303 1962 1344 sperare
1986 1292 2101 1343 licet,

324 1367 410 1407 que
440 1357 591 1408 procul
626 1357 760 1398 dubio
791 1369 893 1398 eum
924 1358 1217 1399 immortalem
1245 1359 1413 1400 reddet.
1448 1359 1597 1399 Sumat
1630 1369 1737 1410 ergo
1774 1357 1987 1399 celsitudo
2021 1368 2102 1398 sua

323 1433 423 1463 cum
449 1423 528 1464 Dei
559 1423 863 1464 benedictione
883 1435 1022 1475 arma,
1053 1427 1095 1466 et
1128 1428 1302 1466 scutum
1322 1425 1432 1465 etin
1461 1423 1565 1465 fidei
1597 1423 1805 1464 catholice
1832 1422 2102 1476 adJutorium

322 1488 507 1541 vestigia
547 1489 910 1540 predecessorum
953 1500 1133 1531 suorum
1171 1490 1385 1532 imitando
1419 1493 1639 1542 expergat,
1674 1499 1943 1541 causamque
1974 1487 2101 1541 regni

325 1554 464 1595 Sicilie
476 1554 650 1607 justitie
671 1555 889 1608 subjicIat,
914 1555 951 1596 si
964 1556 1041 1608 jus
1062 1555 1244 1608 aliquod
1262 1556 1308 1596 in
1329 1567 1380 1597 eo
1402 1557 1622 1609 MaJestati
1639 1568 1721 1598 sue
1741 1556 1969 1608 competit;
1992 1554 2102 1595 sicut

325 1620 456 1660 etiam
490 1620 642 1661 Carolo
674 1620 769 1673 regi
800 1620 1059 1670 obtulimus,
1086 1621 1146 1662 ita
1174 1621 1315 1662 eidem
1347 1622 1614 1663 nosvlibenti
1644 1622 1792 1663 animo
1818 1620 2102 1662 administra-

321 1697 444 1734 turos
459 1686 680 1740 justitiam
701 1686 940 1736 offerimus,
964 1697 1050 1737 que
1074 1697 1187 1738 equa
1207 1686 1332 1727 lance
1355 1687 1439 1727 sibi
1459 1699 1539 1738 per
1556 1698 1639 1728 nos
1657 1686 2037 1727 administrabitur
2057 1686 2100 1725 et

322 1752 379 1793 ad
399 1763 533 1804 quam
553 1751 905 1804 amplectandam
926 1752 1029 1792 totis
1050 1751 1218 1792 viribus
1239 1751 1468 1792 hortamur
1487 1752 1762 1805 MaJestatem
1784 1763 1925 1793 suam.

379 1832 400 1854 «
431 1818 474 1858 Si
492 1818 546 1859 de
566 1817 727 1858 ducatu
746 1816 1063 1858 Mediolanensi
1083 1816 1249 1868 aliquid
1270 1827 1350 1858 sua
1378 1817 1585 1870 Majestas
1613 1818 1659 1857 in
1684 1817 1880 1858 medium
1906 1817 2096 1867 adducit,

322 1883 645 1935 respondebitis
665 1894 748 1924 nos
770 1893 945 1923 omnem
970 1893 1198 1923 accessum
1221 1882 1446 1935 dignitatis
1476 1885 1518 1923 et
1542 1883 1685 1936 glorie
1712 1894 1791 1924 sue
1817 1883 2100 1924 vehementer

322 1951 365 1989 et
398 1959 488 1989 non
514 1950 662 1990 minus
686 1960 819 2001 quam
845 1951 1049 1988 nostrum
1079 1951 1121 1989 et
1149 1959 1331 1988 romane
1360 1948 1549 1988 Ecclesie
1581 1950 1752 2000 optare3
1781 1959 1934 1990 verum
1967 1948 2098 1989 etiam

323 2013 643 2056 animadvertat
670 2014 789 2067 quod
822 2025 922 2054 cum
954 2013 1261 2066 progenitores
1292 2013 1361 2054 sui
1387 2013 1728 2055 Aurelianenses
1759 2013 1891 2055 duces
1923 2014 2096 2065 etipse,

321 2079 641 2133 quinquaginta
672 2080 800 2121 annis
825 2079 920 2132 ,iam
937 2079 1099 2130 elapsis
1117 2079 1187 2120 vel
1213 2079 1342 2129 circa,
1364 2090 1443 2130 per
1468 2082 1646 2132 gentem
1674 2078 1939 2120 Sfortiadum
1964 2079 2099 2120 duca-

321 2148 415 2185 tum
435 2146 653 2197 possideri
673 2146 795 2198 passi
815 2147 933 2195 sunt,
956 2144 1031 2196 qui
1047 2145 1179 2186 etiam
1192 2144 1247 2185 ab
1269 2144 1534 2196 imperatore
1556 2145 1609 2186 de
1630 2145 1744 2186 dicto
1767 2145 1928 2186 ducatu
1950 2144 2098 2186 inves-

321 2211 423 2252 titos
442 2211 677 2263 affirmant,
698 2215 739 2253 et
760 2224 836 2265 pro
856 2212 1041 2253 ducibus
1064 2210 1264 2264 eJusdem
1282 2209 1466 2251 ducatus
1495 2210 1704 2262 precipue
1729 2213 1772 2251 et
1791 2210 1957 2262 ubique
1976 2210 2096 2262 apud

321 2277 707 2319 christianissimos
727 2289 856 2331 reges
875 2277 1051 2319 Francie
1078 2276 1216 2316 habiti
1238 2278 1356 2323 sunt,
1379 2275 1711 2317 convenientius
1732 2279 1775 2316 et
1793 2276 1945 2316 utilius
1963 2275 2095 2316 chris·

321 2341 439 2383 tiane
455 2342 691 2394 reipublice
714 2345 756 2383 et
776 2341 859 2394 Maj
866 2342 1017 2382 estatis
1039 2352 1118 2382 sue
1135 2340 1291 2382 honori
1309 2342 1623 2394 congruentius
1647 2352 1746 2382 esse
1760 2340 1977 2394 judicabit
1995 2351 2096 2381 eum

323 2406 488 2448 diutina
509 2407 719 2459 patientia
739 2419 818 2460 per
839 2418 886 2448 se
912 2410 955 2448 et
977 2419 1056 2459 per
1080 2418 1186 2448 suos
1209 2407 1421 2447 hactenus
1454 2406 1602 2448 habita
1622 2405 1800 2458 pacifice
1832 2406 2096 2458 pertransire

324 2483 456 2524 quam
482 2474 740 2515 nutantibus
765 2474 845 2514 hoc
870 2476 1068 2525 tempore
1094 2472 1198 2513 fidei
1225 2475 1267 2513 et
1295 2472 1502 2513 catholice
1527 2472 1753 2525 religionis
1778 2471 2093 2521 fundamentis,

323 2541 475 2591 utpote
500 2539 634 2592 longo
660 2541 900 2580 Turcarum
920 2539 1037 2580 bello
1061 2541 1104 2579 et
1128 2538 1319 2579 maxima
1346 2538 1542 2590 potentia
1559 2538 1795 2590 quassatis,
1817 2537 2096 2579 contentione

323 2615 440 2646 nunc
458 2605 513 2646 de
535 2605 646 2647 dicto
668 2605 829 2646 ducatu
846 2604 1165 2657 quinquaginta
1181 2604 1307 2645 annis
1323 2603 1484 2655 elapsis
1505 2615 1595 2645 non
1614 2606 1748 2654 mota,
1766 2607 1808 2644 et
1828 2614 1942 2645 nova
1963 2602 2095 2644 bello-

323 2681 422 2710 rum
450 2670 644 2712 fomenta
670 2671 872 2712 excitare.
895 2672 982 2712 Nos
1016 2673 1131 2711 certe
1163 2669 1425 2710 confidimus
1457 2669 1663 2710 dilectum
1693 2669 1833 2711 filium
1863 2667 2095 2710 Mediolani

324 2735 479 2777 ducem
499 2737 775 2789 MaJestatem
801 2747 928 2777 suam
952 2736 1071 2776 omni
1098 2735 1378 2777 observantia
1399 2738 1442 2776 et
1461 2736 1704 2778 reverentia
1723 2736 2095 2787 prosequuturum

323 2812 374 2841 ac
394 2801 598 2842 omnibus
625 2802 671 2841 in
687 2802 822 2842 rebus
849 2801 955 2842 boni
976 2800 1123 2842 affinis
1148 2803 1190 2841 et
1216 2799 1294 2840 filii
1315 2811 1394 2841 sue
1417 2799 1698 2842 Celsitudinis
1721 2800 1861 2841 officia
1881 2799 1920 2840 ei
1938 2798 2094 2850 presti-

324 2869 474 2906 turum
497 2878 548 2907 ac
575 2866 713 2918 regali
736 2877 895 2906 corone
928 2877 1007 2906 sue
1036 2866 1313 2906 devotionem
1340 2868 1383 2905 et
1407 2866 1697 2906 reverentiam
1719 2876 1851 2917 quam
1872 2867 2091 2916 exposcet,

325 2942 414 2971 non
439 2931 588 2971 minus
611 2942 744 2983 quam
769 2931 1103 2982 predecessores
1131 2929 1198 2970 sui
1219 2929 1264 2969 in
1290 2929 1451 2970 ducatu
1476 2930 1785 2980 exhibiturum,
1815 2932 1858 2971 et
1886 2930 2092 2981 quoniam

324 3008 476 3049 pacem
497 2999 541 3037 et
559 2996 754 3049 quietem
780 2995 1071 3038 universalem
1095 2995 1332 3046 reipublice
1358 2995 1590 3036 christiane
1615 2997 1670 3037 ob
1691 3007 1872 3037 causam
1895 2995 2090 3049 aliquam

324 3065 366 3103 et
386 3062 591 3115 precipue
612 3062 747 3115 huJus
766 3062 949 3103 ducatus
970 3061 1137 3102 turbari
1162 3060 1291 3101 1101118
1318 3060 1558 3102 admodum
1580 3061 1816 3102 molestum
1843 3063 1975 3111 esset,
1999 3072 2088 3102 om-

321 3139 423 3169 nem
444 3119 622 3179 operam
635 3131 832 3168 nostram
851 3128 908 3169 ad
927 3125 1288 3179 compositionem
1310 3130 1352 3168 et
1366 3139 1518 3179 pacem
1539 3128 1654 3168 inter
1671 3129 1735 3169 Ma
1735 3129 1946 3182 Jestatem
1961 3138 2088 3168 suam

319 3197 361 3234 et
378 3194 594 3246 prefatum
613 3193 769 3236 ducem
789 3193 1026 3243 offerimus,
1044 3193 1081 3232 si
1104 3192 1210 3244 quid
1230 3193 1275 3232 in
1292 3204 1343 3234 ea
1365 3205 1412 3234 re
1432 3192 1604 3234 efficere
1627 3193 1880 3246 poterimus.
1905 3193 2029 3243 Quod
2051 3192 2089 3233 si

320 3259 528 3311 MaJ'estas
555 3270 635 3299 sua
665 3259 966 3311 respuendum
995 3259 1076 3299 hoc
1100 3261 1301 3299 nostrum
1327 3259 1559 3300 consilium
1585 3258 1804 3300 censuerit
1827 3261 1870 3298 et
1895 3257 1953 3299 ad
1970 3258 2089 3299 inva-

321 3324 514 3365 dendum
552 3324 716 3366 dictum
751 3325 958 3366 ducatum
995 3324 1192 3366 animum
1224 3324 1465 3374 induxerit,
1497 3325 1732 3378 diligenter
1765 3323 2087 3365 animadvertat

318 3390 438 3442 quod
471 3391 648 3431 urbium
678 3391 857 3442 excidia,
889 3390 1151 3443 populorum
1184 3389 1344 3439 clades,
1377 3390 1624 3432 animarum
1661 3388 1931 3441 perditiones
1963 3391 2083 3430 tanta
