2222 3926
144 317 307 386 [remm-v
318 345 413 384 1496]
597 314 1104 381 RERUMPURBANARUM
1138 341 1487 379 coMMENTARu.
1865 322 1936 380 ‘2ss3

209 445 422 494 Sabbato
447 445 640 506 deinde,
667 449 725 494 23
753 446 866 495 dicti
897 445 1098 503 mensis,
1123 444 1250 508 capti
1277 444 1471 493 fuerunt
1500 449 1598 493 tres
1620 459 1679 492 ex
1707 445 1935 495 malefac-

142 529 328 578 toribus
350 529 430 592 qui
453 529 662 578 confessi
684 535 794 580 sunt
817 529 1183 594 quatuordecim
1206 544 1314 577 esse
1345 528 1395 576 in
1417 528 1600 576 similes
1630 532 1764 576 actus
1790 544 1933 577 cons-

139 613 339 677 piratOS,
370 617 417 661 et
456 613 630 678 eodem
670 614 746 662 die
784 613 981 662 fuerunt
1014 613 1064 660 in
1097 628 1235 660 muro
1269 612 1414 661 turris
1450 612 1644 660 Soldani
1679 613 1931 676 suspensi3

140 696 335 760 dignam
358 696 470 745 facti
491 699 769 747 mercedem
791 697 1101 762 recipientes.

207 783 347 842 Feria
374 782 535 841 tertia,
562 786 588 830 2
618 782 868 842 februarii,
894 782 1072 831 festum
1103 779 1458 829 Purificationis
1486 779 1627 829 beate
1660 781 1809 830 Marie
1836 781 1933 830 vir-

141 866 290 930 ginis,
325 868 410 928 SS.
459 869 516 914 D.
558 871 747 925 noster,
787 871 983 930 paratus
1030 881 1166 913 more
1210 865 1377 925 solito,
1418 866 1547 913 venit
1591 866 1651 914 ad
1697 858 1932 930 capellam

143 950 381 1014 majorem
406 949 588 1017 palatii,
619 950 699 998 ubi
733 950 980 999 benedixit
1011 954 1058 998 et
1080 949 1322 1011 distribuit
1348 949 1574 1013 candelas
1597 965 1734 999 more
1768 950 1929 1013 solito.

141 1036 309 1082 Rmus.
335 1037 392 1083 D.
418 1034 673 1082 cardinalis
695 1034 1037 1097 Neapolitanus
1058 1033 1252 1081 tradidit
1274 1035 1401 1096 Pape
1430 1037 1529 1082 tres
1553 1049 1662 1082 suas
1684 1034 1929 1098 candelas,

142 1134 344 1181 quarum
373 1134 519 1167 unam
548 1135 611 1181 exv
633 1118 899 1182 majoribus
935 1117 1086 1166 tenuit
1122 1119 1445 1180 D.,Johannes
1478 1117 1674 1177 Sfortia,
1707 1117 1932 1167 dominus

144 1202 327 1251 Pisauri
359 1202 419 1250 ad
445 1203 692 1251 dexteram
722 1206 770 1251 et
803 1207 997 1250 senator
1024 1202 1084 1250 ad
1112 1202 1356 1250 sinistram
1390 1204 1536 1265 Pape,
1562 1202 1706 1250 aliam
1739 1203 1932 1252 tertiam

139 1286 361 1350 videlicet
398 1302 612 1351 parvam,
652 1288 707 1350 D.
745 1285 1033 1334 Franciscus
1072 1285 1362 1333 secretarius
1397 1284 1736 1334 cubicularius.
1762 1289 1930 1336 Rmus.

142 1373 200 1418 D.
226 1370 482 1418 cardinalis
510 1387 550 1418 s.
576 1370 791 1435 Dionysii
822 1369 992 1418 habuit
1020 1373 1228 1433 quatuor
1262 1368 1507 1435 candelas,
1538 1369 1759 1418 videlicet
1788 1387 1933 1419 unam

140 1459 227 1519 pro
259 1471 327 1514 se,
365 1471 512 1503 unam
557 1470 645 1519 pro
680 1454 1027 1518 Burdegalensi
1062 1457 1109 1502 et
1131 1469 1279 1501 unam
1309 1469 1396 1517 pro
1436 1454 1789 1502 Cenomanensi
1827 1471 1933 1503 car-

141 1538 381 1606 dinalibus
418 1539 696 1588 absentibus
727 1555 737 1587 :
768 1538 931 1602 plures
962 1554 1021 1586 ex
1042 1537 1145 1586 aliis
1177 1537 1501 1586 cardinalibus
1527 1537 1804 1587 habuerunt
1833 1544 1932 1588 tres

146 1622 365 1689 videlicet
408 1637 496 1687 pro
537 1638 588 1671 se
634 1628 682 1671 et
729 1623 1011 1672 absentibus
1057 1623 1408 1682 cardinalibus3
1452 1622 1709 1670 cardinalis
1756 1623 1933 1671 Montis

142 1706 333 1771 Regalis
386 1707 742 1768 celebraturuS,
797 1712 999 1772 accepta
1050 1707 1253 1756 candela
1305 1723 1417 1766 sua,
1469 1706 1550 1755 ivit
1602 1707 1663 1755 ad
1715 1707 1934 1757 faldisto-

143 1790 286 1849 rium,
336 1791 551 1839 sandalia
589 1796 636 1840 et
676 1798 961 1855 paramenta
1006 1796 1304 1855 recepturus.
1350 1793 1464 1839 Post
1507 1806 1677 1858 omnes
1716 1797 1928 1857 paratos,

143 1876 272 1937 Papa
300 1873 431 1922 dedit
463 1874 580 1922 duas
609 1875 834 1924 candelas
865 1875 997 1924 albas
1019 1875 1206 1939 prefato
1233 1877 1291 1922 D.
1318 1874 1502 1922 Pisauri
1522 1890 1611 1939 pro
1633 1890 1684 1923 se
1713 1879 1759 1922 et
1781 1891 1930 1924 uxore

142 1974 246 2017 sua,
270 1959 368 2007 filia
389 1961 535 2023 Pape.

207 2045 322 2092 Post
335 2043 718 2108 processionem,
739 2043 941 2109 candele
952 2058 1104 2107 vparve
1126 2041 1382 2090 duodecim
1399 2044 1527 2105 Pape
1545 2045 1591 2089 et
1608 2042 1927 2092 cardinalium

141 2127 335 2194 fuerunt
365 2143 569 2177 accense
601 2127 662 2176 ad
692 2127 996 2192 evangelium
1028 2127 1089 2175 ad
1109 2126 1239 2190 quod
1267 2125 1444 2189 singuli
1473 2125 1570 2173 suis
1597 2127 1820 2190 manibus
1848 2143 1930 2176 eas

139 2214 400 2258 tenuerunt
418 2213 465 2258 et
495 2210 556 2258 ad
577 2210 899 2260 elevationem
933 2209 1243 2268 sacramenti,
1274 2209 1369 2257 alio
1403 2214 1504 2257 toto
1532 2209 1679 2258 misse
1710 2214 1930 2274 tempore

139 2294 365 2364 extincte.
389 2295 578 2363 Aquam
599 2311 686 2359 pro
700 2295 883 2344 lotione
906 2300 1138 2358 manuum
1159 2296 1287 2358 Pape
1310 2296 1420 2356 post
1443 2291 1756 2340 candelarum
1774 2293 1932 2341 distri-

137 2377 389 2426 butionem
434 2378 720 2427 ministravit
769 2382 827 2427 D.
872 2378 1222 2442 Hieronymus,
1259 2380 1422 2424 orator
1460 2378 1782 2443 Venetorum.
1825 2378 1931 2445 Alia

140 2463 394 2512 observata
414 2468 525 2512 sunt
546 2479 683 2527 more¹
700 2464 859 2513 solit0.

206 2547 346 2596 Feria
373 2550 418 2607 3,
444 2547 493 2595 in
523 2549 680 2612 capite
698 2548 889 2612 jejunii,
922 2548 1140 2596 cinerum
1165 2552 1463 2611 nuncupata,
1489 2550 1546 2596 16
1568 2545 1817 2604 februarii,
1841 2547 1927 2595 SS.

140 2634 197 2679 D.
228 2635 394 2680 noster
420 2632 548 2681 venit
578 2636 775 2696 paratus
806 2631 867 2679 ad
899 2631 1134 2694 capellam
1167 2632 1422 2695 majorem,
1457 2630 1702 2679 benedixit
1740 2629 1929 2677 cineres

137 2730 254 2778 quas
299 2731 463 2764 coram
506 2731 564 2765 eo
598 2715 752 2765 tenuit
799 2718 856 2763 D.
895 2716 1132 2773 Vasinus3
1164 2715 1261 2763 imo
1313 2718 1371 2763 D.
1418 2713 1745 2763 Bernardinus
1784 2714 1931 2761 Gam-

139 2799 257 2847 bara
277 2799 602 2863 subdiaconus
627 2801 939 2866 apostolicUS,
964 2799 1243 2859 cantoribus
1262 2798 1455 2846 interim
1477 2797 1782 2847 cantantibus
1805 2797 1931 2846 anti-

138 2883 351 2947 phonam
390 2885 606 2943 Exaudi,
630 2893 744 2946 et0.,·
769 2885 940 2949 quibus
961 2883 1250 2942 benedictiS,
1275 2882 1480 2947 aspersit
1503 2887 1550 2931 et
1576 2882 1843 2930 incensavit
1865 2884 1923 2930 D.

142 2967 397 3015 cardinalis
426 2984 465 3016 s.
492 2968 708 3034 Dionysii
740 2969 1089 3027 celebraturus,
1115 2971 1309 3032 paratus
1344 2981 1480 3015 more
1509 2966 1669 3024 solito,
1702 2965 1931 3029 imposuit

143 3048 329 3098 cineres
360 3054 487 3116 Pape
520 3058 567 3100 et
593 3052 777 3116 primus
807 3053 910 3117 ipse
945 3051 1120 3101 deinde
1149 3067 1177 3099 a
1210 3066 1335 3115 papa
1363 3048 1548 3112 recepit
1579 3053 1627 3095 et
1658 3050 1768 3111 post
1798 3062 1927 3106 eum,

143 3133 398 3182 cardinalis
416 3136 756 3200 Neapolitanus
777 3155 787 3195 3
812 3142 859 3186 et
889 3136 983 3185 alia
1003 3151 1139 3184 more
1165 3135 1325 3183 solito.
1350 3135 1537 3196 Aquam
1559 3131 1780 3180 manibus
1802 3133 1928 3194 Pape

142 3220 250 3277 post
280 3215 498 3265 cinerum
532 3218 918 3268 distributionem
951 3219 1239 3269 ministravit
1270 3221 1327 3267 D.
1359 3216 1596 3265 Antonius
1627 3215 1686 3262 de
1714 3216 1930 3277 Spanoc-

143 3298 265 3357 chis,
291 3300 547 3363 magnifice
571 3304 932 3352 communitatis
955 3306 1192 3352 Senarum
1220 3306 1399 3350 orator.
1424 3303 1711 3348 Sermonem
1732 3299 1845 3354 fecit
1868 3301 1925 3345 D.

141 3371 373 3430 Martinus
404 3383 462 3430 de
483 3384 656 3444 Vian0,
682 3402 817 3449 sacre
843 3386 1085 3450 theologie
1114 3387 1378 3453 professor,
1403 3383 1680 3447 capellanus
1711 3382 1837 3430 Rmi.
1864 3384 1919 3428 D.

146 3465 403 3514 cardinalis
434 3483 473 3514 s.
497 3468 704 3532 Gedrgii.
