2202 3926
312 326 358 362 46
918 322 1150 360 JOHANNIS
1185 321 1480 367 BURCHARDI,
1867 323 1974 362 [Mars
1995 323 2087 362 1493]

312 424 499 489 pedites
535 428 761 483 armatOS,
799 439 1006 487 quorum
1041 441 1219 489 magna
1250 424 1390 489 copia
1421 423 1601 471 ibidem
1633 421 1777 485 longe
1807 421 1914 485 plus
1949 421 2089 469 solito

314 524 424 556 cum
443 507 625 557 lanceis
641 507 818 572 longis,
841 508 1034 556 ensibus
1054 509 1215 568 nudis,
1238 507 1460 557 halestris
1483 510 1530 555 et
1551 505 1653 553 aliis
1675 521 1919 553 armorum
1942 520 2091 569 gene-

313 592 443 642 ribus
464 591 736 649 incedebat,
760 595 901 655 prout
921 591 1032 640 feci.

382 679 483 725 Hoc
510 691 671 735 mane,
703 676 786 722 SS.
818 677 875 721 D.
900 676 957 722 N.
987 674 1037 720 in
1065 678 1252 724 secreto
1280 673 1567 722 consistorio
1590 676 1645 721 R.
1667 672 1716 720 in
1738 673 1926 723 Christo
1952 676 2005 722 P.
2032 675 2088 721 D.

317 760 581 824 Baptistam
621 761 786 806 sancte
824 756 974 806 Marie
1010 772 1132 807 nove
1179 759 1435 806 diaconum
1475 757 1769 805 cardinalem
1814 757 1873 806 de
1909 757 2093 806 Ursinis

316 843 573 907 vulgariter
609 844 957 904 nuncupatum,
998 841 1046 888 in
1079 843 1414 907 presbyterum
1445 841 1740 890 cardinalem
1773 842 2093 906 pronunciare

316 929 499 988 volens,
525 943 602 976 me
629 927 677 975 in
699 926 1039 976 consistorium
1059 925 1218 974 vocari
1239 926 1368 987 fecit,
1399 931 1446 975 et
1474 925 1652 975 ibidem
1679 942 1757 974 me
1786 924 2098 989 interrogavit

319 1029 379 1061 an
412 1011 543 1076 prius
580 1016 709 1060 esset
735 1010 783 1058 in
812 1010 1150 1076 presbyterum
1181 1010 1474 1058 ordinandus
1511 1015 1559 1059 et
1595 1010 1769 1058 deinde
1807 1009 1897 1058 sibi
1931 1009 2095 1058 titulus

320 1095 657 1160 assignandus,
674 1095 748 1143 vel
762 1095 895 1159 prius
910 1094 1303 1159 pronunciandus
1322 1098 1370 1143 et
1386 1094 1523 1142 locus
1537 1094 1663 1143 inter
1673 1095 1981 1159 presbyteros
1997 1110 2098 1143 car-

320 1179 505 1228 dinales
527 1179 616 1227 sibi
646 1178 848 1240 danduS,
881 1183 928 1228 et
954 1183 1125 1244 postea
1142 1178 1453 1228 ordinandus.
1478 1179 1721 1243 Respondi
1743 1179 1989 1227 Sanctitati
2011 1195 2096 1228 sue

320 1264 477 1328 primo
507 1280 614 1312 esse
639 1263 1060 1328 pronunciandum
1087 1263 1214 1311 inter
1232 1262 1544 1328 presbyteros
1569 1262 1658 1311 sibi
1684 1263 1845 1311 locum
1873 1263 2099 1322 dandum,

324 1349 498 1398 deinde
521 1348 842 1398 ordinandum
868 1348 915 1396 in
942 1348 1296 1414 presbyterum.
1335 1350 1438 1405 Quo
1468 1347 1733 1406 intellect0‚
1765 1347 2104 1396 consistorium

323 1432 460 1493 exivi,
486 1436 532 1480 et
564 1432 801 1481 Sanctitas
832 1448 919 1480 sua
948 1448 1007 1481 ex
1036 1437 1151 1481 tunc
1177 1431 1513 1497 pronunciavit
1539 1431 1781 1496 prefatum
1810 1431 2103 1481 cardinalem

323 1517 381 1566 de
411 1516 594 1566 Ursinis
617 1517 740 1565 tituli
769 1521 1048 1565 sanctorum
1078 1516 1311 1565 Johannis
1350 1521 1398 1565 et
1427 1516 1561 1564 Pauli
1598 1515 1953 1581 presbyterum,
1983 1520 2030 1565 et
2060 1515 2104 1565 ei

281 1646 285 1649 .
323 1600 457 1648 locus
478 1603 587 1664 post
607 1603 800 1649 Rmum.
824 1603 880 1648 D.
913 1600 1205 1649 cardinalem
1226 1600 1404 1648 Montis
1427 1599 1618 1664 Regalis
1640 1600 1778 1649 datus
1799 1600 1905 1648 fuit.

392 1686 494 1732 Hoc
521 1700 682 1745 mane,
715 1686 796 1733 SS.
831 1687 889 1732 D.
926 1687 982 1733 N.
1020 1685 1081 1733 ad
1109 1684 1358 1733 basilicam
1385 1683 1526 1732 beate
1553 1682 1704 1731 Marie
1740 1682 1939 1746 majoris
1970 1680 2106 1746 equi—

324 1772 473 1829 tante,
517 1768 638 1831 citra
683 1769 894 1833 plateam
936 1767 1218 1826 Judeorum,
1269 1770 1504 1814 venerunt
1552 1769 1767 1813 oratores
1810 1763 2106 1813 marchionis

323 1852 667 1901 Montisferrati
699 1853 1012 1900 Sanctitatem
1050 1867 1187 1899 suam
1223 1851 1351 1899 inter
1389 1849 1509 1898 alios
1550 1853 1765 1896 oratores
1800 1847 2103 1906 honoraturi‚

324 1938 450 1987 inter
471 1952 592 2000 quos
615 1940 662 1985 et
690 1942 935 1985 oratorem
965 1939 1232 1985 Senensem
1254 1937 1359 1982 orta
1391 1936 1465 1981 est
1495 1948 1639 1996 super
1658 1931 1970 1995 precedentia
1990 1947 2107 1979 con-

324 2022 493 2070 tentio.
517 2024 619 2077 Qua
638 2037 727 2085 per
757 2023 839 2069 SS.
872 2023 929 2068 D.
954 2022 1010 2069 N.
1036 2018 1300 2077 intellecta,
1330 2016 1573 2066 mandavit
1601 2015 1840 2064 Sanctitas
1868 2031 1956 2064 sua
1980 2015 2108 2078 quod

325 2120 424 2153 non
455 2103 805 2153 contenderent
832 2103 918 2152 sed
946 2103 1298 2152 concordarent
1321 2101 1392 2149 vel
1420 2099 1721 2149 recederent.
1752 2101 1855 2155 Quo
1880 2098 1996 2162 ipsis
2022 2114 2111 2162 per

327 2188 514 2236 socium
542 2203 707 2235 meum
739 2187 1027 2251 significato,
1054 2188 1111 2234 D.
1150 2186 1316 2234 Sacius
1350 2187 1655 2234 Benassanus
1687 2188 1850 2233 orator
1880 2183 2109 2233 Senensis

288 2279 297 2286 '
328 2271 529 2320 recessit
564 2275 610 2319 et
634 2271 842 2319 dominis
878 2273 1155 2319 Benvenuto
1188 2273 1235 2317 et
1263 2269 1503 2317 Ludovico
1532 2266 1803 2316 oratoribus
1833 2267 2109 2317 Montisfer-

327 2354 416 2404 rati
449 2355 611 2403 locum
641 2355 790 2415 dedit,
829 2355 909 2419 qui
947 2357 1001 2403 D.
1034 2353 1309 2418 Philippum
1345 2352 1595 2403 Valorium
1632 2355 1874 2400 oratorem
1908 2351 2108 2400 Floren-

330 2440 484 2487 tinum
512 2438 727 2486 medium
749 2438 876 2486 inter
902 2453 953 2486 se
980 2437 1271 2502 recipientes
1300 2452 1409 2484 cum
1441 2434 1545 2484 aliis
1573 2435 1845 2484 oratoribus
1865 2434 2002 2483 laicis
2023 2450 2110 2484 suo

331 2523 499 2572 ordine
522 2523 795 2586 equitarunt
813 2538 822 2582 ;
850 2521 1105 2586 episcopus
1126 2537 1239 2570 vero
1257 2520 1470 2569 Albanus
1493 2534 1660 2568 eorum
1679 2519 1864 2583 collega
1885 2517 2113 2583 equitavit

333 2606 461 2654 inter
492 2605 704 2670 prelatos
740 2605 791 2653 in
817 2605 925 2653 loco
960 2621 1064 2653 suo.
1102 2604 1380 2670 Cappellum
1402 2607 1529 2667 Pape
1559 2601 1764 2669 portavit
1786 2607 1843 2652 D.
1871 2605 2017 2651 Cesar
2051 2602 2109 2650 de

334 2688 632 2738 Beccadellis
655 2689 880 2737 soldanus
904 2705 960 2737 ex
984 2704 1177 2738 camera
1197 2691 1352 2753 Pape3
1379 2692 1425 2738 et
1446 2689 1539 2738 alia
1557 2705 1691 2738 more
1715 2688 1871 2738 solito.

399 2772 655 2821 Dominica
688 2771 903 2822 secunda
930 2773 1319 2837 quadragesime,
1347 2776 1372 2821 3
1401 2774 1579 2834 martii,
1610 2774 1664 2822 R.
1690 2774 1740 2821 in
1762 2771 1950 2822 Christo
1973 2774 2025 2822 P.
2052 2774 2107 2822 D.

335 2855 564 2916 Thomas,
600 2857 856 2921 episcopus
895 2856 1137 2918 Dolensis,
1170 2857 1399 2905 assistens
1437 2859 1586 2921 Pape,
1622 2857 1879 2906 celebravit
1913 2856 2111 2905 missam

336 2938 606 2987 solemnem
638 2939 687 2986 in
723 2940 906 3002 capella
942 2945 1192 3000 consueta,
1232 2942 1360 3004 Papa
1394 2944 1638 3004 presente.
1677 2942 1963 2988 Sermonem
2001 2938 2114 2988 fecit

334 3026 622 3085 procurator
650 3022 830 3069 ordinis
863 3023 1121 3071 minorum.
1152 3024 1259 3071 Alia
1279 3023 1441 3072 omnia
1469 3038 1606 3072 more
1640 3021 1779 3071 solito
1809 3027 1916 3070 sunt
1945 3019 2113 3088 obser-

335 3109 455 3153 vata.
502 3102 658 3153 Finita
698 3105 869 3166 missa,
919 3107 1086 3155 Rmus.
1136 3110 1193 3155 D.
1244 3105 1586 3171 Neapolitanus
1627 3119 1749 3153 unus
1798 3111 2112 3154 executorum

338 3189 614 3237 testamenti
636 3189 762 3236 bone
785 3190 1019 3238 memorie
1048 3189 1301 3238 cardinalis
1328 3187 1588 3238 Aleriensis
1618 3189 1677 3238 de
1702 3188 1899 3254 speciali
1919 3188 2114 3238 licentia

340 3273 468 3336 Pape
491 3272 732 3320 commisit
759 3270 877 3320 mihi
905 3273 1035 3336 quod
1061 3273 1259 3337 singulis
1289 3273 1481 3322 RRmis.
1520 3273 1618 3322 DD.
1650 3273 1972 3323 cardinalibus
2001 3271 2114 3322 inti-

341 3371 525 3405 marem
547 3355 750 3419 qualiter
770 3356 846 3405 die
871 3356 1078 3406 crastina
1103 3355 1152 3404 in
1177 3356 1374 3405 basilica
1402 3374 1440 3405 S.
1469 3358 1597 3406 Petri
1625 3363 1884 3422 agerentur
1909 3354 2112 3420 exequie

352 3440 439 3488 icti
481 3439 738 3488 cardinalis
775 3440 1052 3490 Aleriensis.
1083 3443 1190 3504 Ipse
1221 3442 1278 3488 D.
1311 3440 1565 3489 cardinalis
1602 3442 1942 3507 Neapolitanus
1969 3438 2114 3488 faciet
