2216 3886
171 292 385 333 [Novembre
408 293 501 331 1199]
619 291 785 330 RERUM
820 292 1121 330 URBANARUM
1153 293 1501 330 cOMMENTAffll.
1881 300 1951 336 575

171 394 289 442 lium
312 393 648 443 Ulixbonensis
677 410 715 441 s.
747 393 910 442 Crucis
943 384 993 441 et*
1021 394 1267 453 Senensis,
1300 410 1391 458 que
1422 400 1671 455 venerunt,
1699 402 1747 445 et
1770 399 1947 446 familia

172 477 429 526 cardinalis
449 477 750 542 Agrigentini
775 493 869 525 non
892 481 1073 525 vocata.
1099 480 1280 545 Corpus
1307 478 1517 542 positum
1546 479 1657 537 fuit3
1690 496 1948 545 responso-

171 561 294 609 rium
324 578 434 609 cum
463 561 784 620 absolutione,
809 577 943 610 more
964 562 1134 629 solito.
1168 562 1364 610 Interim
1394 562 1625 611 sederunt
1654 563 1703 612 in
1737 566 1949 613 secunda

169 645 394 705 ecclesia,
419 631 511 709 que
545 650 618 694 est
651 646 829 694 chorus
851 645 1019 710 prelati
1047 650 1094 695 et
1122 646 1257 695 finito
1283 647 1593 711 responsorio
1618 664 1729 696 cum
1757 648 1949 697 absolu-

170 728 315 789 tione,
338 735 643 779 recesserunt
665 746 853 779 omneS.
878 732 1060 794 Corpus
1081 734 1272 794 portare
1295 730 1387 780 feci
1409 731 1469 779 ad
1498 731 1713 780 medium
1741 732 1877 780 chori
1901 738 1948 781 et

170 814 383 862 funestos
400 814 569 862 sedere
590 813 703 861 hinc
723 813 835 862 inde
857 829 1002 877 super
1016 813 1226 861 scamnis
1245 814 1507 874 ordinatos,
1528 820 1574 862 et
1595 815 1723 863 dicta
1740 820 1786 863 et
1802 815 1950 864 missa

167 896 505 945 defunctorum
523 912 633 945 cum
657 897 861 945 diacono
880 902 927 945 et
950 896 1269 955 subdiacono;
1290 901 1398 961 post
1419 913 1478 945 cu
1478 899 1558 962 jus
1580 900 1745 958 linem,
1767 899 1946 948 dictum

168 979 342 1028 iterum
375 980 738 1045 responsorium
767 981 910 1029 libera
935 998 1007 1029 me
1039 981 1265 1045 paulatim
1285 997 1295 1040 ;
1319 981 1515 1030 interim
1539 982 1634 1030 duo
1668 983 1945 1032 sacerdotes

168 1068 350 1112 stantes
371 1064 430 1112 ad
450 1064 599 1128 pedes
621 1064 832 1113 defuncti
861 1065 1089 1129 legebant
1109 1065 1339 1128 psalmos,
1361 1065 1650 1129 antiphonas
1674 1070 1721 1114 et
1743 1082 1945 1130 respon—

167 1147 384 1208 soria‚,et
403 1148 633 1212 legendas
654 1151 972 1207 mortuorum,
993 1152 1041 1195 et
1062 1147 1313 1195 celebrans
1336 1151 1466 1196 stans
1488 1147 1550 1195 ad
1570 1152 1712 1211 caput
1732 1148 1942 1196 defuncti

158 1231 608 1295 legebatorationes
628 1231 846 1295 eJusdem
864 1231 1070 1295 legende
1091 1247 1100 1278 :
1123 1230 1296 1294 quibus
1319 1230 1484 1290 finitis,
1509 1231 1761 1280 celebrans
1783 1232 1943 1280 absol-

165 1314 226 1362 vit
243 1315 524 1364 defunctum
546 1331 680 1364 more
702 1315 860 1363 solito.
885 1316 989 1370 Quo
1011 1314 1156 1374 facto,
1183 1314 1423 1378 repositus
1446 1315 1535 1363 fuit
1564 1315 1624 1363 ad
1645 1315 1941 1379 sepulturam

163 1404 271 1447 ante
291 1399 439 1447 altare
467 1400 624 1462 majus
655 1399 703 1446 111
736 1400 887 1447 choro
910 1398 1124 1462 predicto
1152 1398 1213 1445 ad
1238 1398 1331 1447 hoc
1358 1415 1500 1446 mane
1526 1399 1615 1446 sibi
1635 1404 1870 1463 paratam,
1897 1403 1943 1448 et

163 1482 317 1546 posita
333 1483 470 1546 juxta
500 1499 612 1531 eum
643 1483 738 1531 olla
764 1481 1009 1546 sanguinis
1031 1482 1110 1544 qui
1139 1499 1225 1546 per
1245 1482 1541 1532 excisionem
1567 1483 1726 1531 cordis
1754 1483 1814 1532 de
1835 1499 1943 1532 cor-

163 1582 279 1628 pore
300 1566 575 1630 perflueret.
927 1633 931 1636 K

229 1650 368 1699 Feria
387 1650 571 1714 quinta,
599 1655 622 1698 7
655 1650 766 1698 dicti
789 1651 970 1699 mensis
999 1652 1291 1711 novembris,
1318 1652 1587 1702 Ludovicus
1611 1670 1692 1702 rex
1721 1653 1939 1703 Francie.

170 1736 369 1785 recessit
403 1735 462 1784 de
505 1735 693 1783 civitate
727 1734 986 1783 Mediolani
1023 1736 1263 1784 rediturus
1296 1737 1357 1785 ad
1390 1738 1665 1798 Franciam,
1697 1752 1744 1786 et
1778 1754 1942 1786 secum

160 1819 294 1868 duxit
328 1818 565 1867 Illustrem
600 1822 656 1866 l).
688 1818 889 1865 Mariam
921 1819 1146 1868 Sfortiam
1181 1820 1532 1880 vicecomitem,
1563 1821 1940 1885 primogenitum

163 1902 406 1965 quondam
439 1901 671 1950 ,iohannis
701 1901 901 1950 Galeatii
933 1902 1068 1950 ducis
1097 1903 1374 1964 Mediolani,
1396 1904 1571 1952 Illustri
1603 1907 1659 1951 D.
1684 1903 1941 1968 Hippolyta

162 1984 220 2033 de
253 1985 494 2049 Aragonia
531 1990 683 2032 matre
714 1988 770 2033 D.
808 1985 1051 2034 Francisci
1085 1987 1392 2052 primogeniti
1426 1986 1685 2035 Mediolani
1724 1986 1938 2034 dimissa.

163 2068 294 2118 Idem
316 2085 402 2117 rex
423 2068 633 2128 interim,
658 2069 819 2132 quoad
838 2069 1097 2118 Mediolani
1117 2072 1294 2120 mansit
1315 2071 1484 2120 habuit
1514 2087 1572 2120 ex
1599 2070 1802 2118 Francia
1821 2086 1942 2119 nova

162 2168 221 2199 ex
243 2153 427 2216 regina,
450 2152 684 2201 moderna
704 2169 852 2201 uxore
876 2170 978 2213 sua,
1004 2154 1198 2202 ducissa
1218 2154 1482 2213 Britannie,
1502 2154 1647 2202 tiliam
1670 2154 1758 2202 sibi
1780 2159 1941 2202 natam

162 2251 287 2295 esse,
319 2235 378 2284 de
411 2252 506 2299 quo
534 2253 705 2300 parum
739 2237 928 2301 gavisus
961 2242 1050 2286 est.
1083 2239 1260 2287 Habuit
1291 2238 1466 2287 deinde
1498 2238 1654 2287 adhuc
1684 2238 1939 2286 Mediolani

164 2319 375 2368 existens
397 2319 490 2368 alia
509 2336 631 2369 nova
657 2321 715 2369 de
738 2322 957 2386 ejusdem
979 2322 1076 2370 filie
1099 2323 1247 2382 obitu,
1270 2323 1329 2371 de
1351 2338 1444 2386 quo
1466 2338 1635 2386 parum
1657 2323 1803 2370 etiam
1825 2339 1942 2371 con-

166 2403 380 2452 tristatus
399 2407 488 2452 est.

228 2485 367 2534 Feria
410 2486 645 2546 secunda,
686 2491 737 2534 11
783 2487 895 2536 dicti
938 2490 1120 2538 mensis
1165 2491 1461 2548 novembris,
1499 2507 1593 2554 que
1643 2490 1726 2538 t’uit
1766 2492 1941 2539 festum

162 2586 200 2616 s.
234 2569 424 2616 Martini
458 2570 690 2633 episcopi,
724 2571 988 2634 baptizatus
1015 2576 1088 2621 est
1118 2574 1164 2620 in
1200 2573 1399 2622 basilica
1430 2591 1469 2620 S·
1506 2573 1651 2632 Petri,
1676 2573 1725 2620 iu
1757 2572 1936 2637 capella

162 2651 278 2701 Sixti
298 2669 421 2716 pape
442 2654 523 2701 ΙΙΙΙ
545 2669 633 2717 per
653 2657 845 2702 Rmum.
874 2658 930 2704 D.
950 2655 1243 2705 cardinalem
1262 2657 1647 2721 Neapolitanum,
1674 2656 1937 2705 Rodericus

161 2741 301 2785 natus
322 2753 382 2785 ex
408 2737 628 2786 Lucretia
651 2738 844 2802 Borgia,
871 2741 955 2787 SS.
991 2742 1047 2787 D,
1075 2740 1130 2787 N.
1159 2740 1273 2788 filia.
1297 2740 1384 2789 Die
1407 2740 1566 2804 prima
1587 2740 1754 2804 hujus,
1777 2744 1830 2788 ut
1856 2756 1936 2787 su-

161 2835 245 2884 pra
265 2819 380 2879 dixi,
403 2820 498 2870 hoc
517 2820 684 2870 ordine
704 2826 873 2885 parata
894 2826 942 2870 et
959 2828 1130 2872 ornata
1150 2824 1236 2872 suit
1256 2823 1440 2888 capella
1458 2823 1582 2871 Rmi.
1603 2826 1659 2871 l).
1679 2823 1936 2871 cardinalis

161 2920 201 2952 s.
222 2904 369 2953 Marie
403 2903 451 2952 in
482 2905 689 2969 porticu,
713 2904 760 2952 iu
796 2906 994 2954 basilica
1024 2906 1259 2971 predicta,
1289 2907 1402 2956 hinc
1436 2907 1547 2956 inde
1583 2906 1771 2971 magnis
1802 2910 1936 2971 tape-

164 2986 285 3035 tibus
315 2988 520 3047 duobus,
545 3005 750 3052 quorum
782 2989 983 3053 quilibet
1014 3006 1226 3050 murum,
1255 3006 1507 3040 scamnum
1542 2995 1588 3039 et
1619 2994 1798 3039 terram
1826 2995 1935 3038 ante

163 3086 412 3120 scamnum
445 3072 781 3136 cooperiebat3
815 3074 965 3123 altare
1000 3075 1186 3123 nullum
1220 3080 1558 3124 ornamentum
1590 3075 1819 3133 habebat,
1851 3074 1937 3121 sed

162 3154 379 3218 simplice
406 3168 599 3219 mappa,
624 3157 739 3205 satis
768 3156 1016 3206 immunda
1040 3164 1088 3207 et
1121 3163 1260 3223 rupta
1286 3165 1584 3222 coopertum.
1609 3160 1857 3207 Venerunt
1877 3155 1933 3204 ad

162 3236 385 3286 eamdem
405 3238 638 3302 capellam
660 3246 707 3288 et
729 3235 1140 3304 congregaverunt
1167 3259 1219 3292 se
1250 3258 1420 3290 omnes
1447 3241 1714 3290 cardinales
1739 3241 1788 3288 111
1810 3241 1934 3289 Urbe

162 3320 445 3381 existenteS,
477 3337 679 3372 numero
705 3340 801 3383 xvi,
838 3323 1060 3373 videlicet
1093 3326 1458 3389 NeapolitanuS,
1496 3340 1534 3372 S.
1571 3324 1767 3388 Angeli,
1808 3324 1935 3373 Ulix-

159 3402 409 3463 bonensiS,
454 3408 819 3467 RecanatensiS,
858 3407 1100 3472 episcopi,
1140 3425 1178 3457 s.-
1215 3409 1499 3467 Clementis,
1544 3410 1929 3457 Beneventanus.
