2202 3926
173 334 372 376 [Mai1494]
612 330 780 367 RERUM
813 329 1116 367 URBANARUM
1145 329 1494 371 COMMENTARII.
1889 342 1957 378 167

173 436 306 494 dum,
332 439 380 485 et
407 435 528 483 duos
557 433 738 482 similes
763 433 822 482 ad
850 433 1136 493 sedendum,
1162 438 1208 483 et
1234 436 1467 486 sedebant
1496 440 1783 504 quandoque
1816 445 1955 493 sede-

171 520 288 568 bant
315 519 503 583 legatus
540 521 587 567 et
618 532 703 566 rex
734 521 782 566 et
810 532 920 565 cum
952 516 1045 565 illis
1079 517 1224 567 etiam
1258 520 1447 568 stabant
1470 526 1517 570 et
1541 524 1950 585 genuflectebant.

171 603 245 652 Ad
265 602 584 651 elevationem
619 600 927 659 sacramenti,
963 615 1168 664 sponsus
1207 606 1253 650 et
1289 618 1468 666 sponsa
1506 606 1747 669 genuflexi
1782 613 1954 656 tenue-

172 691 283 735 runt
300 686 503 750 quilibet
531 701 678 733 unum
706 700 901 734 cereum
933 684 1094 732 album
1122 685 1324 748 pulchre
1344 686 1616 737 laboratum
1638 706 1691 738 111
1721 691 1953 741 librarum

170 771 245 820 vel
288 771 435 829 circa,
464 786 495 818 x
534 769 735 817 ducatos
763 768 936 816 infixos
966 767 1169 831 bahem,
1202 768 1308 816 illos
1346 786 1397 817 se
1439 775 1661 820 tenentes
1702 790 1853 838 usque
1892 776 1953 823 ad

171 855 318 904 finem
362 854 533 911 misse,
577 856 778 916 excepto
818 867 876 899 eo
917 856 1136 915 tempore
1185 868 1281 915 quo
1328 853 1397 907 eis
1434 871 1526 918 pax
1566 856 1797 918 dabatur;
1839 863 1951 908 tunc

172 938 375 987 clericus
414 935 614 984 sacriste
652 934 806 982 tenuit
843 935 1010 982 ambos
1045 950 1215 983 cereos
1249 941 1314 995 et,
1344 953 1463 1000 pace
1493 945 1708 1003 accepta,
1742 941 1847 990 illos
1882 944 1951 993 eis

171 1021 394 1071 restituit.

235 1107 381 1153 Facta
402 1100 669 1151 elevatione
691 1099 981 1148 sacramenti
1003 1104 1190 1149 tentum
1212 1102 1298 1151 fuit
1329 1119 1475 1168 super
1491 1122 1723 1170 sponsum
1742 1113 1789 1156 et
1811 1125 1952 1173 spon-

171 1204 274 1237 sam
304 1185 648 1235 baldachinum
675 1200 786 1233 cum
813 1190 1022 1248 quatuor
1039 1184 1242 1244 baculiS,
1262 1202 1467 1249 quorum
1491 1206 1639 1238 unum
1659 1192 1852 1240 tenebat
1874 1194 1943 1242 lll.

172 1276 228 1321 D.
248 1271 494 1320 Johannes
515 1269 900 1318 Picco‘lomineus
919 1269 977 1317 de
998 1269 1242 1332 Aragonia
1261 1271 1479 1319 marchio
1496 1273 1628 1321 Lisiti
1646 1275 1796 1325 frater
1812 1277 1947 1326 ducis

171 1355 320 1415 Melfi,
358 1371 510 1419 nepos
549 1353 673 1403 Rmi.
711 1352 968 1401 cardinalis
1007 1353 1238 1402 Senensis
1268 1369 1326 1402 ex
1356 1355 1527 1416 fratre,
1562 1359 1848 1422 magnificus
1888 1364 1944 1410 D.

172 1439 370 1489 Carolus
392 1454 556 1487 comes
570 1437 780 1488 Venafre
801 1437 1087 1498 secundum,
1106 1437 1301 1487 tertium
1317 1438 1384 1498 (et
1401 1440 1544 1498 male,
1563 1441 1674 1504 quia
1694 1443 1949 1507 religiosus

170 1541 267 1574 non
296 1523 442 1572 debet
467 1520 652 1586 gravari
681 1521 730 1569 in
768 1521 1022 1586 similibus)
1056 1521 1307 1585 religiosus
1342 1525 1399 1570 D.
1431 1524 1745 1573 Collerandus
1780 1528 1953 1592 Borgia

171 1609 309 1658 miles
339 1606 521 1656 ordinis
552 1605 706 1654 sancti
729 1604 963 1653 Johannis
995 1605 1423 1667 Hierosolimitani,
1449 1608 1597 1656 frater
1617 1611 1740 1659 Rmi.
1768 1614 1823 1660 D.
1849 1629 1953 1662 car-

172 1691 345 1740 dinalis
365 1690 531 1754 legati,
549 1693 595 1738 et
613 1692 836 1752 quartum
858 1687 1142 1752 magnificus
1161 1691 1218 1737 D.
1238 1690 1606 1740 Bartholomeus
1628 1695 1771 1743 Serra
1790 1697 1946 1758 miles,

173 1793 324 1841 usque
346 1777 407 1825 ad
426 1780 535 1841 post
556 1773 949 1824 communionem
971 1772 1277 1821 celebrantis.
1304 1774 1444 1823 Dicto
1471 1793 1560 1840 per
1583 1778 1912 1828 celebrantem
1938 1798 1946 1827 :

175 1861 270 1909 Per
299 1860 456 1908 omnia
492 1859 647 1906 secula
680 1857 944 1905 seculorum
975 1861 1085 1905 ante
1115 1874 1220 1920 paz
1256 1858 1471 1919 Domini,
1509 1861 1761 1909 celebrans
1794 1863 1951 1927 posuit

172 1947 531 1992 sacramentum
559 1957 706 2005 super
731 1945 957 2004 patenam
977 1955 1129 2003 usque
1150 1940 1281 1989 illam
1302 1943 1588 2005 particulam
1614 1961 1707 2008 que
1731 1946 1950 2009 sanguini

173 2032 274 2076 erat
292 2025 671 2083 commiscenda,
697 2028 745 2073 et
763 2039 1022 2072 conversus
1051 2023 1111 2071 ad
1139 2039 1369 2088 sponsum
1389 2030 1436 2074 et
1455 2043 1683 2090 sponsam
1711 2030 1757 2076 in
1780 2044 1950 2077 eorum

171 2111 279 2159 loco
310 2113 671 2173 permanentes,
696 2112 827 2155 stans
858 2106 907 2153 in
935 2106 1097 2154 medio
1119 2107 1280 2155 altaris
1303 2108 1418 2156 dixit
1449 2126 1594 2173 super
1615 2112 1684 2160 eis
1711 2113 1951 2160 Dominus

174 2193 405 2241 vobiscum
437 2191 653 2249 Oremus,
669 2191 935 2253 propitiare
960 2190 1168 2239 Domine
1198 2200 1304 2252 eta,
1329 2198 1471 2256 prout
1494 2194 1542 2241 in
1571 2195 1812 2244 ordinario
1836 2213 1951 2245 nea-

171 2275 385 2343 politano
425 2275 484 2324 de
521 2274 690 2322 ordine
724 2273 1046 2322 benedicendi
1081 2290 1309 2338 sponsam
1339 2277 1632 2326 continetur.
1671 2280 1774 2335 Qua
1804 2279 1948 2340 dicta,

173 2375 433 2409 conversus
465 2359 524 2407 ad
551 2359 700 2407 altare
735 2358 985 2406 celebrans
1022 2362 1222 2422 accepta
1256 2359 1495 2425 particula
1524 2361 1641 2410 dixit
1669 2379 1678 2410 :
1709 2363 1818 2411 Ρααθ
1852 2365 1952 2411 Do-

170 2445 289 2494 mini
309 2452 416 2503 ΒίΒ.,
442 2447 541 2491 tum
564 2442 691 2491 dicta
711 2442 928 2491 oratione
955 2446 1065 2506 post
1094 2442 1302 2492 Domine
1331 2443 1447 2492 Jesu
1483 2444 1670 2494 Christe
1696 2455 1801 2507 ete„
1828 2448 1952 2497 cele-

172 2530 318 2578 brans
340 2527 471 2576 dedit
491 2525 665 2592 pacem
683 2526 887 2575 diacono
910 2542 1019 2575 cum
1042 2542 1143 2586 ore,
1170 2532 1216 2576 et
1239 2527 1471 2576 diaconus
1496 2544 1606 2576 cum
1636 2544 1720 2577 ore
1748 2546 1945 2594 sponso,

170 2616 218 2661 et
239 2628 351 2661 cum
371 2627 456 2660 ore
482 2626 686 2675 sponsus
709 2626 902 2674 sponse.
924 2614 1133 2675 Legatus
1156 2617 1204 2662 et
1224 2628 1309 2660 rex
1339 2628 1434 2660 non
1458 2616 1728 2665 habuerunt
1755 2631 1943 2679 pacem,

170 2695 284 2759 quia
302 2695 369 2743 ita
385 2695 610 2743 dixerunt
629 2710 734 2743 esse
757 2699 1062 2744 consuetum.

235 2781 383 2828 Facta
403 2778 764 2840 communione,
788 2778 1001 2828 ablatum
1028 2779 1118 2829 fuit
1141 2780 1499 2841 baldachinum,
1531 2787 1584 2847 et,
1608 2782 1876 2848 repositum
1898 2782 1946 2830 in

170 2862 403 2912 sacristia.

236 2946 392 2996 Finita
423 2946 588 3006 missa,
614 2962 820 3011 sponsus
850 2952 898 2996 et
932 2964 1110 3013 sponsa
1139 2955 1451 2999 accesserunt
1481 2957 1592 3002 ante
1624 2953 1790 3012 altare,
1816 2958 1864 3001 et
1883 2953 1949 3000 ibi

169 3030 222 3077 in
253 3030 421 3079 ultimo
455 3031 605 3095 gradu
640 3046 785 3095 super
817 3031 957 3080 dictis
990 3033 1179 3082 duobus
1217 3034 1421 3082 cussinis
1457 3037 1850 3100 genuflexerunt.·
1877 3036 1951 3084 Ad

175 3113 306 3176 ipsos
332 3129 592 3163 conversus
619 3114 871 3164 celebrans
905 3131 1013 3164 cum
1048 3117 1191 3166 mitra
1223 3122 1354 3166 stans
1388 3119 1505 3167 dixit
1531 3137 1540 3167 :
1568 3121 1722 3183 accipe
1754 3135 1949 3167 uxorem

174 3204 304 3244 tuam
339 3205 446 3256 etc„
475 3203 616 3261 prout
643 3199 693 3246 in
726 3199 854 3247 dicto
886 3199 1144 3248 ordinario.
1170 3203 1290 3249 Tum
1326 3218 1550 3265 sponsus,
1574 3203 1749 3251 deinde
1774 3218 1950 3267 sponsa

175 3278 453 3327 obtulerunt
482 3281 746 3330 celebranti
783 3298 949 3331 cereos
984 3299 1095 3331 cum
1125 3285 1329 3344 ducatis,
1355 3299 1552 3332 manum
1581 3284 1623 3332 ei
1654 3284 1946 3339 osculantes,

176 3362 235 3410 de
269 3362 441 3425 quihus
478 3366 642 3410 tamen
682 3364 859 3412 famule
906 3367 1071 3429 regine
1113 3367 1233 3414 duos
1267 3368 1464 3416 ducatos
1518 3368 1719 3416 totidem
1760 3366 1947 3430 publice

181 3449 504 3503 extraxerunt,
530 3445 747 3494 videlicet
767 3447 826 3495 de
849 3448 1059 3510 quolibet
1080 3465 1222 3498 cereo
1244 3466 1392 3498 unum
1413 3451 1657 3498 ducatum.
