2222 3926
131 333 348 374 [Decemhre
369 335 462 374 1495]
582 333 754 372 RERUM
784 333 1089 371 URBANARUM
1123 333 1474 373 COMMENTARII.
1850 336 1919 371 259

133 435 193 484 de
219 436 470 484 Gambaris
501 436 722 500 ejusdem
753 439 811 486 D.
835 436 1000 486 Vasini
1032 436 1164 484 fratri
1199 435 1511 491 consobrino,
1538 451 1594 482 ac
1626 435 1730 497 ipso
1764 438 1910 482 Inno-

134 519 293 568 centio
315 519 364 568 in
394 520 486 568 vim
510 520 706 569 alterius
735 520 1098 585 supplicationis
1120 519 1332 577 clericali
1354 519 1596 583 adscripto
1626 535 1682 566 ac
1701 518 1912 566 clericali

133 608 378 653 caractere
399 604 630 668 insignito
667 609 715 653 et
742 605 802 653 ad
833 604 1037 669 primam
1067 609 1317 653 tonsuram
1341 604 1560 652 ordinato
1595 607 1704 666 post
1742 602 1912 650 introi-

133 693 236 740 tum
271 687 418 736 misse
458 687 657 748 dictum,
679 688 917 753 ejusdem,
942 691 998 737 D.
1023 688 1276 747 Vasinum,
1303 687 1461 751 Kyre‘e
1487 688 1656 735 eleison
1683 687 1831 745 dicto,
1857 686 1917 734 ad

133 786 304 819 omnes
343 772 574 820 minores.
606 775 724 821 Tum
761 773 890 821 dicta
924 773 1078 836 ylore'a
1107 773 1156 820 in
1188 772 1406 820 Excelsis
1446 778 1494 820 et
1529 770 1826 820 orationibus
1856 770 1914 818 de

133 854 258 903 festo
291 859 338 904 et
375 872 462 920 pro
500 857 776 905 ordinandis
798 857 886 904 sub
925 873 1021 905 una
1041 857 1375 915 conclusione,
1413 861 1461 904 et
1484 856 1541 904 de
1564 855 1684 904 feria
1704 854 1793 902 sub
1824 855 1915 903 alia

130 940 289 1003 ipsum
304 940 487 988 dictum
516 940 750 990 Vasinum
772 940 834 988 ad
868 940 1258 999 subdiaconatus,
1284 939 1459 988 deinde
1501 944 1610 1004 post
1630 939 1911 1004 epistolam,

131 1023 193 1072 ad
218 1024 516 1083 diaconatus,
554 1028 601 1072 et
638 1023 873 1087 graduali,
916 1039 972 1071 ac
995 1023 1210 1071 Alleluia
1242 1040 1354 1071 cum
1383 1040 1471 1072 suo
1501 1040 1644 1072 versu
1681 1023 1821 1072 dictis
1855 1024 1915 1071 ad

127 1108 487 1173 presbyteratus
520 1122 685 1156 sacros
721 1107 919 1156 ordines
955 1107 1184 1155 eumdem
1222 1110 1282 1155 D.
1316 1109 1550 1157 Vasinum
1590 1108 1826 1156 ordinavit
1866 1108 1914 1154 in

128 1190 285 1238 forma
322 1190 536 1238 Ecclesie
577 1195 830 1248 consueta,
877 1190 1186 1254 presentibus
1230 1191 1376 1239 etiam
1420 1195 1476 1240 D.
1516 1192 1815 1240 Bernardino
1854 1191 1913 1238 de

130 1274 380 1323 Gambaris
402 1273 698 1323 subdiacono
722 1274 1226 1337 apostolico,Grester,
1252 1275 1488 1323 canonico
1512 1275 1717 1324 ecclesie
1741 1293 1779 1322 s.
1806 1275 1915 1322 Flo-

128 1359 268 1407 rentii
291 1358 648 1417 Hacelacensis,
674 1357 1036 1421 Argentinentis
1057 1358 1281 1417 diecesis,
1307 1359 1529 1407 testibus.

196 1442 335 1491 Feria
355 1442 537 1505 quinta,
576 1445 635 1490 24
664 1441 846 1490 mensis
871 1442 1161 1502 decembris,
1187 1442 1349 1506 vigilia
1378 1443 1637 1491 nativitatis
1658 1443 1915 1492 Salvatoris

131 1527 283 1576 nostri
301 1530 344 1575 J.
361 1526 556 1585 Christi,
571 1528 655 1575 SS.
676 1529 734 1574 D.
748 1531 916 1575 noster
931 1531 1125 1591 paratus
1147 1542 1283 1576 more
1297 1527 1436 1576 solito
1448 1527 1578 1575 venit
1589 1526 1649 1575 ad
1667 1528 1915 1576 basilicam

134 1629 173 1660 s.
215 1610 362 1669 Petri,
395 1609 722 1670 subdiaconis,
765 1611 1083 1670 auditoribus,
1117 1611 1306 1660 clericis
1340 1627 1533 1660 camere
1561 1617 1608 1660 et
1638 1609 1839 1676 acolytis
1870 1612 1918 1659 in

134 1694 482 1759 superpelliciis
521 1694 913 1759 precedentibus,
949 1695 1096 1743 etiam
1127 1695 1426 1744 Bernardino
1454 1696 1693 1744 Gambara
1723 1696 1917 1744 subdia-

133 1795 257 1828 cono
279 1794 477 1827 crucem
498 1778 766 1838 deferente,
790 1778 919 1842 quod
948 1783 1062 1827 tunc
1090 1795 1189 1827 non
1219 1779 1552 1839 conveniebat,
1580 1781 1693 1843 quia
1713 1780 1919 1829 debebat

132 1878 239 1911 esse
261 1862 311 1909 in
337 1877 504 1926 cappa.
530 1865 678 1910 Facta
708 1878 795 1926 per
829 1862 1098 1911 cardinales
1133 1864 1420 1921 reverentia,
1457 1868 1750 1928 acceperunt
1778 1881 1918 1928 para-

133 1951 296 1995 menta
316 1950 362 1994 et
373 1945 500 1996 dicte
514 1946 711 1995 fuerunt
722 1962 951 2010 vespere:
978 1947 1183 2011 primam
1199 1948 1514 2012 antiphonam
1545 1948 1606 1996 ad
1630 1948 1920 2012 Maynificat

133 2030 366 2079 intonavit
407 2032 558 2095 Papa;
590 2028 855 2079 secundam
887 2030 1201 2094 antiphonam
1234 2033 1485 2092 Senensis;
1526 2032 1734 2092 tertiam,
1766 2049 1804 2079 s.
1826 2035 1920 2079 An-

135 2115 254 2179 geli;
280 2118 520 2178 quartam,
555 2131 593 2162 s.
623 2114 910 2172 Clementis;
948 2115 1182 2178 quintam,
1214 2133 1252 2163 s.
1285 2116 1477 2180 Georgii
1507 2116 1774 2164 cardinales
1813 2131 1822 2162 :
1858 2118 1914 2162 D.

136 2198 432 2247 Bernardino
472 2198 729 2255 Gambara,
761 2198 1076 2258 subdiacono,
1109 2199 1431 2263 anthiphonas
1467 2205 1513 2249 et
1551 2204 1608 2249 D.
1645 2200 1830 2248 Achille
1859 2200 1917 2247 de

131 2282 317 2330 Grassis
356 2281 591 2346 hymnum
621 2281 1042 2346 preintonantibus
1070 2299 1079 2330 :
1109 2283 1364 2332 cardinalis
1394 2301 1434 2333 s.
1466 2285 1638 2348 Angeli
1661 2283 1917 2348 episcopus

133 2365 519 2415 Portuensisfuit
543 2366 795 2415 assistenS.
820 2365 1082 2415 Aliamore
1105 2367 1246 2416 solito
1280 2374 1390 2415 sunt
1411 2368 1679 2417 observata.

197 2454 251 2500 In
271 2454 414 2500 nocte
436 2451 564 2499 inter
584 2451 842 2515 septimam
872 2455 920 2499 et
945 2456 1164 2500 octavam
1191 2453 1380 2509 horam,
1401 2454 1529 2515 Papa
1549 2450 1745 2500 indutus
1767 2468 1919 2515 cappa

133 2535 193 2584 de
226 2537 500 2584 cremesino
534 2541 583 2583 et
619 2535 724 2583 aliis
759 2551 896 2584 more
939 2536 1097 2596 solito,
1133 2537 1263 2585 venit
1302 2537 1362 2584 ad
1395 2536 1647 2600 capellam,
1687 2535 1917 2599 episcopo

135 2620 472 2684 Segobricensi
491 2619 706 2668 fimbrias
729 2619 996 2668 deferente.
1028 2620 1124 2668 Sed
1150 2624 1408 2684 antequam
1442 2636 1595 2684 cappa
1617 2620 1913 2678 indueretur,

135 2702 381 2753 benedixit
414 2718 601 2763 ensem,
638 2707 771 2751 stans
804 2704 853 2750 in
887 2702 967 2751 illo
1006 2704 1116 2752 loco
1151 2710 1262 2752 ante
1298 2704 1479 2752 lectum
1513 2703 1799 2768 paramenti,
1836 2703 1916 2750 ubi

134 2792 420 2852 paramenta
447 2792 719 2851 acceperat,
759 2789 816 2835 D.
850 2789 893 2835 J.
930 2790 1089 2852 Drago
1118 2788 1336 2836 auditore
1374 2803 1538 2836 coram
1571 2788 1916 2857 ex-genussexo

136 2886 304 2922 ensem
322 2887 431 2919 cum
466 2871 651 2935 capello
669 2871 882 2935 desuper
909 2872 1133 2920 manibus
1155 2876 1373 2921 erectum
1396 2876 1610 2932 tenente,
1632 2873 1745 2936 quia
1761 2868 1916 2920 nullus

136 2955 337 3005 clericus
364 2971 555 3005 camere
587 2955 820 3004 interfuit.
855 2956 1121 3004 Benedicto
1154 2973 1288 3017 ense,
1321 2956 1566 3006 cardinale
1595 2973 1634 3005 s.
1665 2957 1917 3007 Anastasia

137 3038 460 3099 ministrante,
494 3042 621 3103 Papa
647 3038 878 3102 imposuit
898 3040 1171 3096 incensum,
1196 3041 1370 3090 deinde
1392 3041 1658 3090 incensavit
1680 3057 1848 3089 ensem
1871 3046 1918 3090 et

133 3122 263 3170 venit
282 3123 343 3171 ad
378 3123 635 3187 capellam,
660 3127 713 3172 ut
734 3122 992 3186 prefertur,
1018 3124 1342 3173 cardinalibus
1374 3128 1553 3189 Papam
1583 3126 1913 3189 sequentibus.

135 3204 312 3253 Ensem
332 3207 537 3269 portavit
554 3207 768 3271 prefatus
790 3206 983 3255 auditor
1002 3206 1283 3256 immediate
1301 3211 1411 3255 ante
1434 3223 1629 3255 crucem
1648 3209 1878 3256 incedens
1906 3225 1913 3254 ι

137 3287 268 3352 Papa
285 3287 466 3352 incepit
486 3289 791 3349 matutinum,
812 3289 930 3338 dixit
947 3289 1275 3339 absolutiones
1297 3296 1346 3339 et
1365 3291 1728 3340 benedictiones
1749 3307 1918 3339 omnes

92 3427 95 3430 v
136 3366 187 3418 in
216 3370 357 3418 libro.
398 3370 725 3422 Interfuerunt
770 3372 1032 3420 tresdecim
1074 3373 1361 3432 cardinales,
1392 3373 1615 3422 videlicet
1644 3392 1656 3425 ,:
1690 3391 1730 3422 s,
1769 3377 1920 3422 Anas-

141 3452 278 3513 tasie,
297 3453 473 3502 Montis
495 3453 705 3517 RegaliS,
736 3471 775 3501 s.
802 3455 1036 3518 Dionysii,
1055 3455 1408 3504 Alexandrinus
1435 3462 1482 3505 et
1508 3473 1546 3504 s.
1574 3458 1754 3515 Crucis,
1782 3470 1918 3520 pres-
