2228 3938
292 347 339 382 20
912 345 1143 382 JOHANNIS
1178 344 1473 390 BURCHARDI,
1751 346 1961 387 [Decembre
1984 351 2078 391 1492]

294 447 572 496 Orationem
594 446 709 495 fecit
731 449 788 495 D.
817 447 1130 496 Sebastianus
1154 449 1419 497 Baduarius
1443 449 1555 497 etati
1583 464 1668 498 sue
1689 451 2074 502 convenientem.

291 531 447 580 Finito
470 530 755 580 consistorio
790 533 848 579 D.
879 531 1058 580 Marius
1082 534 1272 581 Leonus
1299 532 1505 596 portavit
1536 532 1752 581 fimbrias
1780 536 2076 598 posteriores

291 615 519 678 pluviales
541 630 682 679 pape,
709 620 756 664 et
778 615 870 663 alia
891 631 1026 663 more
1051 616 1190 664 solito
1214 616 1472 664 observata
1494 621 1621 663 sunt.

360 698 499 747 Feria
533 703 691 759 sexta,
729 698 854 746 festo
896 698 1048 746 sancti
1083 699 1268 747 Thome
1302 699 1524 763 apostoli,
1569 702 1624 746 21
1664 699 1952 761 decembris,
1989 702 2077 751 fuit

290 783 537 848 publicum
575 781 915 830 consistorium
951 781 1000 828 in
1034 781 1190 845 prima
1219 782 1328 830 aula
1359 782 1521 846 palatii
1554 782 1833 846 supradicti,
1862 785 1975 848 quia
2004 786 2073 834 sic

289 866 468 931 placuit
494 865 727 930 pontifici,
756 865 870 914 licet
899 864 1080 929 pluries
1107 864 1182 912 his
1217 864 1387 913 diebus
1416 865 1665 913 Sanctitati
1695 881 1781 915 sue
1803 866 2008 915 dixerim
2027 867 2076 915 id

289 955 486 1014 propter
512 950 629 998 tanti
658 948 860 1012 apostoli
887 949 1064 996 festum
1094 964 1191 996 non
1225 948 1501 1009 convenire,
1537 949 1623 997 sed
1651 949 1810 1012 potius
1846 950 1971 1010 heri,
2002 951 2076 1000 vel

291 1050 397 1082 cras
419 1034 523 1083 fieri
545 1034 778 1098 potuisse.
805 1036 978 1081 Parata
1007 1033 1093 1081 suit
1117 1032 1330 1081 secunda
1357 1032 1466 1080 aula
1487 1036 1598 1081 ante
1621 1048 1866 1082 cameram
1888 1039 2076 1098 aposto-

288 1117 433 1166 licam
471 1134 579 1165 cum
614 1117 811 1181 pannis,
850 1121 897 1165 et
930 1116 1055 1180 ignis
1101 1116 1150 1164 in
1194 1132 1252 1165 ea
1290 1132 1524 1165 accensus
1563 1117 1940 1166 :consistorium
1979 1118 2073 1167 hoc

288 1201 507 1249 habitum
539 1206 612 1249 est
638 1216 726 1264 pro
761 1200 1038 1249 obedientia
1069 1217 1156 1264 per
1188 1205 1404 1250 oratores
1436 1201 1731 1250 serenissimi
1760 1203 1888 1266 regis
1913 1203 2075 1251 Ferdi-

289 1285 433 1332 nandi
456 1284 757 1349 Neapolitani
775 1284 904 1348 regis
925 1285 1203 1348 prestanda.
1230 1285 1478 1349 Proposite
1499 1285 1696 1333 fuerunt
1717 1290 1815 1334 tres
1836 1286 2066 1335 commis-

290 1368 467 1417 siones.
513 1368 722 1416 Primam
763 1368 1014 1432 proposuit
1060 1370 1117 1416 D.
1154 1369 1366 1432 Angelus
1414 1368 1472 1417 de
1510 1369 1660 1430 Cesis‚
1704 1370 1967 1419 secundam
2012 1373 2069 1419 D.

290 1452 576 1500 Octavianus
598 1454 882 1510 Suessanus,
908 1452 1098 1500 tertiam
1127 1454 1184 1499 D.
1211 1452 1386 1500 Paulus
1408 1452 1614 1511 Planca;
1650 1458 1697 1502 et
1725 1453 1837 1517 quia
1857 1458 2072 1503 oratores

288 1539 398 1598 post
419 1535 567 1583 finem
589 1535 729 1583 tertie
762 1534 1119 1583 commissionis
1139 1535 1354 1584 nondum
1375 1541 1625 1597 venerant,
1650 1537 1709 1585 de
1731 1536 1959 1586 mandato
1983 1540 2067 1586 SS.

290 1622 347 1666 D.
373 1620 429 1666 N.
456 1618 714 1667 asserentis
740 1619 894 1682 ipsam
914 1618 1103 1666 tertiam
1125 1619 1521 1669 commissionem
1544 1636 1651 1669 esse
1674 1620 2001 1684 importantie,
2027 1625 2073 1669 et

290 1702 395 1766 ejus
439 1701 756 1750 substantiam
799 1717 898 1750 non
933 1702 1058 1751 bene
1094 1702 1406 1763 intellexisse,
1458 1706 1513 1751 D.
1552 1703 1727 1752 Paulus
1763 1704 1936 1752 iterata
1968 1705 2069 1752 vice

287 1785 707 1849 ipsamaerecitavit,
745 1801 801 1833 ac
835 1788 892 1833 D.
931 1788 1194 1835 Coronatus
1226 1792 1364 1850 pater
1399 1804 1532 1847 suus,
1570 1787 1715 1835 etiam
1752 1787 1811 1836 de
1843 1787 2070 1836 mandato

290 1871 434 1933 Pape,
460 1884 511 1917 se
533 1868 660 1916 illius
681 1869 997 1932 propositioni
1019 1871 1259 1933 opposuit,
1284 1875 1334 1919 ut
1356 1875 1546 1935 tempus
1569 1887 1720 1935 usque
1742 1871 1803 1919 ad
1823 1875 2070 1920 oratorum

287 1953 541 2001 adventum
564 1953 958 2016 suspenderetur.

354 2039 455 2085 Hoc
497 2052 640 2084 mane
681 2040 941 2100 antequam
979 2038 1107 2099 Papa
1140 2052 1275 2084 suam
1307 2051 1551 2084 cameram
1591 2036 1757 2096 exiret,
1793 2037 2066 2087 convocatis

288 2119 513 2168 omnibus
535 2119 873 2179 cardinalibus,
899 2119 1146 2167 accersitis
1169 2119 1229 2167 ad
1250 2134 1300 2167 se
1326 2119 1464 2167 nobis
1492 2119 1711 2168 Johanne
1738 2120 1890 2168 Maria
1913 2126 1961 2169 et
1987 2137 2066 2169 me

287 2202 671 2251 ceremoniarum
695 2201 900 2261 clericis,
929 2202 1238 2265 interrogavit
1255 2218 1283 2250 a
1299 2201 1438 2250 nobis
1456 2201 1572 2265 quid
1593 2202 1869 2251 conveniret
1886 2205 1943 2251 D.
1966 2204 2066 2251 Fri-

287 2285 435 2334 derici
462 2285 693 2349 principis
722 2285 856 2333 ducis
884 2290 932 2333 et
958 2285 1085 2348 regis
1115 2284 1198 2332 filii
1227 2284 1593 2348 secundogeniti
1623 2286 1891 2350 receptioni
1921 2286 2066 2334 hodie

287 2368 347 2416 ad
372 2367 709 2416 consistorium
735 2383 823 2431 pro
846 2367 1120 2416 obedientia
1150 2367 1409 2431 prestanda
1436 2368 1639 2427 venturi,
1669 2372 1717 2416 et
1737 2368 1841 2432 quis
1862 2368 1998 2417 locus
2021 2369 2064 2418 ei

289 2452 474 2499 dandus
509 2454 652 2509 esset,
686 2451 812 2499 inter
852 2450 1120 2498 cardinales
1150 2450 1224 2498 vel
1253 2455 1363 2514 post
1393 2466 1496 2499 eos.
1534 2451 1777 2515 Respondi
1814 2451 2065 2500 Sanctitati

289 2551 392 2594 sue,
425 2538 480 2583 D.
507 2534 765 2582 Francisco
788 2533 903 2581 alias
924 2549 1012 2597 pro
1035 2533 1311 2582 obedientia
1332 2536 1387 2582 D.
1418 2534 1700 2584 Innocentio
1729 2534 1881 2582 felicis
1902 2549 2066 2584 recor—

289 2618 493 2667 dationis
514 2633 636 2682 pape
662 2620 789 2676 Vlll,
813 2617 1009 2666 nomine
1038 2617 1152 2665 dicti
1179 2618 1322 2681 regis,
1358 2618 1496 2683 cujus
1528 2623 1574 2667 et
1598 2619 1701 2681 ipse
1727 2617 1853 2665 filius
1878 2621 2067 2682 quarto-

288 2702 477 2766 genitus
509 2705 627 2760 erat,
657 2701 932 2766 prestanda,
967 2701 1061 2749 duo
1093 2701 1359 2749 cardinales
1388 2702 1449 2750 ad
1478 2717 1719 2751 cameram
1750 2701 2064 2765 apostolicam

288 2800 439 2847 usque
466 2785 651 2832 obviam
673 2785 846 2832 missos
868 2785 1038 2844 fuisse,
1062 2785 1142 2848 qui
1167 2785 1324 2849 ipsum
1345 2801 1498 2849 usque
1527 2786 1573 2833 in
1596 2784 1839 2849 pontificis
1863 2801 2066 2849 presen—

286 2868 402 2915 tiam
430 2868 762 2926 deduxerunt;
792 2873 1050 2932 propterea
1076 2873 1125 2917 et
1150 2869 1256 2933 ejus
1280 2868 1384 2917 fieri
1414 2884 1557 2933 posse
1585 2868 1731 2929 idem,
1760 2868 1875 2916 licet
1906 2859 2065 2915 minus

288 2952 646 3011 convenienter,
666 2953 777 3015 quia
793 2968 880 3016 pro
896 2952 1170 3001 obedientia
1187 2951 1448 3015 prestanda
1462 2952 1621 3000 missis
1638 2966 1735 2999 non
1754 2949 2063 2998 consuevisse

288 3035 568 3098 hujusmodi
617 3034 987 3084 associationem
1028 3035 1150 3095 fieri,
1198 3035 1283 3083 sed
1323 3034 1568 3083 dumtaxat
1616 3047 1703 3097 pro
1753 3031 1856 3080 aliis
1905 3033 2062 3081 causis

288 3134 458 3182 regum
497 3118 607 3165 filiis
638 3121 685 3166 et
715 3118 902 3181 magnis
939 3118 1234 3182 principibus
1274 3116 1553 3181 hujusmodi
1595 3115 1869 3175 observari;
1904 3116 2066 3179 quoad

290 3201 555 3250 secundum
578 3201 707 3263 quod
727 3205 837 3249 ante
867 3200 1188 3264 penultimum
1214 3199 1471 3248 diaconum
1502 3196 1812 3258 cardinalem,
1844 3197 2064 3248 videlicet

289 3284 439 3333 sancti
462 3284 693 3343 Severini,
717 3284 949 3332 locandus
971 3288 1113 3332 esset.
1144 3284 1217 3330 Ad
1244 3282 1371 3345 quod
1402 3281 1623 3329 similiter
1648 3282 1731 3331 SS.
1762 3284 1818 3329 D.
1850 3283 1906 3329 N.
1939 3297 2064 3345 papa

289 3368 406 3416 dixit
433 3367 672 3431 prefatum
700 3370 757 3415 D.
786 3367 1084 3416 Fridericum
1117 3383 1203 3432 per
1229 3370 1285 3415 D.
1315 3365 1734 3430 archiepiscopum
1764 3365 1889 3413 alme
1921 3365 2061 3413 Urbis

290 3452 663 3516 gubernatorem
683 3451 928 3501 Sanctitati
950 3468 1035 3501 sue
1056 3465 1463 3502 commemorasse
1481 3464 1532 3498 se
1548 3449 1665 3498 alias
1676 3453 1895 3512 tempore
1909 3446 2061 3496 felicis
