2222 3926
295 336 365 371 246
894 329 1127 366 JOHANNIS
1162 328 1456 378 BURCHARDI,
1849 338 1957 376 [Mars
1977 339 2070 383 1495]

296 436 557 484 habentem
575 435 787 493 mitram,
812 433 1135 483 cardinalibus
1157 451 1352 484 crucem
1374 438 1704 499 sequentibus,
1724 437 1898 486 deinde
1920 441 2066 503 Papa,

299 535 411 568 cum
429 533 524 582 quo
547 518 674 566 eirca
695 517 1041 580 quinquaginta
1059 518 1245 580 pedites
1268 523 1423 578 erant,
1448 518 1561 568 hinc
1583 524 1630 568 et
1649 519 1778 581 inde,
1797 520 1844 568 in
1864 522 2069 570 carossis

298 602 538 666 coopertis
560 601 656 659 alii,
683 604 730 648 et
752 615 919 647 omnes
946 604 1116 662 gentes
1148 600 1366 649 custodie
1390 617 1474 650 sue
1497 618 1608 651 cum
1628 604 1878 668 capitaneo
1903 620 2069 654 eorum

299 690 531 736 venerunt
566 688 676 732 ante
712 697 906 729 crucem
937 685 984 729 et
1017 685 1126 729 ante
1161 687 1396 742 oratores,
1432 685 1514 747 qui
1550 686 1678 750 ipsas
1703 692 1872 751 gentes
1906 703 2073 752 seque-

300 772 490 828 bantur,
522 772 568 817 et
600 770 709 831 post
730 768 945 813 oratores
967 764 1099 813 ibant
1121 766 1376 815 servitores
1402 783 1668 831 armorum,
1702 770 1876 820 deinde
1910 772 2070 836 magni

300 853 498 911 ostiarii,
535 866 623 898 nos
663 853 770 913 post
811 847 963 895 illum.
1004 848 1241 911 Equitavit
1276 865 1363 913 per
1391 866 1618 916 eampum
1655 854 1811 915 Flore,
1857 855 2068 903 Plateam

301 941 431 986 recta
449 935 523 983 via
543 934 603 982 ad
623 950 663 982 S.
689 930 993 994 Gregorium,
1018 931 1098 979 ubi
1120 932 1297 981 audivit
1318 933 1516 983 missam
1543 936 1751 996 bassam,
1777 953 1922 1000 quam
1951 937 2078 986 cele·

301 1022 453 1070 bravit
491 1023 548 1068 D.
592 1017 847 1076 Antonius,
882 1016 1204 1064 cubicularius
1239 1033 1372 1078 suus,
1404 1018 1519 1066 dixit
1558 1020 1828 1069 orationem
1859 1021 1918 1070 de
1954 1021 2074 1069 feria

302 1109 348 1153 et
379 1120 466 1169 pro
489 1106 634 1165 Papa,
660 1105 707 1148 et
726 1101 868 1157 bene,
895 1098 981 1147 sed
1001 1099 1146 1148 modo
1168 1099 1404 1162 sequenti,
1431 1106 1479 1149 et
1500 1102 1643 1163 male,
1671 1105 1798 1167 Papa
1817 1102 1906 1151 fuit
1926 1118 2075 1166 genu-

302 1191 453 1237 flexus
487 1188 535 1235 in
572 1201 723 1235 cornu
753 1185 1004 1247 evangelii,
1029 1183 1243 1248 episcopi
1281 1183 1550 1233 ,cardinales
1586 1185 1645 1232 ab
1665 1185 1758 1233 alia
1775 1189 1909 1249 parte
1935 1200 1946 1244 ;
1978 1184 2074 1233 duo

302 1271 490 1320 diaconi
521 1269 799 1318 assistentes
829 1267 1021 1316 fuerunt
1043 1265 1126 1314 sed
1144 1266 1288 1326 male,
1311 1270 1566 1330 propterea
1585 1267 1840 1331 presbiteri
1861 1272 1996 1316 extra
2015 1267 2076 1316 ad

301 1356 561 1414 sinistram,
604 1357 651 1401 et
681 1351 870 1400 diaconi
909 1350 969 1398 ad
1009 1349 1256 1399 dexteram
1286 1349 1524 1398 intrantiS.
1561 1350 1823 1400 Cardinalis
1855 1351 2076 1416 Neapoli-

301 1446 439 1488 tanus
460 1436 674 1502 porrexit
695 1439 821 1499 Pape
856 1434 1157 1497 evangelium
1184 1438 1232 1482 et
1253 1449 1442 1498 pacem,
1483 1434 1642 1481 socius
1681 1450 1818 1483 meus
1852 1434 2074 1483 cardina-

300 1523 424 1571 libus
447 1526 495 1571 et
515 1521 618 1569 aliis
642 1534 776 1567 more
799 1518 956 1566 solito.
987 1520 1039 1565 In
1061 1517 1174 1576 fine,
1201 1519 1328 1581 Papa
1349 1522 1480 1566 stans
1508 1521 1619 1567 ante
1639 1518 1852 1567 medium
1887 1519 2068 1578 altaris,

301 1607 360 1654 ad
377 1605 606 1669 populum
634 1618 818 1661 versus,
849 1600 1110 1660 benedixit,
1135 1599 1301 1648 dicens
1334 1600 1382 1648 in
1411 1606 1552 1648 cantu
1583 1602 1661 1649 Sit
1676 1618 1846 1650 nomen
1882 1602 2074 1650 Domini

302 1688 607 1745 benedictum,
633 1690 725 1734 etc.
759 1683 986 1733 Ascendit
1011 1698 1204 1746 equum,
1236 1688 1282 1731 et
1302 1700 1390 1747 per
1409 1700 1574 1733 arcum
1597 1685 1896 1733 Constantini
1925 1684 2070 1732 etiam

305 1771 451 1819 situm
474 1778 582 1817 ante
604 1768 904 1826 Marsorium,
926 1769 1143 1814 sanetum
1164 1768 1396 1826 Marcum,
1410 1766 1649 1830 hospitale
1671 1767 2066 1827 Teutonicorum,

304 1853 471 1901 turrim
494 1852 830 1915 Garganicam,
856 1834 989 1897 recta
1014 1848 1089 1896 via
1110 1849 1338 1911 equitavit
1355 1849 1416 1896 ad
1435 1849 1683 1912 palatium.
1709 1850 2032 1899 Interfuerunt
2056 1867 2066 1899 :

302 1936 662 1999 NeapolitanuS,
701 1933 1058 1993 UlixbonensiS,
1100 1934 1464 1993 Recanatensis,
1498 1933 1739 1997 episcopi;
1776 1934 2070 1994 Parmensis,

303 2022 685 2077 Beneventanus,
717 2035 756 2066 s.
787 2017 1056 2077 Anastasie,
1088 2017 1264 2066 Montis
1295 2017 1502 2081 Regalis,
1535 2034 1574 2065 s,
1607 2018 1826 2079 Dionisii,
1861 2019 2074 2068 Alexan-

301 2103 483 2162 drinus,
518 2119 556 2150 s.
593 2102 775 2161 Crucis,
805 2101 1100 2166 presbyteri3
1145 2101 1390 2160 Senensis,
1422 2117 1461 2149 s.
1496 2101 1708 2164 Georgii,
1741 2102 1994 2163 Ascanius,
2029 2119 2069 2151 s,

301 2186 529 2244 Severini,
556 2185 830 2245 Cesarinus,
856 2185 1128 2243 GrimanuS,
1154 2187 1356 2243 Lunate,
1380 2184 1586 2232 diaconi.

365 2268 615 2317 Dominica
665 2268 878 2316 secunda
925 2267 1311 2331 quadragesime,
1364 2271 1419 2315 15
1459 2267 1638 2315 mensis
1689 2266 1867 2326 martii,
1918 2269 1973 2314 R.
2014 2269 2069 2314 D.

303 2351 578 2411 Leonellus,
597 2351 850 2415 episcopus
871 2350 1259 2411 Concordiensis,
1276 2350 1507 2399 assistens
1523 2353 1670 2415 Pape,
1690 2350 1950 2399 celebravit
1965 2350 2077 2397 mis-

300 2451 403 2483 sam
434 2435 703 2483 solemnem
727 2435 775 2482 in
796 2435 980 2499 capella
1006 2435 1209 2498 majore,
1236 2436 1363 2497 Papa
1379 2438 1623 2498 presente.
1650 2435 1935 2482 Sermonem
1961 2434 2075 2482 fecit

300 2523 584 2583 procurator
605 2518 786 2566 ordinis
808 2518 1076 2577 minorum,
1098 2518 1190 2565 alia
1207 2517 1456 2566 observata
1478 2517 1572 2566 suit
1593 2533 1727 2566 more
1750 2517 1929 2582 solito.-

364 2603 542 2650 Eadem
565 2601 661 2661 die,
687 2605 898 2650 castrum
921 2601 1004 2649 Ovi
1025 2601 1389 2665 Neapolitanum
1408 2601 1509 2664 regi
1532 2601 1733 2649 Francie
1755 2616 1807 2649 se
1824 2600 2070 2658 submisit;

300 2690 347 2733 et
382 2686 505 2735 facte
540 2690 649 2733 sunt
681 2700 844 2734 coram
882 2685 987 2749 ipso
1027 2700 1139 2748 rege
1184 2700 1271 2748 per
1315 2699 1427 2732 suos
1462 2684 1676 2748 tragedie
1717 2684 1814 2732 sive
1855 2683 2073 2732 comedie

298 2767 356 2815 de
403 2771 546 2831 Papa,
593 2771 920 2816 Romanorum
971 2772 1018 2815 et
1060 2768 1382 2831 Hispanorum
1434 2767 1627 2830 regibus
1678 2783 1733 2815 ac
1776 2770 2073 2817 Venetorum

299 2850 630 2898 illustrissimis
653 2851 874 2910 ducibus,
897 2851 1043 2914 ligam
1065 2855 1113 2899 et
1138 2850 1583 2899 confederationem
1611 2850 1753 2898 simul
1774 2849 2068 2909 ineuntibus,

299 2933 556 2981 collusorie
579 2938 626 2982 et
647 2949 782 2982 more
810 2934 982 2997 gallico
1004 2934 1234 2982 derisorie
1258 2938 1340 2999 (1).

368 3016 620 3065 Dominica
649 3016 788 3065 tertia
821 3016 1213 3080 Quadragesime,
1239 3019 1298 3063 22
1339 3016 1514 3074 martii,
1545 3019 1600 3063 R.
1629 3016 1677 3063 in
1709 3016 1897 3064 Christo
1928 3019 1979 3064 P.
2012 3019 2070 3064 D.

299 3089 639 3160 Bernardinus,
672 3099 926 3164 episeopus
956 3099 1236 3159 Adurensis,
1271 3099 1527 3147 celebravit
1564 3099 1763 3147 missam
1799 3099 2068 3148 solemnem

232 3167 236 3173 ¹
298 3183 346 3230 in
389 3183 572 3246 capella
603 3183 836 3247 predicta,
883 3185 1011 3247 Papa
1037 3187 1278 3246 presente.
1330 3184 1614 3230 Sermonem
1646 3181 1760 3230 fecit
1789 3187 2074 3246 procurator

346 3337 381 3372 1.
403 3334 608 3373 Commines
629 3347 673 3371 ne
694 3335 829 3372 cessait
849 3334 1017 3372 d’avertir
1042 3334 1074 3370 le
1094 3334 1146 3371 roi
1167 3335 1232 3371 des
1259 3334 1438 3383 inti-ignes
1458 3334 1568 3383 qu’on
1587 3334 1731 3371 formait
1750 3339 1874 3372 contre
1895 3333 1958 3380 lui,
1980 3333 2070 3370 mais

301 3394 464 3441 Charles,
503 3397 638 3442 occupe
671 3395 715 3430 de
741 3395 830 3431 setes
868 3398 904 3431 et
926 3395 970 3431 de
1001 3394 1179 3440 tournois„
1214 3394 1413 3443 negligeait
1445 3394 1497 3431 les
1523 3394 1600 3432 avis
1629 3395 1672 3431 de
1704 3407 1769 3432 son
1793 3394 2068 3431 ambassadeur.

303 3454 390 3501 Voy.
413 3458 492 3490 tout
511 3453 542 3489 le
563 3454 668 3503 chap.
692 3466 738 3489 xx
759 3454 807 3489 du
828 3453 888 3491 liv.
912 3453 977 3489 VII
996 3453 1060 3489 des
1080 3454 1284 3492 Memoires.
