2216 3886
325 308 393 342 652
1069 300 1350 337 APPENDICE,

323 413 416 451 tum
432 420 510 450 sue
525 409 643 461 regie
663 406 917 454 maiestatis,
935 408 983 444 ut
1004 403 1193 443 debeant
1217 413 1264 442 se
1285 412 1498 453 reponere
1513 402 1556 442 in
1579 402 1673 442 eius
1695 404 1814 442 statu
1834 405 1877 442 et
1898 403 2095 445 iurisdic-

323 475 454 523 tione,
475 476 603 526 prout
629 475 670 512 et
704 471 812 511 sicut
842 471 966 510 erant
994 468 1095 508 ante
1120 467 1359 508 adventum
1387 467 1498 507 dicte
1527 478 1606 507 sue
1625 467 1746 519 regie
1764 467 2096 511 maiestatis-Et

323 552 429 581 casu
451 550 533 591 que
554 549 599 579 se
616 548 704 578 non
725 534 1005 588 reposuerint
1025 535 1068 573 et
1093 543 1183 572 non
1205 533 1449 583 acceperint
1471 531 1680 572 officiales
1706 532 1977 581 florentinos,
1994 535 2094 575 tunc

322 606 447 645 liceat
477 603 664 644 dominis
685 602 927 642 florentinis
955 598 997 639 vi
1028 600 1160 640 etiam
1181 598 1238 639 ad
1263 601 1397 638 tracta
1428 597 1690 648 compellere
1709 597 1960 638 huiusmodi
1979 600 2094 640 reni-

322 672 463 711 tentes
483 669 541 709 ad
559 667 805 720 parendum
832 664 967 707 literis
992 678 1071 707 sue
1102 663 1462 706 christianissime
1487 663 1608 714 regie
1628 662 1892 712 maiestatis3
1915 664 2094 714 promit-

322 738 419 775 tens
447 734 579 774 etiam
608 744 687 773 sua
715 732 836 785 regia
864 728 1075 773 maiestas
1109 728 1306 783 prestare
1327 728 1454 769 dictis
1487 727 1676 786 dominis
1706 728 1948 769 florentinis
1969 740 2096 771 omne

321 799 531 840 auxilium
554 798 633 839 sibi
656 798 879 849 possibile.
1972 842 1978 848 ι

379 881 398 902 «
428 864 664 905 Undecimo
690 877 697 902 :
725 864 1023 915 promiserunt
1051 862 1206 915 presati
1236 860 1401 902 domini
1430 859 1615 911 syndici,
1640 859 1771 900 etiam
1791 859 2004 900 restitutis
2025 870 2096 900 su-

321 930 529 982 pradictis
545 929 720 970 arcibus
743 932 785 970 et
810 929 983 981 oppidis
1005 929 1124 981 quod
1144 925 1511 980 quandocumque
1535 924 1654 974 regia
1679 924 1885 964 maiestas
1905 925 2096 976 predicta

322 996 451 1037 vellet
470 995 610 1036 redire
627 995 671 1034 in
691 994 874 1035 Galliam
894 1006 995 1035 cum
1015 994 1206 1036 exercitu
1229 1003 1324 1039 suo,
1347 990 1418 1032 vel
1450 1001 1503 1030 ex
1533 989 1666 1030 Gallia
1693 989 1837 1030 redire
1862 989 2097 1031 addictam

321 1061 571 1113 impresiam
600 1061 727 1112 regni
760 1061 1055 1111 Neapolitani,
1087 1059 1258 1100 tradere
1294 1056 1375 1097 sibi
1410 1065 1593 1107 passum
1626 1057 1669 1095 et
1698 1055 1967 1107 victualiam,
2005 1056 2097 1097 suis

321 1131 468 1167 lamen
489 1126 629 1178 ipsius
650 1126 770 1178 regie
793 1126 1034 1167 maiestatis
1051 1125 1271 1177 expensis.
1937 1135 1942 1141 ⁸

343 1189 345 1191 ’
377 1209 396 1229 «
426 1191 695 1233 Duodecimo
715 1204 724 1232 :
741 1192 953 1244 promittit
972 1188 1091 1245 regia
1114 1191 1323 1231 maiestas
1342 1199 1420 1240 per
1441 1199 1488 1228 se
1510 1191 1551 1229 et
1566 1197 1842 1228 successores
1864 1199 1985 1239 suos,
2009 1189 2100 1230 Flo-

319 1258 504 1298 rentiam
523 1258 678 1298 urbem
700 1261 742 1299 et
764 1253 1046 1299 florentinum
1074 1254 1288 1309 populum
1309 1255 1493 1305 eiusque
1520 1252 1747 1294 dominum
1771 1253 1816 1294 in
1836 1257 2098 1306 perpetuum

320 1326 566 1376 protegere,
585 1322 819 1364 defendere
839 1326 881 1364 et
903 1324 1113 1375 ampliare
1136 1335 1144 1362 ε
1167 1322 1452 1372 omniumque
1472 1321 1711 1360 amicorum
1730 1320 1826 1360 eius
1848 1320 2037 1361 amicum
2054 1325 2097 1361 et

320 1389 586 1438 benivolum,
617 1389 980 1441 inimicorumque
1014 1388 1237 1429 inimicum
1276 1397 1401 1435 esse;
1434 1387 1476 1426 et
1506 1383 1626 1436 quod
1660 1384 1705 1424 in
1744 1385 2095 1438 quibuscumque

318 1454 418 1507 ligis
442 1458 484 1495 et
503 1454 727 1495 federibus
749 1466 848 1495 cum
869 1455 1222 1506 quibuscumque
1241 1452 1436 1504 regibus,
1461 1449 1744 1501 principibus,
1765 1449 2093 1499 ducibus,·mar-

320 1519 564 1569 chionihus,
588 1519 977 1560 communitatibus
999 1522 1040 1559 et
1058 1517 1396 1568 rebuspublicis‚
1414 1514 1588 1566 fiendis,
1605 1519 1702 1558 eam
1721 1519 1763 1557 et
1783 1527 1884 1557 eum
1901 1528 2093 1568 compre-

319 1584 506 1635 hendet;
543 1595 593 1624 ac
632 1584 763 1624 etiam
801 1595 901 1625 cum
941 1583 1126 1623 inimicis
1165 1583 1256 1622 suis
1298 1581 1652 1633 quibuscumque
1689 1585 1731 1623 et
1772 1582 1962 1623 maxime
1993 1593 2093 1622 eum

318 1650 630 1700 Januensibus,
653 1660 841 1701 quorum
861 1648 1028 1701 prefata
1047 1648 1168 1700 regia
1198 1647 1405 1687 maiestas
1425 1658 1660 1698 supremus
1681 1650 1748 1688 est
1768 1647 1989 1696 dominus,
2012 1658 2092 1698 pa-

317 1726 410 1755 cem
442 1712 711 1766 perpetuam'
732 1714 999 1766 procurabit,
1026 1716 1157 1765 prout
1183 1723 1316 1763 supra
1351 1711 1512 1751 dictum
1544 1714 1637 1760 est;
1666 1715 1715 1752 ut
1747 1711 1926 1752 tandem
1957 1712 2096 1764 possit

318 1780 428 1820 dicta
458 1779 689 1820 florentina
715 1779 1025 1830 respublica'et
1054 1778 1148 1818 eius
1176 1777 1384 1829 populuS‚
1409 1782 1651 1828 omnesque
1679 1777 1774 1817 eius
1799 1776 1979 1826 subditi,
2002 1780 2095 1818 tute

320 1848 361 1884 et
384 1842 519 1885 libere
538 1845 757 1897 navigare,
783 1847 992 1885 eteorum
1012 1854 1179 1884 merces
1200 1846 1243 1883 et
1261 1843 1393 1891 bona,
1417 1853 1503 1893 quo
1524 1842 1755 1891 voluerint,
1777 1853 1856 1894 per
1873 1846 2032 1883 terram
2052 1847 2094 1883 et

318 1922 393 1962 per
419 1921 539 1950 mare
565 1910 642 1959 ire,
663 1909 815 1950 devehi
843 1912 886 1950 et
910 1908 1109 1961 navigari
1135 1907 1304 1948 facere:
1329 1911 1371 1948 et
1392 1919 1415 1949 e
1445 1919 1656 1950 converso
1687 1908 1787 1949 dicti
1814 1908 1979 1950 domini
2000 1909 2094 1949 Flo-

315 1976 478 2016 rentini
495 1976 754 2027 promittunt
772 1975 934 2015 habere
956 1973 1117 2014 amicos
1137 1973 1247 2013 dicte
1267 1973 1388 2025 regie
1411 1973 1654 2014 maiestatis
1675 1985 1754 2025 pro
1772 1974 1922 2015 amicis
1946 1977 1988 2014 et
2010 1974 2091 2014 ini-

318 2041 451 2082 micos
471 2052 548 2092 pro
568 2041 770 2090 inimicis,
790 2044 832 2081 et
851 2051 940 2081 non
960 2039 1101 2080 facere
1119 2039 1310 2091 aliquam
1331 2039 1465 2092 ligam
1482 2051 1562 2080 seu
1579 2038 1973 2081 confederationem
1993 2052 2092 2082 cum

313 2106 498 2147 inimicis
516 2107 626 2147 dicte
643 2107 762 2159 regie
786 2106 1046 2147 maiestatis.

369 2189 388 2209 «
418 2173 592 2213 Decimo
610 2173 737 2212 tertio
759 2185 767 2212 :
792 2171 1006 2223 promittit
1028 2171 1139 2212 dicta
1158 2171 1277 2223 regia
1298 2171 1520 2220 maiestas,
1544 2174 1755 2223 tanquam
1771 2182 1902 2212 verus
1922 2175 2088 2223 pastor,

313 2240 608 2287 conservator,
630 2240 749 2277 tutor
774 2248 823 2278 ac
846 2237 1050 2278 defensor
1071 2240 1112 2277 et
1135 2239 1356 2288 protector
1377 2239 1419 2277 et
1438 2240 1681 2288 perpetuus
1701 2240 1995 2288 pater'nostre
2016 2249 2090 2288 pa·

314 2303 406 2352 trie,
426 2302 677 2352 concedere,
701 2306 744 2343 et
764 2314 817 2343 ex
837 2314 953 2343 nunc
970 2301 1166 2343 concedit
1192 2302 1398 2342 omnibus
1419 2301 1680 2342 Florentinis
1703 2304 1747 2343 et
1767 2313 1921 2343 eorum
1942 2303 2089 2344 subdi-

314 2369 367 2408 tis
382 2372 472 2408 tam
492 2368 773 2420 presentibus
791 2379 925 2419 quam
946 2366 1120 2417 futuris,
1145 2368 1340 2420 plenum,
1366 2367 1554 2408 liberum
1574 2370 1617 2408 et
1633 2370 1898 2419 perpetuum
1915 2368 2090 2409 'salvum

313 2435 575 2475 conductum
593 2447 602 2483 ;
619 2435 679 2474 ita
700 2434 820 2486 quod
838 2433 975 2474 libere
995 2434 1182 2484 possint,
1199 2444 1314 2473 nunc
1330 2435 1373 2473 et
1389 2427 1659 2483 infuturum,
1676 2433 1720 2474 in
1742 2433 2091 2485 quibuscumque

314 2512 392 2540 sue
419 2501 538 2553 regie
568 2500 812 2541 maiestatis
840 2500 1004 2552 regnis,
1023 2498 1270 2548 ducatibus,
1293 2499 1587 2547 comitatibus,
1611 2498 1739 2547 villis,
1760 2499 1930 2548 castris,
1963 2499 2089 2551 oppi-

313 2566 395 2615 dis,
421 2566 794 2607 marchionatibus
829 2569 871 2606 et
900 2564 1233 2616 principatibus,
1256 2567 1349 2605 tam
1380 2564 1606 2616 acquisitis
1634 2576 1765 2616 quam
1795 2564 2089 2617 acquirendis,

313 2635 406 2672 tute
428 2630 641 2680 etlibere‚
667 2631 805 2671 semel
825 2634 869 2671 et
888 2631 1068 2682 pluries,
1092 2631 1154 2671 ire
1175 2633 1219 2671 et
1242 2630 1399 2679 redire,
1423 2641 1522 2670 cum
1549 2641 1699 2670 eorum
1718 2630 1954 2679 mercibus,
1976 2637 2093 2671 mer-

312 2698 465 2738 cantiis
484 2700 526 2737 et
547 2698 681 2738 rebus
700 2697 1067 2748 quibuscumque,
1088 2700 1131 2736 et
1151 2696 1307 2747 pannis
1329 2696 1507 2736 cericeis
1528 2699 1570 2736 et
1592 2695 1762 2745 aureis3
1786 2697 1830 2736 et
1845 2695 2026 2736 mercari
2048 2697 2090 2735 et

313 2764 495 2803 mercari
517 2763 676 2812 facere,
696 2766 737 2803 et
756 2762 933 2802 nomina
955 2761 1203 2802 debitorum
1225 2764 1316 2802 tam
1335 2761 1554 2812 presentia
1570 2772 1704 2812 quam
1723 2759 1868 2801 futura
1892 2760 2087 2812 exigere;

312 2839 472 2879 resque
509 2832 550 2869 et
582 2827 744 2868 merces
778 2838 952 2876 eorum,
988 2827 1306 2877 cuiuscumque
1341 2826 1522 2877 speciei,
1557 2825 1758 2866 materiei
1789 2828 1834 2865 et
1865 2824 2088 2876 qualitatis

316 2893 519 2942 existant,
555 2894 687 2933 etiam
722 2903 807 2943 que
840 2893 895 2933 ad
924 2895 1122 2942 presens,
1145 2894 1235 2931 tam
1258 2891 1303 2930 in
1333 2891 1446 2931 dicto
1478 2901 1615 2942 regno
1642 2890 1927 2942 Neapolitano
1959 2900 2091 2942 quam

313 2956 433 3006 alibi,
457 2957 649 2997 existunt
670 2956 739 2998 vel
759 2967 842 3008 que
862 2956 907 2995 in
923 2954 1119 2995 futurum
1140 2955 1343 3004 existent,
1365 2957 1540 3005 portare
1560 2958 1603 2995 et
1621 2958 1848 3006 exportare
1866 2958 1908 2995 et
1929 2956 2092 3006 portari
2131 2965 2156 2991 ··

313 3025 356 3060 et
375 3022 591 3073 exportari
611 3021 770 3072 facere,
788 3025 879 3061 tam
900 3031 977 3072 per
996 3023 1158 3061 terram
1180 3030 1313 3071 quam
1333 3031 1410 3071 per
1431 3031 1577 3069 mare;
1600 3021 1657 3061 ita
1677 3021 1796 3072 quod
1817 3021 2089 3062 Florentino-

314 3098 411 3127 rum
433 3087 607 3140 navigia
632 3086 789 3139 gallica
816 3097 915 3126 esse
940 3085 1255 3138 intelligantur,
1281 3088 1323 3125 et
1340 3088 1552 3136 tanquam
1572 3086 1718 3126 veriet
1736 3085 1961 3127 naturales
1982 3087 2091 3128 Galli

314 3155 506 3202 utantur,
532 3155 574 3193 et
591 3151 676 3192 frui
697 3153 868 3203 possint
892 3151 1246 3203 quibuscumque
1273 3150 1496 3191 Gallorum
1522 3151 1873 3192 immunitatibus
1893 3154 1936 3192 et
1958 3152 2088 3204 privi-

312 3218 436 3269 legiis
456 3221 584 3269 prout
604 3219 814 3258 hactenus
839 3220 1186 3265 consueverunt3
1212 3219 1253 3257 et
1273 3217 1437 3267 possint
1460 3219 1606 3265 etiam,
1629 3217 1673 3257 in
1697 3226 1974 3268 quocumque
1992 3216 2087 3256 loco

314 3287 400 3322 tam
433 3284 646 3335 acquisito
681 3294 813 3334 quam
846 3282 1110 3335 acquirendo
1142 3294 1221 3334 per
1260 3282 1417 3324 dictam
1449 3293 1574 3322 suam
1603 3282 1769 3334 regiam
1798 3281 2087 3330 maiestatem,

314 3352 559 3388 contractus
580 3350 867 3400 emptionum,
890 3347 1201 3398 venditionum,
1226 3349 1613 3401 permutationum,
1632 3347 2025 3400 emphiteoticarios
2047 3351 2089 3388 et

315 3423 615 3464 quascumque
648 3414 937 3466 obligationes
980 3414 1121 3455 facero
1161 3419 1202 3454 ct
1239 3415 1513 3463 contrahere,
1544 3418 1585 3455 et
1619 3405 1780 3455 donare
1810 3413 2005 3465 possint;
2041 3424 2088 3453 ac
