2202 3926
139 326 222 366 [Mai
245 327 337 366 1493]
579 329 750 367 RERUM
763 364 769 369 .
783 330 1086 370 URBANARUM
1118 333 1467 371 COMMENTARII.
1884 336 1926 371 81

93 424 96 426 ’
141 449 252 482 cum
281 434 351 483 eis
383 435 702 494 inimicitiam,
739 436 991 499 potissime
1026 437 1065 485 si
1101 437 1204 485 sine
1236 452 1384 485 causa
1414 435 1544 484 istud
1576 435 1733 484 fieret.
1763 437 1924 496 Aliud,

139 519 270 582 quod
290 520 543 583 proposuit
570 523 660 580 est,
693 520 821 583 quod
845 536 903 570 ex
930 537 1026 584 quo
1056 522 1272 585 prefatus
1298 537 1381 569 rex
1402 520 1650 584 expulerat
1676 535 1928 567 marranos

142 590 202 651 de
219 601 425 666 imperio
447 620 550 663 suo,
573 607 801 668 tanquam
816 604 1039 654 inimicos
1058 606 1320 654 christiane
1343 605 1474 664 fidei,
1497 604 1628 668 quod
1645 604 1926 662 mirabatur,

141 685 271 748 quod
292 688 439 750 Papa,
463 688 546 751 qui
568 692 696 738 esset
717 694 859 754 caput
880 690 1007 738 dicte
1030 689 1163 748 fidei,
1197 690 1304 738 illos
1325 689 1591 753 recepisset
1617 689 1666 736 in
1694 688 1820 737 Urbe
1845 704 1855 735 ε
1882 692 1930 736 et

142 772 402 833 propterea
421 771 640 820 hortatus
662 777 735 822 est
757 789 885 834 eum,
911 778 963 821 ut
990 774 1049 823 de
1081 773 1218 823 terris
1246 773 1461 822 Ecclesie
1489 773 1555 821 illi
1585 772 1816 837 subjectis
1844 786 1929 820 eos

144 854 410 918 expelleret
431 855 511 921 (1).
536 858 697 906 Tertio
720 858 850 921 quod
876 873 935 907 ex
959 874 1055 922 quo
1082 858 1366 907 intendebat
1393 873 1481 906 sua
1506 858 1734 921 Majestas
1761 871 1928 920 perse-

142 937 221 1000 qui
255 939 506 988 victoriam
537 944 705 989 contra
736 941 976 1001 infideleS,
1014 946 1062 990 et
1094 941 1347 1004 acquirere
1389 941 1443 1006 (si
1475 944 1605 989 Deus
1636 940 1849 989 dedisset
1884 940 1929 988 ei

142 1022 362 1088 gratiam)
399 1024 667 1072 Jerusalem
704 1028 753 1073 et
790 1027 989 1073 Terram
1029 1027 1281 1082 Sanctam,
1318 1024 1520 1089 rogabat
1557 1024 1844 1072 Pontificem
1879 1027 1932 1071 ut

142 1105 285 1154 vellet
306 1106 350 1155 ei
371 1112 590 1171 prestare
611 1108 840 1156 auxilium
870 1112 916 1157 et
939 1108 1172 1169 favorem,
1204 1109 1462 1173 presertim
1489 1109 1539 1156 in
1562 1109 1674 1166 hoc,
1706 1107 1932 1157 videlicet

143 1194 194 1237 ut
223 1196 524 1254 operaretur,
562 1195 614 1240 ut
638 1192 876 1241 habentes
912 1193 1152 1242 beneficia
1182 1193 1470 1242 excedentia
1499 1197 1696 1241 centum
1729 1193 1930 1240 ducatos

142 1273 200 1322 de
222 1274 454 1324 fructibus
478 1276 744 1337 annuatim,
775 1277 904 1341 quod
932 1277 1166 1326 deberent
1191 1277 1367 1326 reverti
1394 1277 1456 1325 ad
1482 1276 1780 1341 Hispaniam,
1812 1275 1931 1324 alio-

139 1358 252 1421 quin
271 1359 551 1410 intendebat
570 1361 673 1426 ipse
694 1361 912 1426 recipere
938 1362 1092 1411 dictos
1115 1361 1316 1420 fructus,
1348 1365 1397 1410 et
1425 1361 1557 1425 ipsos
1579 1365 1862 1409 convertere
1882 1359 1929 1406 in

141 1456 263 1506 opus
285 1444 558 1507 predictum
579 1449 745 1494 contra
768 1446 1007 1495 infideles.

202 1527 346 1575 Aliud
372 1528 501 1591 quod
531 1529 754 1594 exposuit
788 1535 862 1578 est
883 1530 1014 1594 quod
1035 1531 1137 1595 jam
1158 1532 1288 1579 fama
1321 1535 1395 1579 est
1432 1531 1630 1594 ubique,
1658 1529 1797 1592 quod
1828 1528 1925 1585 hic,

142 1615 313 1671 Rome,
335 1612 385 1659 in
406 1612 622 1662 Ecclesia
642 1617 877 1675 Romana,
899 1615 1026 1664 facta
1044 1616 1140 1663 sint
1160 1614 1417 1674 beneficia,
1436 1615 1598 1663 officia
1612 1618 1659 1662 et
1673 1613 1931 1678 dignitates

142 1697 336 1745 venales
365 1702 413 1746 et
443 1697 646 1758 venalia,
679 1703 728 1746 et
754 1699 884 1763 quod
916 1699 1052 1763 quasi
1089 1699 1217 1748 bona
1248 1699 1450 1764 profana
1482 1699 1845 1756 subhastentur,
1885 1701 1934 1745 et

142 1781 273 1845 quod
306 1796 403 1830 non
440 1781 593 1846 possit
626 1782 733 1846 quis
773 1783 834 1830 ad
869 1783 1162 1832 beneficium
1199 1783 1397 1847 aliquod
1436 1784 1534 1832 sive
1567 1798 1798 1847 magnum
1835 1781 1930 1829 sive

142 1865 416 1925 minimum,
442 1865 558 1915 item
585 1866 647 1914 ad
667 1866 1003 1931 episcopatum
1025 1867 1102 1916 vel
1128 1868 1276 1916 etiam
1307 1867 1368 1916 ad
1393 1867 1741 1916 cardinalatum
1763 1882 1933 1930 pervc—

144 1947 249 1996 nire
282 1947 375 1995 nisi
403 1948 560 1996 soluta
585 1950 808 2012 pecunia,
841 1955 890 1999 et
916 1951 1048 2013 quod
1078 1952 1159 1999 ubi
1187 1953 1303 2001 olim
1332 1953 1505 2002 virtute
1540 1952 1743 2016 Spiritus
1781 1951 1934 2000 sancti

145 2031 451 2092 creabantur,
471 2032 616 2081 hodie
641 2033 750 2082 loco
777 2033 1031 2083 illiussola
1050 2036 1367 2100 pecuniarum
1398 2037 1721 2085 consideratio
1751 2035 1935 2085 habea-

146 2118 223 2163 tur
241 2115 593 2176 indifferenter,
618 2122 666 2166 et
693 2134 792 2166 non
813 2119 1002 2182 quesito
1027 2119 1183 2167 bonus
1211 2136 1272 2168 an
1298 2120 1472 2181 malus,
1497 2120 1701 2168 idoneus
1720 2120 1795 2168 vel
1815 2135 1933 2179 non,

144 2204 502 2264 promoveatur,
528 2202 613 2250 sed
635 2202 792 2250 solum
814 2203 894 2266 qui
916 2204 1154 2268 majorem
1174 2204 1494 2268 pecuniarum
1515 2219 1774 2252 numerum
1793 2218 1937 2267 expo-

145 2299 260 2333 nere
277 2284 447 2349 possit.
462 2287 530 2333 Eo
549 2286 678 2349 quod
694 2286 976 2336 exhortatus
993 2292 1066 2337 est
1082 2288 1325 2336 summum
1339 2288 1625 2338 Pontificem
1644 2292 1696 2337 ut
1717 2303 1814 2336 non
1829 2288 1938 2352 plus

146 2384 292 2433 quam
323 2385 474 2419 unum
503 2370 797 2419 beneficium
826 2376 1046 2421 curatum
1074 2388 1162 2437 pro
1197 2372 1415 2436 quolibet
1442 2372 1736 2422 concederet
1766 2377 1813 2422 et
1839 2387 1936 2421 non

145 2453 296 2517 plura.
342 2456 399 2502 Et
435 2454 527 2503 alia
569 2455 779 2519 quedam
819 2457 971 2505 multa
1006 2457 1159 2506 fertur
1198 2457 1394 2518 dixisse,
1433 2474 1526 2521 que
1564 2458 1634 2506 adv
1666 2461 1844 2506 statum
1868 2460 1939 2505 et

146 2539 386 2588 honorem
431 2540 647 2590 Ecclesie
688 2541 1006 2605 pertinerent,
1049 2558 1144 2607 que
1185 2542 1266 2591 hic
1306 2558 1403 2590 non
1449 2542 1668 2607 exprimo
1707 2541 1935 2608 (2).⁷Que

197 2699 230 2736 1.
260 2699 316 2735 On
340 2698 411 2736 sait
441 2712 529 2738 avec
550 2700 670 2749 quelle
701 2705 852 2739 cruaute
878 2703 1001 2739 inou'ie
1029 2703 1171 2752 s'opera
1196 2704 1416 2753 l'expulsion
1449 2703 1514 2739 des
1548 2703 1695 2739 Maures
1721 2706 1757 2738 et
1782 2704 1803 2737 a
1834 2700 1939 2748 quels

149 2761 258 2795 exces
280 2770 318 2794 se
334 2763 437 2807 porta
457 2759 489 2796 le
509 2760 704 2797 fanatisme
725 2762 916 2810 espagnol.
940 2762 1042 2799 Ceux
1067 2763 1128 2810 qui
1155 2768 1288 2812 purent
1313 2764 1496 2811 echapper
1521 2774 1591 2798 aux
1612 2762 1771 2798 bochers
1799 2772 1846 2796 ou
1865 2772 1939 2796 aux

147 2828 350 2854 massacres
373 2830 412 2854 se
440 2819 627 2857 rendirent
646 2832 691 2857 en
718 2821 836 2867 Italie,
859 2834 904 2858 en
923 2822 1037 2859 Grece
1057 2826 1092 2859 et
1112 2835 1157 2859 en
1178 2823 1279 2869 Asie,
1301 2823 1461 2859 d'autres
1489 2824 1695 2870 gagnei-ent
1720 2820 1754 2857 la
1775 2820 1882 2869 Syrie
1903 2824 1940 2857 et

147 2869 328 2926 l‘Egypte.
352 2878 585 2917 Bartholome
606 2880 795 2929 Senegara
814 2886 962 2918 raconte
983 2893 1028 2918 en
1049 2886 1182 2918 termes
1200 2884 1303 2918 emus
1326 2881 1487 2918 l'arrivee
1509 2884 1531 2917 a
1551 2881 1670 2917 Genes
1691 2880 1736 2916 de
1755 2879 1938 2927 plusieurs

147 2937 192 2973 de
213 2950 274 2974 ces
294 2938 530 2975 malbeureux
551 2939 642 2976 dont
660 2939 694 2976 la
713 2940 844 2977 misere
866 2941 916 2977 lui
944 2941 1078 2989 inspire
1094 2945 1187 2978 cette
1211 2941 1384 2978 reflexion
1403 2954 1410 2978 :
1430 2956 1448 2974 «
1470 2941 1545 2977 Res
1560 2941 1637 2977 hoec
1651 2940 1767 2988 primo
1787 2943 1939 2987 aspectu

151 2996 343 3034 laudabilis
372 2998 450 3035 visa
475 3003 544 3045 est,
567 2999 653 3047 quia
680 3001 792 3037 decus
818 3005 953 3038 nostrae
979 3001 1187 3050 Religionis
1214 3001 1426 3050 respiceret,
1450 3002 1516 3037 sed
1543 2996 1807 3047 aliquantulum
1835 2998 1871 3033 in
1899 3008 1939 3033 se

153 3057 374 3094 crudelitatis
395 3058 595 3106 continere,
619 3060 650 3096 si
670 3072 733 3097 eos
753 3073 827 3098 non
847 3060 988 3097 belluas
1011 3062 1076 3098 sed
1097 3062 1264 3098 homines
1284 3074 1306 3098 a
1326 3062 1403 3098 Deo
1419 3064 1559 3098 creatos
1574 3057 1900 3096 consideravimus,
1918 3072 1936 3090 »

154 3115 279 3153 Barth.
301 3117 512 3166 Senegarae,
537 3121 804 3158 Commentarict
819 3122 862 3157 de
877 3122 983 3158 rebus
998 3122 1260 3164 Gennensibzw,
1278 3122 1371 3158 dans
1386 3120 1576 3164 Muratori,
1588 3121 1670 3156 Rer.
1686 3119 1768 3155 Ital.
1783 3118 1938 3164 Script„

156 3178 182 3211 t.
206 3174 338 3221 XXIV,
366 3189 398 3213 c.
420 3178 504 3225 531,
525 3181 560 3226 2)
584 3185 620 3217 et
639 3179 674 3216 la
693 3180 796 3217 lettre
817 3181 947 3218 CXVII
967 3181 1012 3217 de
1039 3181 1180 3218 Bossus
1204 3182 1255 3229 (31
1283 3181 1472 3217 decembre
1499 3180 1602 3225 1492)
1625 3179 1670 3214 ad
1691 3177 1937 3214 venerandum

158 3237 300 3281 patrem
322 3239 358 3272 et
378 3239 664 3276 concanonicum
685 3240 897 3277 Severinum
919 3242 1083 3278 derebus
1103 3243 1266 3279 urbanis.

204 3294 240 3330 2.
272 3292 327 3329 On
349 3305 388 3331 se
409 3298 566 3345 rappelle
587 3312 657 3347 que
677 3299 854 3337 l’election
874 3300 919 3336 de
940 3301 986 3337 R.
1005 3301 1138 3349 Borgia
1159 3305 1180 3338 a
1199 3301 1232 3338 la
1251 3304 1407 3350 papante
1428 3300 1564 3337 n'avait
1579 3302 1688 3336 cause
1709 3310 1849 3335 aucune
1864 3297 1938 3346 joie

159 3365 204 3390 au
219 3352 272 3389 rOi
293 3353 502 3402 (l'Espagne
521 3358 582 3404 qui
596 3359 819 3400 ¹connaissait
835 3360 1034 3397 l’ambition
1049 3366 1084 3398 et
1098 3361 1263 3398 l'avarice
1284 3363 1333 3397 du
1352 3359 1663 3397 vice-chancelier.
1677 3359 1783 3407 (Voy.
1795 3357 1938 3406 preced.

157 3426 194 3462 p.
218 3415 252 3458 4,
274 3418 359 3450 note
382 3415 416 3460 1,
439 3414 473 3451 la
494 3415 595 3453 lettre
622 3418 666 3454 de
686 3418 809 3455 Pierre
830 3421 967 3468 Martyr
985 3432 1031 3456 au
1058 3425 1174 3458 comte
1201 3422 1245 3457 de
1271 3419 1461 3465 Tendilla.)
1485 3420 1534 3456 Le
1561 3419 1613 3455 roi
1634 3419 1678 3454 de
1698 3417 1832 3464 Naples
1853 3416 1939 3451 Fer-

161 3473 311 3519 dinand,
335 3474 396 3510 dix
416 3474 510 3512 mois
530 3479 637 3523 apres
658 3476 880 3514 l’exaltation
899 3478 1141 3516 d’Alexandre
1160 3481 1225 3526 VI,
1247 3480 1357 3517 disait
1377 3480 1468 3516 dans
1491 3491 1551 3516 ses
1566 3476 1802 3514 instructions
1824 3478 1844 3510 a
1863 3474 1938 3510 An-

348 3570 380 3594 τ.
410 3571 446 3595 n.
1747 3558 1770 3592 6
