2228 3938
339 301 385 335 32
943 300 1176 339 <IOHANNIS
1211 302 1506 349 BURCHARDI,
1847 309 1999 350 [Janvier
2023 312 2117 353 1493]

341 400 449 464 copi
471 401 708 461 Perusini,
732 401 882 450 felicis
895 404 1245 453 recordationis
1265 405 1514 453 Innocenti
1533 421 1654 469 pape
1671 408 1776 456 VIII
1792 407 1932 471 primi
1955 424 2116 458 secre-

340 483 464 543 tarii,
487 484 567 548 qui
587 485 679 533 hac
697 485 743 533 in
768 486 913 546 Urbe,
937 486 1029 535 hac
1049 488 1145 536 vita
1165 489 1358 536 functus
1376 493 1466 547 est,
1485 489 1689 552 pastoris
1706 490 1872 539 solatio
1889 491 2111 541 destitue.

404 568 542 617 Feria
569 569 798 629 secunda,
824 570 992 618 ultima
1012 571 1193 618 mensis
1215 572 1507 631 decembris,
1528 572 1691 635 vigilia
1712 572 2110 634 circumcisionis,

338 650 530 700 fuerunt
549 667 748 716 vespere
770 653 965 715 papales
988 653 1037 699 in
1059 653 1243 716 capella
1265 654 1467 718 majore,
1489 657 1618 718 Papa
1638 638 1885 718 presente3
1907 661 1954 706 et
1972 657 2021 704 in
2037 657 2114 705 die

340 736 577 799 sequenti,
623 739 640 782 1
681 734 889 798 januarii
930 735 1054 783 festo
1095 735 1490 795 circumcisionis,
1542 738 1786 801 publicam
1831 739 2028 788 missam
2065 739 2114 787 in

338 818 508 866 eadem
531 816 714 880 capella
741 816 1002 864 celebravit
1030 819 1197 865 Rmus.
1233 820 1289 865 D.
1326 834 1365 865 s.
1407 819 1684 880 Clementis,
1715 837 1839 885 papa
1867 826 2109 886 presente.

340 900 560 948 Interfuit
582 899 733 947 Illust.
763 902 818 947 D.
845 900 1116 949 Fridericus
1140 901 1218 964 qui
1244 901 1406 950 locum
1434 903 1602 951 habuit
1628 904 1756 953 inter
1779 908 1984 953 RRmos.
2009 908 2110 954 DD.

340 984 566 1033 Ursinum
598 988 645 1031 et
673 1000 711 1030 s.
753 983 965 1031 Severini
1002 984 1232 1033 diaconos
1260 985 1555 1047 cardinales;
1587 991 1749 1036 Rmus.
1786 991 1843 1036 D.
1879 988 2113 1036 Ascanius

336 1066 757 1116 vicecancellarius
776 1066 988 1130 vesperis
1014 1067 1223 1116 externis
1247 1071 1294 1116 et
1315 1068 1462 1117 misse
1483 1069 1718 1120 hodierne
1739 1086 1836 1119 non
1861 1071 2075 1120 interfuit
2099 1088 2108 1120 :

336 1165 612 1199 sermonem
631 1150 743 1198 fecit
772 1149 902 1213 prior
930 1154 1193 1199 conventus
1225 1167 1263 1198 s.
1296 1150 1579 1217 Chrisogoni
1599 1154 1778 1202 ordinis
1801 1154 1941 1204 beate
1962 1156 2110 1203 Marie

333 1234 392 1282 de
411 1236 575 1283 Monte
598 1233 836 1283 Carmelo.

978 1375 1464 1424 MCCCCLXXXXIII.

394 1482 621 1543 Sabbato,
649 1488 675 1532 5
703 1484 930 1549 januarii,
968 1485 1124 1550 vigilia
1149 1487 1405 1551 epiphanie
1434 1474 1881 1547 Domini,'fuerunt
1906 1503 2106 1551 vespere

330 1566 528 1628 papales
551 1566 597 1614 in
621 1567 805 1631 capella
821 1568 1051 1632 predIcta,
1078 1572 1206 1634 Papa
1229 1578 1472 1635 presente.

398 1651 448 1696 In
478 1650 554 1698 die
586 1651 822 1714 sequenti,
862 1652 1061 1700 missam
1095 1653 1142 1701 in
1173 1654 1372 1704 basilica
1404 1673 1442 1704 s.
1479 1657 1607 1704 Petri
1642 1656 1900 1704 celebravit
1935 1659 2101 1703 Rmus.

329 1735 583 1784 cardinalis
606 1735 982 1784 Rachanatensis
1004 1737 1085 1799 qui
1107 1738 1194 1786 sub
1217 1755 1367 1802 regno
1386 1740 1446 1788 ad
1467 1740 1689 1788 eamdem
1707 1739 1955 1788 basilicam
1975 1740 2104 1787 venit

331 1824 377 1869 et
394 1820 480 1869 sub
505 1821 677 1869 eodem
697 1821 756 1869 ad
773 1821 1003 1885 palatium
1026 1836 1244 1870 reversus
1275 1826 1363 1870 est.
1387 1824 1673 1871 Sermonem
1690 1822 1802 1870 fecit
1822 1826 2106 1885 procurator

327 1903 508 1953 ordinis
532 1920 778 1952 servorum
792 1905 933 1954 beate
952 1905 1100 1954 Marie
1124 1905 1218 1953 sive
1242 1922 1280 1952 S.
1305 1904 1533 1953 Marcelli.
1552 1904 1658 1951 Alia
1678 1903 1839 1951 omnia
1856 1903 2105 1953 observata

327 1991 436 2034 sunt
456 2003 591 2035 more
612 1991 863 2036 consuetO.

392 2071 572 2120 Eadem
593 2071 688 2129 die,
706 2070 830 2119 infra
848 2071 1120 2135 prandium,
1140 2071 1413 2119 intimatum
1436 2070 1524 2118 fuit
1538 2070 1761 2119 omnibus
1781 2070 1972 2118 RRmis.
1999 2072 2100 2118 DD.

325 2154 644 2203 cardinalibus
665 2170 751 2218 per
773 2170 1006 2208 cursores
1023 2154 1084 2202 ad
1107 2154 1385 2202 instantiam
1414 2152 1541 2200 Illus.
1574 2155 1628 2200 D.
1654 2152 1886 2200 Friderici
1913 2153 1970 2200 de
1989 2153 2106 2199 Ara-

325 2253 452 2301 gona
499 2237 633 2285 ducis
672 2237 973 2295 Andriensis,
1021 2237 1252 2301 principis
1287 2237 1534 2285 Altamure
1572 2241 1617 2284 et
1654 2235 1791 2299 regni
1832 2234 2099 2294 admiraldI,

326 2320 622 2369 serenissimi
660 2319 950 2369 Ferdinandi
991 2320 1153 2369 Sicilie
1192 2320 1319 2384 regis
1364 2318 1746 2383 secundogeniti,
1796 2318 1926 2382 quod
1956 2317 2101 2366 hodie

324 2401 446 2451 hora
481 2418 584 2451 xxu
620 2403 890 2467 portabitur
920 2403 980 2451 ad
1013 2403 1269 2452 ecclesiam
1301 2403 1442 2451 beate
1478 2403 1626 2451 Marie
1664 2419 1809 2467 supra
1837 2403 2101 2451 Minervam

327 2486 572 2550 sepulture
614 2485 1055 2534 commendandum
1096 2486 1240 2533 funus
1280 2488 1335 2533 R.
1386 2488 1439 2533 P.
1481 2488 1537 2533 D.
1576 2486 1855 2551 Hieronymi
1889 2485 2102 2550 episcopi

327 2568 710 2630 Policastrensis,
756 2569 904 2634 ipsius
946 2572 1004 2619 D.
1053 2568 1283 2618 Friderici
1332 2569 1651 2627 conoratoris,
1700 2568 1781 2631 qui
1818 2568 1935 2617 obiit
1973 2569 2103 2616 circa

324 2653 499 2702 horam
528 2653 745 2718 quintam
779 2655 935 2704 noctis
968 2654 1214 2719 preterite.
1253 2653 1430 2717 Rogavi
1461 2656 1718 2716 propterea
1747 2654 1844 2699 RR.
1871 2651 2100 2699 Domina—

327 2735 483 2786 tiones
541 2736 857 2801 dignarentur
907 2752 1075 2786 eorum
1120 2735 1332 2800 prelatos
1380 2732 1673 2782 domesticos
1710 2737 1758 2781 et
1793 2733 2000 2782 familias
2041 2732 2102 2781 ad

324 2819 666 2869 honorandum
708 2821 853 2868 funus
897 2820 1178 2885 hujusmodi
1217 2819 1426 2867 mittere.
1473 2817 1605 2865 Idem
1642 2817 1788 2866 etiam
1827 2817 2100 2864 intimatum

326 2901 595 2951 oratoribus
631 2903 904 2967 principum
944 2908 990 2951 et
1029 2905 1365 2966 potentatuum
1399 2899 1448 2946 in
1488 2899 1614 2947 Urbe
1650 2899 1983 2957 existentibUS,
2018 2896 2096 2961 qui

328 2985 497 3034 eadem
517 2986 640 3034 hora
656 2989 889 3034 venerunt
910 2990 957 3034 et
979 2985 1120 3033 funus
1139 2982 1438 3033 associarunt
1460 2987 1709 3045 equestres
1730 2985 1927 3045 propter
1944 2981 2098 3030 lutum

328 3083 480 3130 usque
513 3068 573 3115 ad
602 3068 780 3115 dictam
814 3068 1089 3127 ecclesiam,
1121 3066 1201 3114 ubi
1230 3065 1586 3114 descenderunt
1619 3080 1678 3113 ex
1708 3064 1868 3126 equis;
1903 3080 2099 3127 preces-
2164 3129 2166 3131 q

329 3155 494 3198 serunt
514 3151 655 3198 funus
677 3151 993 3215 quadraginta
1019 3149 1258 3198 intorticia
1279 3153 1325 3197 et
1354 3146 1503 3197 secuti
1527 3151 1637 3196 sunt
1656 3147 1815 3212 ipsum
1839 3147 2099 3197 familiares

330 3233 402 3280 sui
422 3233 703 3296 lugubribus
724 3235 934 3283 vestibus
955 3234 1125 3281 induti.
1402 3219 1407 3221 S

392 3316 532 3364 Feria
567 3318 794 3376 secunda,
833 3321 858 3365 7
887 3317 1068 3366 mensis
1100 3315 1326 3381 januarii,
1363 3319 1585 3378 receptus
1619 3312 1704 3362 fuit
1738 3330 1826 3379 per
1861 3317 1956 3364 RR.
1991 3318 2093 3364 DD.

334 3398 576 3447 auditores
606 3403 710 3447 rote
738 3398 786 3445 in
816 3398 1140 3463 coadjutorem
1169 3414 1308 3446 suum
1338 3401 1392 3446 R.
1425 3399 1482 3444 D.
1515 3397 1797 3446 Dominicus
1822 3397 2096 3446 Jacobatius
