2222 3926
194 378 399 422 [Decembre
419 378 514 418 1496]
630 375 799 413 RERUM
831 375 1136 420 URBANARUM
1168 375 1516 414 COMMENTARH.
1905 381 1971 417 3'11

258 478 510 546 Dominica
550 478 687 527 tertia
725 478 973 537 adventuS‚
1007 481 1173 527 Rmus.
1210 483 1267 528 D.
1305 480 1561 528 cardinalis
1604 482 1972 529 Beneventanus

191 563 449 613 celebravit
474 563 672 611 missam
696 563 964 612 solemnem
992 563 1039 610 in
1062 563 1244 627 capella
1270 565 1456 628 majore
1478 563 1666 627 palatii;
1693 580 1968 612 sermonem

193 647 309 696 fecit
343 650 628 709 procurator
664 646 844 695 ordinis
880 646 1231 695 heremitarum
1272 663 1310 695 s.
1342 647 1629 711 Augustini;
1670 647 1796 694 infra
1837 648 1971 711 cujus

193 747 472 780 sermonem
509 734 832 795 pervenerunt
872 746 994 778 nova
1025 730 1241 794 pontifici
1275 745 1302 777 a
1335 728 1578 777 cardinale
1611 729 1669 776 de
1701 731 1882 777 Lunate
1916 745 1974 777 ex

191 815 360 864 castris
389 816 603 864 Ecclesie
637 819 748 864 ante
780 819 991 864 castrum
1022 814 1180 862 lnsule
1211 812 1482 861 constitutis
1513 828 1523 860 :
1556 811 1685 875 quod
1709 812 1804 860 hoc
1831 829 1972 861 mane

191 902 503 948 recurrerunt
532 899 593 946 ad
618 914 730 947 eum
761 915 821 947 ex
854 903 1011 947 castro
1044 897 1202 946 Insule
1230 896 1416 961 pedites
1438 895 1632 944 circiter
1654 895 1973 959 quadraginta

190 981 250 1029 ab
282 981 463 1029 Ursinis
493 982 784 1046 stipendiati,
815 982 968 1030 salvos
999 997 1106 1030 esse
1131 984 1372 1045 petenteS,
1397 982 1445 1028 et
1471 994 1583 1026 cum
1602 978 1696 1027 hoc
1717 994 1860 1028 mane
1881 979 1971 1027 illis

188 1064 236 1112 in
271 1069 429 1113 castro
467 1065 747 1114 conflictum
781 1066 894 1114 dare
928 1069 976 1113 et
1006 1065 1112 1113 illos
1141 1064 1384 1112 debellare
1425 1062 1686 1122 statuisset,
1704 1062 1882 1126 paratis
1913 1063 1973 1110 ad

188 1148 282 1196 hoc
306 1147 561 1206 machinis,
586 1148 651 1195 illi
674 1148 723 1195 in
744 1152 903 1196 castro
925 1148 1254 1197 exclamarunt
1276 1163 1327 1195 se
1352 1146 1546 1194 daturos
1577 1150 1766 1209 sponte,
1791 1144 1850 1194 de
1876 1161 1971 1208 quo

188 1247 359 1295 parum
398 1235 508 1295 post
545 1231 800 1295 prandium
832 1231 961 1281 venit
999 1231 1284 1279 caballarius
1311 1221 1568 1278 'affirmans
1608 1228 1823 1276 habitam
1863 1243 1970 1276 esse

188 1316 399 1364 Insulam
430 1316 581 1365 libere
621 1320 669 1364 et
699 1315 914 1378 legatum
948 1329 1005 1361 ac
1041 1318 1211 1377 gentes
1247 1312 1462 1361 Ecclesie
1496 1311 1651 1375 ipsam
1685 1310 1888 1358 intrasse
1924 1316 1968 1358 et

186 1399 452 1463 possidere.
477 1399 583 1446 Alia
603 1398 652 1445 in
673 1397 820 1445 missa
841 1398 1092 1445 observata
1113 1400 1224 1443 sunt
1245 1411 1380 1443 more
1403 1395 1560 1443 solito.

250 1483 388 1531 Feria
422 1486 573 1543 sexta,
615 1485 672 1529 16
707 1479 997 1539 decembris,
1034 1482 1199 1526 RmuS.
1234 1481 1292 1526 D.
1327 1478 1584 1526 cardinalis
1620 1477 1854 1527 Columna
1889 1478 1967 1539 qui

184 1571 294 1632 post
314 1583 564 1616 recessum
586 1566 713 1630 regis
735 1565 936 1614 Francie
958 1548 1008 1612 in
1036 1564 1162 1613 Urbe
1184 1578 1282 1611 non
1296 1563 1385 1610 fuit
1407 1578 1435 1610 a
1456 1562 1555 1610 suis
1580 1561 1812 1610 duntaxat
1830 1576 1966 1609 asso-

184 1651 338 1699 ciatus
359 1652 419 1700 ad
441 1651 617 1700 Urbem
639 1650 799 1711 rediit,
824 1650 871 1698 in
896 1650 1074 1714 palatio
1097 1664 1184 1698 suo
1198 1648 1338 1697 solito
1352 1646 1643 1712 hospitatus,
1669 1662 1831 1710 quem,
1856 1646 1965 1694 sab-

183 1735 296 1783 bato
319 1735 557 1798 sequenti,
583 1734 840 1783 cardinalis
859 1734 1114 1782 Cesarinus
1134 1731 1353 1780 visitavit.

251 1819 507 1867 Dominica
540 1825 711 1882 quarta
742 1819 988 1875 adventus,
1028 1820 1084 1865 18
1119 1815 1410 1874 decembris,
1443 1818 1498 1862 R.
1538 1817 1590 1862 P.
1630 1816 1688 1861 D.
1721 1814 1967 1862 Johannes

185 1903 300 1951 olim
338 1903 637 1960 Portuensis,
673 1918 803 1951 nunc
832 1901 882 1948 in
914 1900 1167 1949 universali
1202 1899 1420 1948 Ecclesia
1451 1898 1706 1962 episcopus
1736 1898 1967 1946 assistens

186 1990 339 2050 Pape,
376 1986 634 2035 celebravit
666 1989 864 2036 missam
900 1986 1168 2035 solemnem
1205 1984 1254 2032 in
1293 1984 1479 2048 capella
1510 1984 1696 2047 majore
1731 1982 1962 2046 predicta,

187 2073 316 2134 Papa
345 2069 563 2130 absente,
585 2072 666 2134 qui
693 2071 741 2119 in
767 2071 845 2118 his
867 2070 1038 2118 diebus
1059 2068 1283 2117 catarrho
1301 2084 1471 2132 parum
1489 2068 1718 2116 alteratus
1738 2067 1788 2114 in
1809 2066 1966 2130 publi-

186 2169 297 2201 cum
325 2153 488 2202 venire
512 2154 683 2203 noluit.
710 2157 997 2204 SermOnem
1024 2154 1137 2203 fecit
1162 2157 1448 2218 procurator
1473 2152 1655 2201 ordinis
1683 2152 1965 2200 Carmelita-

183 2252 307 2284 rum.

249 2318 404 2367 Finita
424 2318 589 2381 missa,
609 2337 666 2369 ex
688 2320 1032 2369 commissione
1054 2323 1181 2384 Pape
1204 2319 1466 2384 significavi
1489 2319 1813 2368 cardinalibus
1836 2304 1965 2383 quod
2000 2341 2003 2343 >

183 2418 288 2450 cras
310 2405 441 2466 Papa
467 2403 648 2452 faceret
668 2405 913 2468 publicum
935 2403 1275 2454 consistorium
1296 2419 1383 2468 pro
1405 2403 1685 2467 receptione
1707 2404 1833 2452 Rmi.
1858 2419 1964 2453 car-

183 2486 355 2534 dinalis
384 2488 613 2550 Capuani,
645 2487 791 2551 legati
826 2504 885 2536 ex
914 2503 1065 2552 regno
1095 2487 1412 2551 Neapolitano
1439 2487 1705 2547 redeuntis,
1741 2488 1822 2550 qui
1854 2492 1961 2551 post

183 2570 290 2633 ejus
315 2584 560 2617 recessum
581 2570 641 2618 ab
666 2571 792 2620 Urbe
814 2571 1067 2619 cardinalis
1095 2575 1142 2619 et
1167 2571 1355 2633 legatus
1384 2574 1575 2618 creatus
1604 2574 1676 2617 est
1704 2574 1752 2618 et
1772 2572 1961 2633 Neapo-

181 2653 266 2700 lim
297 2652 386 2701 sibi
420 2653 659 2717 capellum
691 2654 911 2714 missum,
941 2658 1080 2719 prout
1101 2654 1247 2702 etiam
1267 2669 1356 2718 per
1384 2669 1608 2702 cursores
1640 2653 1732 2717 ipsi
1766 2653 1959 2701 intima-

179 2735 324 2783 bitur.

245 2821 346 2867 Hoc
388 2833 555 2879 mane,
598 2823 903 2869 recesserunt
942 2835 1002 2867 ex
1039 2819 1167 2868 Urbe
1206 2819 1457 2886 quingenti
1500 2818 1710 2868 Suizzeri
1749 2817 1954 2881 pedites,

181 2901 496 2950 Braccianum
523 2903 584 2951 ad
610 2908 770 2953 castra
790 2903 920 2963 ituri,
945 2902 1026 2966 qui
1048 2919 1107 2951 ex
1125 2903 1295 2951 ‘Insula
1319 2903 1474 2967 pridie
1502 2903 1615 2951 illuc
1643 2917 1694 2951 se
1722 2901 1957 2951 dederunt

179 2989 227 3033 et
246 2985 482 3034 locarunt.

245 3069 424 3116 Eadem
452 3069 547 3129 die,
570 3074 680 3133 post
697 3070 870 3118 horam
891 3085 1223 3134 vesperorum,
1239 3087 1326 3135 per
1345 3075 1535 3135 portam
1557 3072 1951 3128 Lateranensem,

177 3150 306 3198 venit
328 3153 493 3199 RmuS.
519 3154 576 3200 D.
600 3153 846 3202 Johannes
866 3169 904 3201 s.
930 3153 1078 3202 Marie
1104 3154 1152 3202 in
1174 3155 1264 3204 Via
1284 3156 1417 3214 Lata,
1444 3153 1677 3202 diaconus
1699 3152 1954 3200 cardinalis

179 3233 410 3296 Capuani,
437 3234 564 3282 sedis
589 3236 854 3299 apostolice
882 3236 1087 3299 legatus,
1112 3253 1140 3285 a
1163 3238 1261 3285 suis
1284 3238 1514 3284 duntaxat
1537 3235 1800 3283 associatus
1823 3239 1956 3284 extra

179 3319 393 3379 portam,
437 3316 532 3365 sive
575 3318 736 3380 potius
775 3318 901 3367 intra
941 3324 1147 3383 portam.
1192 3320 1403 3383 Deposui
1443 3318 1507 3365 ibi
1554 3318 1870 3381 capuccinum
1908 3322 1953 3365 et

179 3398 460 3446 mantellum
486 3399 752 3449 violaceum
780 3417 873 3464 que
896 3403 1118 3465 portabat
1148 3408 1195 3451 et
1217 3401 1423 3466 imposui
1451 3401 1538 3449 sibi
1567 3417 1768 3465 cappam
1789 3401 1837 3447 in
1858 3416 1951 3462 qua

180 3481 406 3544 equitavit
428 3498 578 3545 usque
599 3482 661 3530 ad
680 3484 1027 3533 monasterium
1050 3501 1089 3534 s.
1113 3486 1262 3534 Marie
1289 3488 1437 3544 Nove,
1461 3484 1540 3532 ubi
1563 3484 1832 3549 hospitatus
1857 3488 1945 3530 est.
