2216 3886
128 337 235 376 [ΛΟΜ
257 336 346 376 1499]
575 335 740 371 RERUM
775 332 1078 370 URBANARUM
1112 332 1461 371 COMMENTARH.
1838 337 1909 370 555

199 439 379 486 Deinde
399 438 507 486 dedi
530 437 750 486 cedulam
773 435 1150 484 ordinandorum
1168 452 1255 499 pro
1274 436 1490 500 exequiis
1509 437 1723 501 episcopi
1744 437 1907 486 Pisau-

131 522 285 570 rensis
306 522 508 586 predicti
531 521 764 580 defuncti,
790 520 979 569 cuidam
1001 536 1059 568 ex
1081 520 1198 577 suis,
1223 520 1404 569 tenoris
1426 520 1671 584 sequentis
1697 538 1707 570 :

198 608 412 668 Rogetur
437 605 650 667 prelatus
679 604 757 668 qui
782 605 996 652 celebret
1023 610 1071 653 et
1099 603 1328 664 absolvat,
1359 604 1436 667 qui
1465 605 1735 653 orationem
1763 605 1907 653 faciat

132 690 178 736 in
211 688 416 736 ecclesia
448 688 709 736 catalectus
746 704 855 736 cum
886 688 1032 752 pallio
1067 694 1114 736 et
1146 692 1353 751 quatuor
1385 689 1530 736 armis
1561 688 1796 747 defuncti,
1834 688 1906 736 vel

131 787 214 820 sex
235 771 451 819 cavaletti
468 772 607 834 juxta
627 771 933 830 catalectum,
956 771 1070 819 hinc
1092 771 1202 818 inde
1224 787 1310 835 pro
1332 788 1441 819 xxlv
1464 772 1723 832 intortitiis,
1758 772 1907 820 banca

128 871 214 920 pro
237 858 374 904 Rmo.
411 858 465 903 D.
498 855 726 903 cardinali
753 855 1096 913 Alexandrino,
1122 869 1319 902 scamna
1339 871 1426 918 pro
1448 855 1645 919 prelatis
1667 861 1714 905 et
1736 856 1903 904 funes-

133 939 207 998 tis,
240 955 300 987 XL
328 939 593 1003 presbyteri
622 939 701 1002 qui
733 939 903 986 missas
933 938 1099 986 bassas
1133 937 1398 989 celebrent.
1432 943 1480 987 et
1514 954 1634 985 unus
1665 938 1745 1001 qui
1782 937 1910 985 cele-

135 1024 326 1071 brantes
347 1026 482 1071 notet
503 1027 549 1070 et
571 1022 638 1070 eis
662 1022 997 1087 eleemosynas
1017 1021 1264 1084 largiatur.

197 1109 317 1155 Cera
345 1105 626 1154 ordinanda.
653 1106 889 1154 Intortitia
915 1110 1122 1169 quatuor
1147 1105 1378 1153 librarum
1404 1104 1668 1167 quodlibet,
1694 1103 1911 1153 videlicet

129 1205 216 1255 pro
255 1190 488 1238 catalecto
514 1206 643 1248 xxw,
672 1205 759 1253 pro
789 1189 1035 1253 sepultura
1063 1205 1116 1246 11,
1139 1204 1226 1252 pro
1256 1188 1524 1237 elevatione
1554 1187 1843 1235 sacramenti
1864 1186 1910 1233 in

131 1273 289 1321 missis
319 1273 470 1322 bassis
497 1290 547 1333 11,
577 1289 663 1337 pro
691 1274 875 1337 majore
903 1273 1037 1322 altari
1067 1289 1173 1332 vm,
1198 1288 1285 1336 pro
1316 1272 1593 1320 celebrante
1623 1288 1656 1330 1,
1682 1287 1768 1335 pro
1799 1287 1913 1319 can-

131 1357 239 1405 dela
259 1374 289 1416 l,
314 1373 400 1420 pro
423 1362 617 1406 oraturo
641 1374 679 1415 13
705 1357 750 1404 in
772 1363 927 1404 totum
955 1372 1160 1405 numero
1188 1373 1249 1405 XL
1274 1357 1347 1405 vel
1369 1356 1520 1414 circa3
1545 1355 1746 1404 candele
1771 1355 1913 1403 unius

129 1440 248 1488 libre
283 1440 510 1504 quelibet,
539 1456 626 1504 pro
657 1439 853 1504 prelatis
889 1444 936 1488 et
969 1439 1188 1496 funestis,
1220 1443 1434 1497 centum,
1467 1438 1526 1486 de
1557 1438 1732 1501 quibus
1767 1438 1913 1486 etiam

130 1528 338 1588 ponatur
358 1539 503 1587 super
523 1523 671 1571 altare
693 1528 740 1572 et
763 1522 1033 1583 credentia.;
1053 1522 1284 1571 ministris
1307 1526 1353 1571 et
1375 1521 1636 1586 capellanis
1663 1521 1915 1570 celebran-

133 1608 277 1667 tibus,
307 1608 365 1656 de
400 1608 560 1656 media
594 1607 716 1655 libra
753 1623 839 1671 pro
870 1607 1195 1654 cardinalibus
1233 1611 1280 1655 et
1311 1605 1574 1664 scuitferis3
1612 1605 1671 1653 de
1709 1610 1917 1668 quatuor

132 1691 284 1739 unciis
305 1706 391 1754 pro
413 1691 517 1738 aliis
539 1690 783 1755 personis;
806 1690 865 1738 de
892 1707 954 1738 xx
983 1705 1070 1754 pro
1097 1690 1220 1739 libra
1245 1706 1331 1755 pro
1363 1690 1522 1738 missis
1548 1689 1700 1737 bassis
1732 1695 1780 1738 et
1807 1705 1914 1736 mu—

132 1775 358 1835 lieribus;
390 1774 682 1838 deputentur
711 1774 793 1837 qui
821 1790 982 1822 ceram
1012 1774 1286 1822 custodiant
1316 1779 1362 1823 et
1391 1773 1599 1822 fideliter
1628 1772 1914 1822 distribuant

133 1874 217 1907 seu
238 1859 513 1907 ministrent
535 1858 766 1921 magistro
788 1857 1177 1906 ceremoniarum
1199 1857 1595 1906 distribuendam.

200 1943 339 1991 Feria
363 1942 547 2006 quinta,
577 1947 633 1991 15
663 1943 776 1991 dicti
804 1943 985 1991 mensis
1006 1942 1211 2006 augusti,
1236 1943 1458 1990 inventus
1484 1940 1574 1987 fuit
1602 1940 1777 2003 ligatus
1800 1956 1911 1987 cum

132 2042 247 2075 saxo
269 2026 330 2074 ad
350 2026 546 2085 collum,
568 2026 616 2073 in
638 2025 797 2074 Tiberi
817 2012 1113 2081 submersus,
1133 2026 1263 2073 circa
1279 2028 1476 2088 pontem
1495 2038 1688 2082 novum,
1713 2022 1908 2086 quidam

132 2111 385 2174 HispanUS,
410 2109 762 2174 parafrenarius
785 2109 910 2156 Rmi.
936 2111 994 2157 D.
1022 2108 1278 2157 cardinalis
1301 2107 1360 2154 de
1384 2106 1575 2170 Borgia.

197 2195 336 2243 Feria
363 2198 514 2253 sexta,
551 2197 607 2241 16
630 2193 836 2257 augusti,
869 2196 923 2240 R.
957 2196 1009 2241 P.
1043 2195 1098 2241 D.
1123 2193 1339 2240 Andreas
1362 2190 1421 2238 de
1445 2191 1719 2255 Spiritibus,
1752 2191 1914 2241 Viter-

132 2278 328 2337 biensiS,
348 2277 474 2325 sedis
496 2276 760 2340 apostolice
775 2275 1134 2339 protonotarius
1154 2275 1212 2322 de
1234 2274 1630 2339 participantibus
1651 2279 1699 2323 et
1720 2290 1911 2323 camere

132 2361 394 2425 apostolice
426 2360 650 2420 clericus,
688 2359 840 2407 iturus
871 2359 932 2407 ad
961 2360 1192 2423 palatium
1225 2363 1270 2407 et
1300 2375 1544 2408 cameram
1574 2358 1909 2423 apostolicam,

134 2446 180 2492 in
213 2444 370 2508 platea
400 2461 438 2491 s.
474 2443 609 2501 Celii,
637 2444 776 2506 juxta
803 2447 1003 2507 pontem
1035 2460 1073 2491 s.
1107 2443 1296 2506 Angeli,
1329 2443 1417 2490 fuit
1447 2459 1473 2490 a
1510 2442 1719 2505 quodam
1755 2443 1914 2492 Viter-

135 2527 300 2576 biense
332 2526 560 2590 equestri,
595 2541 705 2573 cum
727 2541 843 2574 ense
876 2526 1127 2589 evaginato
1155 2526 1204 2573 in
1230 2526 1448 2574 dextram
1477 2525 1706 2584 habente,
1737 2530 1782 2573 et
1806 2526 1909 2589 ejus

133 2612 361 2674 punctam
391 2610 481 2673 ipsi
511 2608 841 2672 protonotario
875 2608 1165 2657 continuatis
1202 2608 1383 2656 vicibus
1410 2608 1660 2672 prebente,
1696 2610 1908 2660 invasus,

132 2708 300 2755 parum
323 2696 484 2740 tamen
506 2692 554 2739 in
581 2696 778 2755 pectore
805 2692 958 2750 lesus;
984 2696 1049 2750 et,
1075 2707 1186 2739 cum
1214 2691 1494 2740 assistentes
1516 2692 1800 2751 clamarent,
1826 2709 1913 2740 au-

132 2776 252 2839 fugit
284 2776 475 2823 invasor
507 2775 719 2823 clamans
757 2774 905 2823 Urso!
943 2774 1092 2822 Urso!
1123 2779 1169 2822 et
1202 2775 1393 2823 intravit
1426 2774 1655 2838 palatium
1688 2775 1813 2822 Rmi.
1854 2778 1911 2823 D.

132 2858 387 2906 cardinalis
408 2858 467 2906 de
497 2859 697 2907 Ursinis.
728 2858 866 2907 Nulla
886 2858 974 2906 fuit
1004 2864 1262 2923 propterea
1282 2858 1408 2907 facta
1429 2858 1794 2907 demonstratio.
1822 2860 1907 2907 SS.

134 2943 190 2988 D.
225 2943 302 2999 N.,
339 2957 390 2989 se
421 2941 684 2997 intellecto,
719 2942 907 2989 erubuit
940 2946 987 2989 et
1020 2941 1273 2989 videbatur
1305 2942 1437 2990 valde
1473 2941 1634 2990 dolere
1668 2942 1799 3005 quod
1831 2959 1908 2990 res

133 3029 241 3071 acta
261 3029 388 3071 esset
409 3025 475 3072 ita
495 3025 674 3088 inepte.

201 3107 426 3167 Sabbato,
452 3111 506 3155 17
530 3109 735 3170 augusti,
762 3109 851 3157 fuit
876 3125 963 3172 per
985 3110 1163 3156 Urbem
1189 3109 1382 3173 publice
1411 3110 1760 3172 proclamatum
1783 3108 1911 3171 quod

132 3191 420 3254 quicumque
448 3191 659 3239 creditor
679 3196 807 3239 esset
835 3192 957 3239 Rmi.
984 3194 1041 3239 D.
1067 3192 1322 3239 cardinalis
1351 3192 1409 3239 de
1433 3192 1606 3255 Borgia
1633 3191 1755 3238 infra
1780 3206 1911 3237 sum-

132 3289 259 3321 mam
283 3279 476 3321 centum
497 3274 798 3334 ducatorum,
814 3274 997 3322 veniret
1019 3275 1078 3321 ab
1101 3290 1157 3322 ea
1172 3275 1248 3322 die
1271 3290 1421 3338 usque
1443 3275 1504 3322 ad
1522 3273 1775 3322 diemlune
1796 3278 1907 3321 tunc

132 3356 348 3420 proxime
366 3355 571 3404 suturam
588 3356 817 3405 inclusive
836 3358 895 3405 ad
910 3357 1192 3420 magistrum
1210 3357 1382 3404 domus
1402 3372 1487 3403 sue
1504 3359 1550 3404 et
1565 3356 1608 3404 ei
1624 3355 1900 3404 satisfieret.

201 3439 336 3486 Feria
369 3438 526 3488 tertia,
553 3441 613 3485 20
646 3438 758 3487 dicti
792 3439 972 3486 mensis
1006 3439 1211 3501 augusti,
1236 3438 1294 3485 de
1330 3437 1673 3485 commissione
1696 3437 1818 3485 Rmi.
1846 3441 1902 3485 D.
