<?xml version="1.0" encoding="UTF-8"?>
<!DOCTYPE html PUBLIC "-//W3C//DTD XHTML 1.0 Transitional//EN"
    "http://www.w3.org/TR/xhtml1/DTD/xhtml1-transitional.dtd">
<html xmlns="http://www.w3.org/1999/xhtml" xml:lang="en" lang="en">
 <head>
  <title>
</title>
<meta http-equiv="Content-Type" content="text/html;charset=utf-8" />
  <meta name='ocr-system' content='tesseract 3.04.00' />
  <meta name='ocr-capabilities' content='ocr_page ocr_carea ocr_par ocr_line ocrx_word'/>
</head>
<body>
  <div class='ocr_page' id='page_1' title='image "./diariumsivererum02burcuoft_0144.png"; bbox 0 0 2202 3926; ppageno 0'>
   <div class='ocr_carea' id='block_1_1' title="bbox 320 331 2089 378">
    <p class='ocr_par' dir='ltr' id='par_1_1' title="bbox 320 331 2089 378">
     <span class='ocr_line' id='line_1_1' title="bbox 320 331 2089 378; baseline 0 -12"><span class='ocrx_word' id='word_1_1' title='bbox 320 331 388 367; x_wconf 79' lang='lat'>132</span> <span class='ocrx_word' id='word_1_2' title='bbox 927 331 1157 368; x_wconf 88' lang='lat' dir='ltr'><strong>JOHANNIS</strong></span> <span class='ocrx_word' id='word_1_3' title='bbox 1191 331 1486 378; x_wconf 84' lang='lat' dir='ltr'>BURCHARDI,</span> <span class='ocrx_word' id='word_1_4' title='bbox 1895 335 1977 375; x_wconf 85' lang='lat' dir='ltr'>[Mai</span> <span class='ocrx_word' id='word_1_5' title='bbox 1996 337 2089 375; x_wconf 75' lang='lat'>1494]</span> 
     </span>
    </p>
   </div>
   <div class='ocr_carea' id='block_1_2' title="bbox 315 430 2102 3403">
    <p class='ocr_par' dir='ltr' id='par_1_2' title="bbox 315 430 2102 3403">
     <span class='ocr_line' id='line_1_2' title="bbox 317 430 2088 497; baseline 0.003 -19"><span class='ocrx_word' id='word_1_6' title='bbox 317 446 420 490; x_wconf 90' lang='lat' dir='ltr'>rex,</span> <span class='ocrx_word' id='word_1_7' title='bbox 447 430 549 479; x_wconf 89' lang='lat' dir='ltr'>sedi</span> <span class='ocrx_word' id='word_1_8' title='bbox 571 431 834 494; x_wconf 90' lang='lat' dir='ltr'>apostolice</span> <span class='ocrx_word' id='word_1_9' title='bbox 857 431 1210 491; x_wconf 87' lang='lat' dir='ltr'>devotissimus,</span> <span class='ocrx_word' id='word_1_10' title='bbox 1230 433 1352 497; x_wconf 89' lang='lat' dir='ltr'>juris</span> <span class='ocrx_word' id='word_1_11' title='bbox 1373 433 1508 496; x_wconf 83' lang='lat' dir='ltr'>regni</span> <span class='ocrx_word' id='word_1_12' title='bbox 1536 436 1584 480; x_wconf 84' lang='lat' dir='ltr'>et</span> <span class='ocrx_word' id='word_1_13' title='bbox 1611 437 1738 479; x_wconf 89' lang='lat' dir='ltr'>terre</span> <span class='ocrx_word' id='word_1_14' title='bbox 1765 433 2088 496; x_wconf 89' lang='lat' dir='ltr'>predictorum</span> 
     </span>
     <span class='ocr_line' id='line_1_3' title="bbox 317 514 2091 578; baseline 0.002 -17"><span class='ocrx_word' id='word_1_15' title='bbox 317 530 373 562; x_wconf 89' lang='lat' dir='ltr'>ac</span> <span class='ocrx_word' id='word_1_16' title='bbox 403 514 638 577; x_wconf 82' lang='lat' dir='ltr'>regalium</span> <span class='ocrx_word' id='word_1_17' title='bbox 669 514 928 578; x_wconf 84' lang='lat' dir='ltr'>insignium</span> <span class='ocrx_word' id='word_1_18' title='bbox 958 515 1256 578; x_wconf 81' lang='lat' dir='ltr'>plenitudine</span> <span class='ocrx_word' id='word_1_19' title='bbox 1288 514 1515 577; x_wconf 83' lang='lat' dir='ltr'>gratulari</span> <span class='ocrx_word' id='word_1_20' title='bbox 1545 529 1601 561; x_wconf 90' lang='lat' dir='ltr'>ac</span> <span class='ocrx_word' id='word_1_21' title='bbox 1632 518 1806 562; x_wconf 89' lang='lat' dir='ltr'>statum</span> <span class='ocrx_word' id='word_1_22' title='bbox 1838 531 1977 563; x_wconf 89' lang='lat' dir='ltr'>suum</span> <span class='ocrx_word' id='word_1_23' title='bbox 2007 517 2091 564; x_wconf 88' lang='lat' dir='ltr'>fir-</span> 
     </span>
     <span class='ocr_line' id='line_1_4' title="bbox 316 597 2091 663; baseline 0.002 -19"><span class='ocrx_word' id='word_1_24' title='bbox 316 597 439 644; x_wconf 89' lang='lat' dir='ltr'>mius</span> <span class='ocrx_word' id='word_1_25' title='bbox 464 597 674 645; x_wconf 88' lang='lat' dir='ltr'>stabilire</span> <span class='ocrx_word' id='word_1_26' title='bbox 696 597 867 656; x_wconf 85' lang='lat' dir='ltr'>valeat,</span> <span class='ocrx_word' id='word_1_27' title='bbox 894 597 1204 659; x_wconf 82' lang='lat' dir='ltr'>volentesque</span> <span class='ocrx_word' id='word_1_28' title='bbox 1227 599 1412 642; x_wconf 85' lang='lat' dir='ltr'>tantum</span> <span class='ocrx_word' id='word_1_29' title='bbox 1434 610 1625 653; x_wconf 89' lang='lat' dir='ltr'>munus,</span> <span class='ocrx_word' id='word_1_30' title='bbox 1654 601 1797 659; x_wconf 91' lang='lat' dir='ltr'>prout</span> <span class='ocrx_word' id='word_1_31' title='bbox 1817 598 1962 646; x_wconf 83' lang='lat' dir='ltr'>etiam</span> <span class='ocrx_word' id='word_1_32' title='bbox 1982 615 2091 663; x_wconf 92' lang='lat' dir='ltr'>pre-</span> 
     </span>
     <span class='ocr_line' id='line_1_5' title="bbox 315 678 2092 743; baseline 0.002 -16"><span class='ocrx_word' id='word_1_33' title='bbox 315 680 438 727; x_wconf 86' lang='lat' dir='ltr'>fatus</span> <span class='ocrx_word' id='word_1_34' title='bbox 465 680 740 742; x_wconf 89' lang='lat' dir='ltr'>Alphonsus</span> <span class='ocrx_word' id='word_1_35' title='bbox 764 696 846 728; x_wconf 90' lang='lat' dir='ltr'>rex</span> <span class='ocrx_word' id='word_1_36' title='bbox 867 696 954 743; x_wconf 91' lang='lat' dir='ltr'>per</span> <span class='ocrx_word' id='word_1_37' title='bbox 975 695 1087 727; x_wconf 89' lang='lat' dir='ltr'>suos</span> <span class='ocrx_word' id='word_1_38' title='bbox 1111 678 1342 742; x_wconf 77' lang='lat' dir='ltr'>speciales</span> <span class='ocrx_word' id='word_1_39' title='bbox 1364 684 1621 742; x_wconf 88' lang='lat' dir='ltr'>propterea</span> <span class='ocrx_word' id='word_1_40' title='bbox 1643 680 1703 728; x_wconf 88' lang='lat' dir='ltr'>ad</span> <span class='ocrx_word' id='word_1_41' title='bbox 1723 697 1810 729; x_wconf 92' lang='lat' dir='ltr'>nos</span> <span class='ocrx_word' id='word_1_42' title='bbox 1831 681 2092 731; x_wconf 88' lang='lat' dir='ltr'>destinatos</span> 
     </span>
     <span class='ocr_line' id='line_1_6' title="bbox 317 761 2093 826; baseline 0.002 -15"><span class='ocrx_word' id='word_1_43' title='bbox 317 767 533 811; x_wconf 87' lang='lat' dir='ltr'>oratores</span> <span class='ocrx_word' id='word_1_44' title='bbox 556 777 666 809; x_wconf 89' lang='lat' dir='ltr'>cum</span> <span class='ocrx_word' id='word_1_45' title='bbox 690 762 919 811; x_wconf 91' lang='lat' dir='ltr'>instantia</span> <span class='ocrx_word' id='word_1_46' title='bbox 938 762 1212 826; x_wconf 87' lang='lat' dir='ltr'>postulavit,</span> <span class='ocrx_word' id='word_1_47' title='bbox 1244 761 1507 825; x_wconf 91' lang='lat' dir='ltr'>adimplere</span> <span class='ocrx_word' id='word_1_48' title='bbox 1532 778 1588 811; x_wconf 89' lang='lat' dir='ltr'>ac</span> <span class='ocrx_word' id='word_1_49' title='bbox 1612 763 1785 813; x_wconf 87' lang='lat' dir='ltr'>debitis</span> <span class='ocrx_word' id='word_1_50' title='bbox 1813 765 2093 814; x_wconf 89' lang='lat' dir='ltr'>solemnita-</span> 
     </span>
     <span class='ocr_line' id='line_1_7' title="bbox 316 843 2095 910; baseline 0.003 -18"><span class='ocrx_word' id='word_1_51' title='bbox 316 846 443 892; x_wconf 85' lang='lat' dir='ltr'>tibus</span> <span class='ocrx_word' id='word_1_52' title='bbox 474 845 730 903; x_wconf 88' lang='lat' dir='ltr'>honorare,</span> <span class='ocrx_word' id='word_1_53' title='bbox 763 845 1045 893; x_wconf 90' lang='lat' dir='ltr'>eorumdem</span> <span class='ocrx_word' id='word_1_54' title='bbox 1071 843 1472 909; x_wconf 79' lang='lat' dir='ltr'>predecessorum</span> <span class='ocrx_word' id='word_1_55' title='bbox 1499 846 1711 910; x_wconf 82' lang='lat' dir='ltr'>vestigiis</span> <span class='ocrx_word' id='word_1_56' title='bbox 1737 847 2022 907; x_wconf 81' lang='lat' dir='ltr'>inherendo,</span> <span class='ocrx_word' id='word_1_57' title='bbox 2047 854 2095 898; x_wconf 87' lang='lat' dir='ltr'>et</span> 
     </span>
     <span class='ocr_line' id='line_1_8' title="bbox 318 928 2094 995; baseline 0.001 -18"><span class='ocrx_word' id='word_1_58' title='bbox 318 929 377 977; x_wconf 88' lang='lat' dir='ltr'>ad</span> <span class='ocrx_word' id='word_1_59' title='bbox 403 933 448 977; x_wconf 92' lang='lat' dir='ltr'>te</span> <span class='ocrx_word' id='word_1_60' title='bbox 470 928 548 991; x_wconf 90' lang='lat' dir='ltr'>qui</span> <span class='ocrx_word' id='word_1_61' title='bbox 573 943 718 992; x_wconf 90' lang='lat' dir='ltr'>opere</span> <span class='ocrx_word' id='word_1_62' title='bbox 741 930 936 992; x_wconf 91' lang='lat' dir='ltr'>quidem</span> <span class='ocrx_word' id='word_1_63' title='bbox 966 934 1138 994; x_wconf 88' lang='lat' dir='ltr'>potens</span> <span class='ocrx_word' id='word_1_64' title='bbox 1170 945 1221 976; x_wconf 88' lang='lat' dir='ltr'>es</span> <span class='ocrx_word' id='word_1_65' title='bbox 1250 933 1294 977; x_wconf 88' lang='lat' dir='ltr'>et</span> <span class='ocrx_word' id='word_1_66' title='bbox 1323 944 1563 990; x_wconf 75' lang='lat' dir='ltr'>sermone,</span> <span class='ocrx_word' id='word_1_67' title='bbox 1589 945 1645 978; x_wconf 89' lang='lat' dir='ltr'>ac</span> <span class='ocrx_word' id='word_1_68' title='bbox 1675 946 1817 993; x_wconf 92' lang='lat' dir='ltr'>quem</span> <span class='ocrx_word' id='word_1_69' title='bbox 1838 931 1887 978; x_wconf 91' lang='lat' dir='ltr'>in</span> <span class='ocrx_word' id='word_1_70' title='bbox 1907 931 2094 995; x_wconf 88' lang='lat' dir='ltr'>magnis</span> 
     </span>
     <span class='ocr_line' id='line_1_9' title="bbox 318 1012 2096 1079; baseline -0.001 -17"><span class='ocrx_word' id='word_1_71' title='bbox 318 1017 564 1078; x_wconf 82' lang='lat' dir='ltr'>expertum</span> <span class='ocrx_word' id='word_1_72' title='bbox 590 1016 637 1058; x_wconf 91' lang='lat' dir='ltr'>et</span> <span class='ocrx_word' id='word_1_73' title='bbox 659 1013 838 1071; x_wconf 88' lang='lat' dir='ltr'>arduis,</span> <span class='ocrx_word' id='word_1_74' title='bbox 867 1013 1041 1060; x_wconf 91' lang='lat' dir='ltr'>eximia</span> <span class='ocrx_word' id='word_1_75' title='bbox 1061 1012 1297 1076; x_wconf 78' lang='lat' dir='ltr'>probitate</span> <span class='ocrx_word' id='word_1_76' title='bbox 1324 1017 1371 1061; x_wconf 91' lang='lat' dir='ltr'>et</span> <span class='ocrx_word' id='word_1_77' title='bbox 1392 1012 1619 1063; x_wconf 88' lang='lat' dir='ltr'>fidelitate</span> <span class='ocrx_word' id='word_1_78' title='bbox 1642 1030 1900 1078; x_wconf 87' lang='lat' dir='ltr'>rerumque</span> <span class='ocrx_word' id='word_1_79' title='bbox 1923 1030 2096 1079; x_wconf 87' lang='lat' dir='ltr'>geren-</span> 
     </span>
     <span class='ocr_line' id='line_1_10' title="bbox 317 1096 2096 1162; baseline 0.002 -19"><span class='ocrx_word' id='word_1_80' title='bbox 317 1098 487 1144; x_wconf 89' lang='lat' dir='ltr'>darum</span> <span class='ocrx_word' id='word_1_81' title='bbox 520 1097 815 1162; x_wconf 79' lang='lat' dir='ltr'>experientia</span> <span class='ocrx_word' id='word_1_82' title='bbox 845 1112 900 1144; x_wconf 92' lang='lat' dir='ltr'>ac</span> <span class='ocrx_word' id='word_1_83' title='bbox 936 1096 1167 1159; x_wconf 87' lang='lat' dir='ltr'>precipua</span> <span class='ocrx_word' id='word_1_84' title='bbox 1195 1097 1450 1160; x_wconf 90' lang='lat' dir='ltr'>prudentia</span> <span class='ocrx_word' id='word_1_85' title='bbox 1483 1114 1539 1145; x_wconf 87' lang='lat' dir='ltr'>ac</span> <span class='ocrx_word' id='word_1_86' title='bbox 1568 1098 1840 1162; x_wconf 86' lang='lat' dir='ltr'>integritate</span> <span class='ocrx_word' id='word_1_87' title='bbox 1873 1113 2096 1161; x_wconf 89' lang='lat' dir='ltr'>compro-</span> 
     </span>
     <span class='ocr_line' id='line_1_11' title="bbox 316 1179 2096 1244; baseline 0.002 -19"><span class='ocrx_word' id='word_1_88' title='bbox 316 1179 480 1226; x_wconf 86' lang='lat' dir='ltr'>batum</span> <span class='ocrx_word' id='word_1_89' title='bbox 516 1180 770 1240; x_wconf 79' lang='lat' dir='ltr'>habemuS,</span> <span class='ocrx_word' id='word_1_90' title='bbox 811 1185 1024 1228; x_wconf 87' lang='lat' dir='ltr'>mentem</span> <span class='ocrx_word' id='word_1_91' title='bbox 1058 1186 1273 1228; x_wconf 90' lang='lat' dir='ltr'>nostram</span> <span class='ocrx_word' id='word_1_92' title='bbox 1315 1180 1563 1244; x_wconf 86' lang='lat' dir='ltr'>potissime</span> <span class='ocrx_word' id='word_1_93' title='bbox 1606 1185 1940 1230; x_wconf 84' lang='lat' dir='ltr'>convertentes</span> <span class='ocrx_word' id='word_1_94' title='bbox 1985 1196 2096 1244; x_wconf 90' lang='lat' dir='ltr'>spe-</span> 
     </span>
     <span class='ocr_line' id='line_1_12' title="bbox 317 1263 2095 1327; baseline 0 -17"><span class='ocrx_word' id='word_1_95' title='bbox 317 1268 577 1327; x_wconf 86' lang='lat' dir='ltr'>rantesque</span> <span class='ocrx_word' id='word_1_96' title='bbox 612 1263 741 1327; x_wconf 93' lang='lat' dir='ltr'>quod</span> <span class='ocrx_word' id='word_1_97' title='bbox 773 1278 830 1311; x_wconf 90' lang='lat' dir='ltr'>ea</span> <span class='ocrx_word' id='word_1_98' title='bbox 862 1278 955 1326; x_wconf 91' lang='lat' dir='ltr'>que</span> <span class='ocrx_word' id='word_1_99' title='bbox 989 1263 1073 1310; x_wconf 89' lang='lat' dir='ltr'>tibi</span> <span class='ocrx_word' id='word_1_100' title='bbox 1110 1263 1387 1311; x_wconf 88' lang='lat' dir='ltr'>duxerimus</span> <span class='ocrx_word' id='word_1_101' title='bbox 1422 1264 1785 1322; x_wconf 90' lang='lat' dir='ltr'>committenda,</span> <span class='ocrx_word' id='word_1_102' title='bbox 1822 1263 1976 1327; x_wconf 86' lang='lat' dir='ltr'>gratia</span> <span class='ocrx_word' id='word_1_103' title='bbox 2008 1263 2095 1312; x_wconf 88' lang='lat' dir='ltr'>tibi</span> 
     </span>
     <span class='ocr_line' id='line_1_13' title="bbox 318 1346 2093 1410; baseline 0 -16"><span class='ocrx_word' id='word_1_104' title='bbox 318 1348 573 1396; x_wconf 75' lang='lat' dir='ltr'>assistente</span> <span class='ocrx_word' id='word_1_105' title='bbox 606 1347 781 1406; x_wconf 87' lang='lat' dir='ltr'>divina,</span> <span class='ocrx_word' id='word_1_106' title='bbox 817 1346 1184 1410; x_wconf 86' lang='lat' dir='ltr'>circumspecte,</span> <span class='ocrx_word' id='word_1_107' title='bbox 1216 1347 1480 1410; x_wconf 83' lang='lat' dir='ltr'>prudenter</span> <span class='ocrx_word' id='word_1_108' title='bbox 1510 1353 1558 1396; x_wconf 93' lang='lat' dir='ltr'>et</span> <span class='ocrx_word' id='word_1_109' title='bbox 1584 1347 1793 1396; x_wconf 86' lang='lat' dir='ltr'>fideliter</span> <span class='ocrx_word' id='word_1_110' title='bbox 1823 1347 2093 1410; x_wconf 88' lang='lat' dir='ltr'>exequeris,</span> 
     </span>
     <span class='ocr_line' id='line_1_14' title="bbox 319 1430 2095 1494; baseline 0.001 -17"><span class='ocrx_word' id='word_1_111' title='bbox 319 1430 483 1478; x_wconf 88' lang='lat' dir='ltr'>habita</span> <span class='ocrx_word' id='word_1_112' title='bbox 501 1446 645 1494; x_wconf 91' lang='lat' dir='ltr'>super</span> <span class='ocrx_word' id='word_1_113' title='bbox 661 1431 756 1479; x_wconf 92' lang='lat' dir='ltr'>hoc</span> <span class='ocrx_word' id='word_1_114' title='bbox 775 1446 885 1478; x_wconf 90' lang='lat' dir='ltr'>cum</span> <span class='ocrx_word' id='word_1_115' title='bbox 903 1430 1253 1478; x_wconf 86' lang='lat' dir='ltr'>venerabilibus</span> <span class='ocrx_word' id='word_1_116' title='bbox 1272 1431 1495 1479; x_wconf 86' lang='lat' dir='ltr'>fratribus</span> <span class='ocrx_word' id='word_1_117' title='bbox 1514 1431 1689 1479; x_wconf 89' lang='lat' dir='ltr'>nostris</span> <span class='ocrx_word' id='word_1_118' title='bbox 1711 1434 1875 1479; x_wconf 90' lang='lat' dir='ltr'>sancte</span> <span class='ocrx_word' id='word_1_119' title='bbox 1897 1445 2095 1478; x_wconf 88' lang='lat' dir='ltr'>romane</span> 
     </span>
     <span class='ocr_line' id='line_1_15' title="bbox 318 1515 2096 1578; baseline 0.001 -17"><span class='ocrx_word' id='word_1_120' title='bbox 318 1515 532 1562; x_wconf 89' lang='lat' dir='ltr'>Ecclesie</span> <span class='ocrx_word' id='word_1_121' title='bbox 563 1515 886 1563; x_wconf 77' lang='lat' dir='ltr'>cardinalibus</span> <span class='ocrx_word' id='word_1_122' title='bbox 919 1515 1264 1563; x_wconf 84' lang='lat' dir='ltr'>deliberatione</span> <span class='ocrx_word' id='word_1_123' title='bbox 1298 1519 1504 1575; x_wconf 87' lang='lat' dir='ltr'>matura,</span> <span class='ocrx_word' id='word_1_124' title='bbox 1535 1521 1581 1563; x_wconf 90' lang='lat' dir='ltr'>te</span> <span class='ocrx_word' id='word_1_125' title='bbox 1609 1519 1773 1564; x_wconf 90' lang='lat' dir='ltr'>nostro</span> <span class='ocrx_word' id='word_1_126' title='bbox 1801 1520 1849 1564; x_wconf 93' lang='lat' dir='ltr'>et</span> <span class='ocrx_word' id='word_1_127' title='bbox 1877 1515 2096 1578; x_wconf 90' lang='lat' dir='ltr'>ejusdem</span> 
     </span>
     <span class='ocr_line' id='line_1_16' title="bbox 318 1598 2098 1662; baseline 0.001 -18"><span class='ocrx_word' id='word_1_128' title='bbox 318 1598 534 1646; x_wconf 88' lang='lat' dir='ltr'>Ecclesie</span> <span class='ocrx_word' id='word_1_129' title='bbox 562 1598 758 1647; x_wconf 89' lang='lat' dir='ltr'>nomine</span> <span class='ocrx_word' id='word_1_130' title='bbox 791 1599 852 1646; x_wconf 93' lang='lat' dir='ltr'>ad</span> <span class='ocrx_word' id='word_1_131' title='bbox 884 1613 1089 1661; x_wconf 82' lang='lat' dir='ltr'>regnum</span> <span class='ocrx_word' id='word_1_132' title='bbox 1117 1601 1164 1645; x_wconf 91' lang='lat' dir='ltr'>et</span> <span class='ocrx_word' id='word_1_133' title='bbox 1194 1613 1359 1661; x_wconf 85' lang='lat' dir='ltr'>regem</span> <span class='ocrx_word' id='word_1_134' title='bbox 1386 1599 1626 1662; x_wconf 86' lang='lat' dir='ltr'>prefatum</span> <span class='ocrx_word' id='word_1_135' title='bbox 1656 1614 1742 1662; x_wconf 92' lang='lat' dir='ltr'>pro</span> <span class='ocrx_word' id='word_1_136' title='bbox 1764 1598 2021 1662; x_wconf 89' lang='lat' dir='ltr'>premissis</span> <span class='ocrx_word' id='word_1_137' title='bbox 2049 1601 2098 1646; x_wconf 88' lang='lat' dir='ltr'>et</span> 
     </span>
     <span class='ocr_line' id='line_1_17' title="bbox 316 1681 2096 1746; baseline 0.001 -19"><span class='ocrx_word' id='word_1_138' title='bbox 316 1681 557 1729; x_wconf 89' lang='lat' dir='ltr'>nonnullis</span> <span class='ocrx_word' id='word_1_139' title='bbox 580 1682 682 1729; x_wconf 89' lang='lat' dir='ltr'>aliis</span> <span class='ocrx_word' id='word_1_140' title='bbox 705 1681 924 1746; x_wconf 90' lang='lat' dir='ltr'>ejusdem</span> <span class='ocrx_word' id='word_1_141' title='bbox 947 1685 1109 1728; x_wconf 88' lang='lat' dir='ltr'>sancte</span> <span class='ocrx_word' id='word_1_142' title='bbox 1132 1696 1330 1728; x_wconf 90' lang='lat' dir='ltr'>romane</span> <span class='ocrx_word' id='word_1_143' title='bbox 1363 1681 1578 1729; x_wconf 89' lang='lat' dir='ltr'>Ecclesie</span> <span class='ocrx_word' id='word_1_144' title='bbox 1601 1681 1759 1729; x_wconf 85' lang='lat' dir='ltr'>arduis</span> <span class='ocrx_word' id='word_1_145' title='bbox 1781 1681 1989 1745; x_wconf 85' lang='lat' dir='ltr'>negotiis</span> <span class='ocrx_word' id='word_1_146' title='bbox 2009 1696 2096 1745; x_wconf 90' lang='lat' dir='ltr'>pe-</span> 
     </span>
     <span class='ocr_line' id='line_1_18' title="bbox 315 1759 2097 1828; baseline 0 -17"><span class='ocrx_word' id='word_1_147' title='bbox 315 1765 541 1828; x_wconf 85' lang='lat' dir='ltr'>ragendis</span> <span class='ocrx_word' id='word_1_148' title='bbox 563 1765 688 1813; x_wconf 91' lang='lat' dir='ltr'>dicte</span> <span class='ocrx_word' id='word_1_149' title='bbox 712 1764 838 1813; x_wconf 87' lang='lat' dir='ltr'>sedis</span> <span class='ocrx_word' id='word_1_150' title='bbox 865 1764 1079 1827; x_wconf 85' lang='lat' dir='ltr'>legatum</span> <span class='ocrx_word' id='word_1_151' title='bbox 1110 1763 1168 1812; x_wconf 89' lang='lat' dir='ltr'>de</span> <span class='ocrx_word' id='word_1_152' title='bbox 1195 1763 1343 1812; x_wconf 89' lang='lat' dir='ltr'>latere</span> <span class='ocrx_word' id='word_1_153' title='bbox 1370 1759 1553 1823; x_wconf 86' lang='lat' dir='ltr'>nostro,</span> <span class='ocrx_word' id='word_1_154' title='bbox 1589 1764 1647 1812; x_wconf 91' lang='lat' dir='ltr'>de</span> <span class='ocrx_word' id='word_1_155' title='bbox 1678 1764 1877 1812; x_wconf 86' lang='lat' dir='ltr'>fratrum</span> <span class='ocrx_word' id='word_1_156' title='bbox 1904 1780 2097 1812; x_wconf 91' lang='lat' dir='ltr'>eorum-</span> 
     </span>
     <span class='ocr_line' id='line_1_19' title="bbox 316 1845 2098 1910; baseline 0 -16"><span class='ocrx_word' id='word_1_157' title='bbox 316 1847 427 1895; x_wconf 89' lang='lat' dir='ltr'>dem</span> <span class='ocrx_word' id='word_1_158' title='bbox 461 1847 679 1906; x_wconf 91' lang='lat' dir='ltr'>consilio,</span> <span class='ocrx_word' id='word_1_159' title='bbox 721 1847 982 1895; x_wconf 88' lang='lat' dir='ltr'>comitante</span> <span class='ocrx_word' id='word_1_160' title='bbox 1015 1845 1148 1908; x_wconf 87' lang='lat' dir='ltr'>pacis</span> <span class='ocrx_word' id='word_1_161' title='bbox 1182 1846 1372 1909; x_wconf 86' lang='lat' dir='ltr'>angelo,</span> <span class='ocrx_word' id='word_1_162' title='bbox 1415 1846 1732 1906; x_wconf 87' lang='lat' dir='ltr'>destinamus,</span> <span class='ocrx_word' id='word_1_163' title='bbox 1778 1846 2098 1910; x_wconf 86' lang='lat' dir='ltr'>circumspec-</span> 
     </span>
     <span class='ocr_line' id='line_1_20' title="bbox 318 1929 2097 1994; baseline 0.001 -17"><span class='ocrx_word' id='word_1_164' title='bbox 318 1930 437 1978; x_wconf 79' lang='lat' dir='ltr'>tioni</span> <span class='ocrx_word' id='word_1_165' title='bbox 470 1934 568 1989; x_wconf 88' lang='lat' dir='ltr'>tue,</span> <span class='ocrx_word' id='word_1_166' title='bbox 605 1931 845 1994; x_wconf 91' lang='lat' dir='ltr'>prefatum</span> <span class='ocrx_word' id='word_1_167' title='bbox 879 1929 1181 1992; x_wconf 90' lang='lat' dir='ltr'>Alphonsum</span> <span class='ocrx_word' id='word_1_168' title='bbox 1216 1945 1401 1994; x_wconf 83' lang='lat' dir='ltr'>regem,</span> <span class='ocrx_word' id='word_1_169' title='bbox 1445 1929 1644 1993; x_wconf 90' lang='lat' dir='ltr'>prestito</span> <span class='ocrx_word' id='word_1_170' title='bbox 1675 1929 1734 1977; x_wconf 90' lang='lat' dir='ltr'>ab</span> <span class='ocrx_word' id='word_1_171' title='bbox 1766 1945 1823 1978; x_wconf 90' lang='lat' dir='ltr'>eo</span> <span class='ocrx_word' id='word_1_172' title='bbox 1861 1935 1908 1979; x_wconf 90' lang='lat' dir='ltr'>et</span> <span class='ocrx_word' id='word_1_173' title='bbox 1938 1934 2097 1994; x_wconf 88' lang='lat' dir='ltr'>perte</span> 
     </span>
     <span class='ocr_line' id='line_1_21' title="bbox 319 2012 2097 2079; baseline -0.001 -17"><span class='ocrx_word' id='word_1_174' title='bbox 319 2018 533 2078; x_wconf 89' lang='lat' dir='ltr'>recepto,</span> <span class='ocrx_word' id='word_1_175' title='bbox 570 2020 738 2064; x_wconf 87' lang='lat' dir='ltr'>nostro</span> <span class='ocrx_word' id='word_1_176' title='bbox 771 2020 818 2063; x_wconf 91' lang='lat' dir='ltr'>et</span> <span class='ocrx_word' id='word_1_177' title='bbox 853 2012 1070 2079; x_wconf 84' lang='lat' dir='ltr'>ejusdem</span> <span class='ocrx_word' id='word_1_178' title='bbox 1098 2016 1312 2061; x_wconf 87' lang='lat' dir='ltr'>Romane</span> <span class='ocrx_word' id='word_1_179' title='bbox 1347 2013 1560 2061; x_wconf 85' lang='lat' dir='ltr'>Ecclesie</span> <span class='ocrx_word' id='word_1_180' title='bbox 1587 2012 1801 2072; x_wconf 90' lang='lat' dir='ltr'>nomine,</span> <span class='ocrx_word' id='word_1_181' title='bbox 1832 2013 1969 2077; x_wconf 88' lang='lat' dir='ltr'>juxta</span> <span class='ocrx_word' id='word_1_182' title='bbox 1998 2013 2097 2062; x_wconf 92' lang='lat' dir='ltr'>for-</span> 
     </span>
     <span class='ocr_line' id='line_1_22' title="bbox 320 2094 2096 2159; baseline 0.001 -19"><span class='ocrx_word' id='word_1_183' title='bbox 320 2110 449 2141; x_wconf 90' lang='lat' dir='ltr'>mam</span> <span class='ocrx_word' id='word_1_184' title='bbox 484 2094 532 2141; x_wconf 91' lang='lat' dir='ltr'>in</span> <span class='ocrx_word' id='word_1_185' title='bbox 563 2094 714 2143; x_wconf 89' lang='lat' dir='ltr'>literis</span> <span class='ocrx_word' id='word_1_186' title='bbox 744 2096 1010 2144; x_wconf 89' lang='lat' dir='ltr'>Innocentii</span> <span class='ocrx_word' id='word_1_187' title='bbox 1037 2095 1396 2159; x_wconf 90' lang='lat' dir='ltr'>predecessoris</span> <span class='ocrx_word' id='word_1_188' title='bbox 1425 2095 1703 2158; x_wconf 90' lang='lat' dir='ltr'>hujusmodi</span> <span class='ocrx_word' id='word_1_189' title='bbox 1734 2095 1944 2159; x_wconf 90' lang='lat' dir='ltr'>desuper</span> <span class='ocrx_word' id='word_1_190' title='bbox 1978 2111 2096 2144; x_wconf 88' lang='lat' dir='ltr'>con—</span> 
     </span>
     <span class='ocr_line' id='line_1_23' title="bbox 319 2177 2098 2242; baseline 0.002 -19"><span class='ocrx_word' id='word_1_191' title='bbox 319 2177 457 2225; x_wconf 89' lang='lat' dir='ltr'>fectis</span> <span class='ocrx_word' id='word_1_192' title='bbox 487 2182 534 2225; x_wconf 91' lang='lat' dir='ltr'>et</span> <span class='ocrx_word' id='word_1_193' title='bbox 560 2178 762 2226; x_wconf 90' lang='lat' dir='ltr'>inferius</span> <span class='ocrx_word' id='word_1_194' title='bbox 790 2183 1087 2237; x_wconf 89' lang='lat' dir='ltr'>annotatam,</span> <span class='ocrx_word' id='word_1_195' title='bbox 1122 2178 1357 2242; x_wconf 91' lang='lat' dir='ltr'>corporali</span> <span class='ocrx_word' id='word_1_196' title='bbox 1383 2179 1658 2242; x_wconf 91' lang='lat' dir='ltr'>juramento</span> <span class='ocrx_word' id='word_1_197' title='bbox 1699 2194 1787 2241; x_wconf 92' lang='lat' dir='ltr'>per</span> <span class='ocrx_word' id='word_1_198' title='bbox 1827 2178 2098 2242; x_wconf 89' lang='lat' dir='ltr'>impositio-</span> 
     </span>
     <span class='ocr_line' id='line_1_24' title="bbox 318 2261 2099 2324; baseline 0.001 -17"><span class='ocrx_word' id='word_1_199' title='bbox 318 2275 431 2308; x_wconf 91' lang='lat' dir='ltr'>nem</span> <span class='ocrx_word' id='word_1_200' title='bbox 450 2261 606 2307; x_wconf 87' lang='lat' dir='ltr'>vexilli</span> <span class='ocrx_word' id='word_1_201' title='bbox 630 2261 850 2324; x_wconf 91' lang='lat' dir='ltr'>ejusdem</span> <span class='ocrx_word' id='word_1_202' title='bbox 877 2277 1076 2310; x_wconf 90' lang='lat' dir='ltr'>romane</span> <span class='ocrx_word' id='word_1_203' title='bbox 1100 2262 1314 2310; x_wconf 91' lang='lat' dir='ltr'>Ecclesie</span> <span class='ocrx_word' id='word_1_204' title='bbox 1335 2262 1385 2309; x_wconf 90' lang='lat' dir='ltr'>in</span> <span class='ocrx_word' id='word_1_205' title='bbox 1407 2262 1505 2309; x_wconf 89' lang='lat' dir='ltr'>suis</span> <span class='ocrx_word' id='word_1_206' title='bbox 1526 2261 1765 2320; x_wconf 90' lang='lat' dir='ltr'>manibus,</span> <span class='ocrx_word' id='word_1_207' title='bbox 1792 2261 1850 2309; x_wconf 91' lang='lat' dir='ltr'>de</span> <span class='ocrx_word' id='word_1_208' title='bbox 1878 2276 2028 2324; x_wconf 89' lang='lat' dir='ltr'>regno</span> <span class='ocrx_word' id='word_1_209' title='bbox 2051 2265 2099 2309; x_wconf 91' lang='lat' dir='ltr'>et</span> 
     </span>
     <span class='ocr_line' id='line_1_25' title="bbox 319 2344 2101 2410; baseline 0.001 -20"><span class='ocrx_word' id='word_1_210' title='bbox 319 2348 447 2391; x_wconf 89' lang='lat' dir='ltr'>terra</span> <span class='ocrx_word' id='word_1_211' title='bbox 466 2344 694 2407; x_wconf 91' lang='lat' dir='ltr'>predictis</span> <span class='ocrx_word' id='word_1_212' title='bbox 723 2361 779 2392; x_wconf 90' lang='lat' dir='ltr'>ac</span> <span class='ocrx_word' id='word_1_213' title='bbox 801 2346 1024 2393; x_wconf 88' lang='lat' dir='ltr'>omnibus</span> <span class='ocrx_word' id='word_1_214' title='bbox 1049 2346 1236 2410; x_wconf 86' lang='lat' dir='ltr'>juribus</span> <span class='ocrx_word' id='word_1_215' title='bbox 1259 2349 1305 2393; x_wconf 90' lang='lat' dir='ltr'>et</span> <span class='ocrx_word' id='word_1_216' title='bbox 1332 2345 1633 2409; x_wconf 86' lang='lat' dir='ltr'>pertinentiis</span> <span class='ocrx_word' id='word_1_217' title='bbox 1656 2345 1957 2405; x_wconf 90' lang='lat' dir='ltr'>eorumdem,</span> <span class='ocrx_word' id='word_1_218' title='bbox 1991 2361 2101 2393; x_wconf 88' lang='lat' dir='ltr'>auc-</span> 
     </span>
     <span class='ocr_line' id='line_1_26' title="bbox 319 2426 2101 2493; baseline 0.003 -21"><span class='ocrx_word' id='word_1_219' title='bbox 319 2426 511 2474; x_wconf 86' lang='lat' dir='ltr'>toritate</span> <span class='ocrx_word' id='word_1_220' title='bbox 539 2428 805 2491; x_wconf 86' lang='lat' dir='ltr'>apostolica</span> <span class='ocrx_word' id='word_1_221' title='bbox 831 2429 1116 2477; x_wconf 88' lang='lat' dir='ltr'>investiendi</span> <span class='ocrx_word' id='word_1_222' title='bbox 1138 2429 1393 2493; x_wconf 89' lang='lat' dir='ltr'>ipsumque</span> <span class='ocrx_word' id='word_1_223' title='bbox 1424 2428 1472 2475; x_wconf 90' lang='lat' dir='ltr'>in</span> <span class='ocrx_word' id='word_1_224' title='bbox 1493 2428 1684 2476; x_wconf 89' lang='lat' dir='ltr'>illorum</span> <span class='ocrx_word' id='word_1_225' title='bbox 1705 2428 1908 2487; x_wconf 89' lang='lat' dir='ltr'>realem,</span> <span class='ocrx_word' id='word_1_226' title='bbox 1932 2443 2101 2492; x_wconf 87' lang='lat' dir='ltr'>corpo-</span> 
     </span>
     <span class='ocr_line' id='line_1_27' title="bbox 320 2501 2099 2576; baseline 0.001 -20"><span class='ocrx_word' id='word_1_227' title='bbox 320 2509 470 2557; x_wconf 88' lang='lat' dir='ltr'>ralem</span> <span class='ocrx_word' id='word_1_228' title='bbox 493 2515 540 2558; x_wconf 92' lang='lat' dir='ltr'>et</span> <span class='ocrx_word' id='word_1_229' title='bbox 557 2511 794 2559; x_wconf 90' lang='lat' dir='ltr'>actualem</span> <span class='ocrx_word' id='word_1_230' title='bbox 813 2513 1173 2576; x_wconf 90' lang='lat' dir='ltr'>possessionem</span> <span class='ocrx_word' id='word_1_231' title='bbox 1191 2511 1450 2560; x_wconf 90' lang='lat' dir='ltr'>inducendi</span> <span class='ocrx_word' id='word_1_232' title='bbox 1469 2527 1524 2559; x_wconf 93' lang='lat' dir='ltr'>ac</span> <span class='ocrx_word' id='word_1_233' title='bbox 1541 2512 1781 2575; x_wconf 85' lang='lat' dir='ltr'>prefatum</span> <span class='ocrx_word' id='word_1_234' title='bbox 1798 2501 2099 2575; x_wconf 88' lang='lat' dir='ltr'>Alphonsum</span> 
     </span>
     <span class='ocr_line' id='line_1_28' title="bbox 322 2593 2099 2659; baseline 0.001 -19"><span class='ocrx_word' id='word_1_235' title='bbox 322 2608 506 2656; x_wconf 83' lang='lat' dir='ltr'>regem,</span> <span class='ocrx_word' id='word_1_236' title='bbox 536 2600 792 2658; x_wconf 86' lang='lat' dir='ltr'>postquam</span> <span class='ocrx_word' id='word_1_237' title='bbox 820 2596 954 2644; x_wconf 91' lang='lat' dir='ltr'>illum</span> <span class='ocrx_word' id='word_1_238' title='bbox 984 2596 1258 2645; x_wconf 86' lang='lat' dir='ltr'>investieris</span> <span class='ocrx_word' id='word_1_239' title='bbox 1281 2600 1329 2644; x_wconf 88' lang='lat' dir='ltr'>et</span> <span class='ocrx_word' id='word_1_240' title='bbox 1355 2596 1404 2643; x_wconf 91' lang='lat' dir='ltr'>in</span> <span class='ocrx_word' id='word_1_241' title='bbox 1433 2595 1793 2659; x_wconf 89' lang='lat' dir='ltr'>possessionem</span> <span class='ocrx_word' id='word_1_242' title='bbox 1822 2593 2099 2658; x_wconf 87' lang='lat' dir='ltr'>hujusmodi</span> 
     </span>
     <span class='ocr_line' id='line_1_29' title="bbox 324 2676 2100 2742; baseline 0.002 -20"><span class='ocrx_word' id='word_1_243' title='bbox 324 2676 587 2737; x_wconf 86' lang='lat' dir='ltr'>induxeris,</span> <span class='ocrx_word' id='word_1_244' title='bbox 612 2682 661 2726; x_wconf 84' lang='lat' dir='ltr'>ut</span> <span class='ocrx_word' id='word_1_245' title='bbox 682 2680 938 2741; x_wconf 86' lang='lat' dir='ltr'>prefertur,</span> <span class='ocrx_word' id='word_1_246' title='bbox 969 2679 1249 2728; x_wconf 90' lang='lat' dir='ltr'>solemniter</span> <span class='ocrx_word' id='word_1_247' title='bbox 1272 2678 1534 2742; x_wconf 87' lang='lat' dir='ltr'>inungendi</span> <span class='ocrx_word' id='word_1_248' title='bbox 1565 2678 1819 2742; x_wconf 90' lang='lat' dir='ltr'>ipsumque</span> <span class='ocrx_word' id='word_1_249' title='bbox 1840 2677 1889 2725; x_wconf 90' lang='lat' dir='ltr'>in</span> <span class='ocrx_word' id='word_1_250' title='bbox 1910 2677 2100 2742; x_wconf 86' lang='lat' dir='ltr'>signum</span> 
     </span>
     <span class='ocr_line' id='line_1_30' title="bbox 324 2759 2096 2826; baseline 0.002 -21"><span class='ocrx_word' id='word_1_251' title='bbox 324 2759 452 2821; x_wconf 91' lang='lat' dir='ltr'>pleni</span> <span class='ocrx_word' id='word_1_252' title='bbox 466 2760 586 2823; x_wconf 85' lang='lat' dir='ltr'>juris</span> <span class='ocrx_word' id='word_1_253' title='bbox 606 2766 747 2825; x_wconf 88' lang='lat' dir='ltr'>atque</span> <span class='ocrx_word' id='word_1_254' title='bbox 770 2762 968 2810; x_wconf 90' lang='lat' dir='ltr'>dominii</span> <span class='ocrx_word' id='word_1_255' title='bbox 997 2767 1044 2811; x_wconf 92' lang='lat' dir='ltr'>et</span> <span class='ocrx_word' id='word_1_256' title='bbox 1065 2767 1189 2811; x_wconf 89' lang='lat' dir='ltr'>terre</span> <span class='ocrx_word' id='word_1_257' title='bbox 1210 2762 1538 2826; x_wconf 88' lang='lat' dir='ltr'>predictorum</span> <span class='ocrx_word' id='word_1_258' title='bbox 1560 2761 1799 2809; x_wconf 91' lang='lat' dir='ltr'>salubrem</span> <span class='ocrx_word' id='word_1_259' title='bbox 1821 2765 1868 2810; x_wconf 88' lang='lat' dir='ltr'>et</span> <span class='ocrx_word' id='word_1_260' title='bbox 1888 2760 2096 2819; x_wconf 87' lang='lat' dir='ltr'>felicem,</span> 
     </span>
     <span class='ocr_line' id='line_1_31' title="bbox 323 2841 2100 2906; baseline 0.001 -18"><span class='ocrx_word' id='word_1_261' title='bbox 323 2841 372 2888; x_wconf 88' lang='lat' dir='ltr'>in</span> <span class='ocrx_word' id='word_1_262' title='bbox 390 2858 557 2906; x_wconf 83' lang='lat' dir='ltr'>regem</span> <span class='ocrx_word' id='word_1_263' title='bbox 578 2845 871 2893; x_wconf 87' lang='lat' dir='ltr'>catholicum</span> <span class='ocrx_word' id='word_1_264' title='bbox 892 2846 1018 2894; x_wconf 86' lang='lat' dir='ltr'>dicta</span> <span class='ocrx_word' id='word_1_265' title='bbox 1039 2846 1320 2895; x_wconf 88' lang='lat' dir='ltr'>auctoritate</span> <span class='ocrx_word' id='word_1_266' title='bbox 1343 2844 1603 2893; x_wconf 87' lang='lat' dir='ltr'>coronandi</span> <span class='ocrx_word' id='word_1_267' title='bbox 1624 2845 1903 2893; x_wconf 88' lang='lat' dir='ltr'>facultatem</span> <span class='ocrx_word' id='word_1_268' title='bbox 1925 2847 1971 2891; x_wconf 90' lang='lat' dir='ltr'>et</span> <span class='ocrx_word' id='word_1_269' title='bbox 1991 2858 2100 2891; x_wconf 88' lang='lat' dir='ltr'>auc-</span> 
     </span>
     <span class='ocr_line' id='line_1_32' title="bbox 325 2924 2101 2986; baseline 0.001 -15"><span class='ocrx_word' id='word_1_270' title='bbox 325 2924 585 2986; x_wconf 85' lang='lat' dir='ltr'>toritatem,</span> <span class='ocrx_word' id='word_1_271' title='bbox 617 2928 788 2975; x_wconf 90' lang='lat' dir='ltr'>eadem</span> <span class='ocrx_word' id='word_1_272' title='bbox 810 2928 1095 2977; x_wconf 86' lang='lat' dir='ltr'>auctoritate</span> <span class='ocrx_word' id='word_1_273' title='bbox 1120 2932 1167 2977; x_wconf 92' lang='lat' dir='ltr'>et</span> <span class='ocrx_word' id='word_1_274' title='bbox 1187 2928 1247 2976; x_wconf 91' lang='lat' dir='ltr'>de</span> <span class='ocrx_word' id='word_1_275' title='bbox 1269 2927 1412 2975; x_wconf 90' lang='lat' dir='ltr'>simili</span> <span class='ocrx_word' id='word_1_276' title='bbox 1438 2927 1657 2986; x_wconf 89' lang='lat' dir='ltr'>consilio,</span> <span class='ocrx_word' id='word_1_277' title='bbox 1683 2926 2023 2976; x_wconf 79' lang='lat' dir='ltr'>concedentes,</span> <span class='ocrx_word' id='word_1_278' title='bbox 2048 2925 2101 2974; x_wconf 92' lang='lat' dir='ltr'>Id</span> 
     </span>
     <span class='ocr_line' id='line_1_33' title="bbox 327 3008 2099 3074; baseline 0.002 -21"><span class='ocrx_word' id='word_1_279' title='bbox 327 3010 505 3066; x_wconf 84' lang='lat' dir='ltr'>tamen,</span> <span class='ocrx_word' id='word_1_280' title='bbox 530 3008 702 3058; x_wconf 90' lang='lat' dir='ltr'>dilecte</span> <span class='ocrx_word' id='word_1_281' title='bbox 730 3009 815 3068; x_wconf 89' lang='lat' dir='ltr'>fili,</span> <span class='ocrx_word' id='word_1_282' title='bbox 846 3025 1020 3058; x_wconf 90' lang='lat' dir='ltr'>munus</span> <span class='ocrx_word' id='word_1_283' title='bbox 1047 3010 1327 3074; x_wconf 90' lang='lat' dir='ltr'>hujusmodi</span> <span class='ocrx_word' id='word_1_284' title='bbox 1357 3010 1526 3059; x_wconf 86' lang='lat' dir='ltr'>devota</span> <span class='ocrx_word' id='word_1_285' title='bbox 1553 3013 1716 3059; x_wconf 89' lang='lat' dir='ltr'>mente</span> <span class='ocrx_word' id='word_1_286' title='bbox 1745 3009 2029 3073; x_wconf 89' lang='lat' dir='ltr'>suscipiens,</span> <span class='ocrx_word' id='word_1_287' title='bbox 2053 3012 2099 3056; x_wconf 90' lang='lat' dir='ltr'>te</span> 
     </span>
     <span class='ocr_line' id='line_1_34' title="bbox 328 3089 2102 3155; baseline 0.003 -21"><span class='ocrx_word' id='word_1_288' title='bbox 328 3089 374 3135; x_wconf 90' lang='lat' dir='ltr'>in</span> <span class='ocrx_word' id='word_1_289' title='bbox 397 3090 523 3138; x_wconf 90' lang='lat' dir='ltr'>illius</span> <span class='ocrx_word' id='word_1_290' title='bbox 548 3093 884 3155; x_wconf 89' lang='lat' dir='ltr'>exequutione,</span> <span class='ocrx_word' id='word_1_291' title='bbox 909 3097 1075 3142; x_wconf 89' lang='lat' dir='ltr'>nostro</span> <span class='ocrx_word' id='word_1_292' title='bbox 1105 3097 1151 3142; x_wconf 93' lang='lat' dir='ltr'>et</span> <span class='ocrx_word' id='word_1_293' title='bbox 1179 3093 1304 3142; x_wconf 88' lang='lat' dir='ltr'>dicte</span> <span class='ocrx_word' id='word_1_294' title='bbox 1334 3093 1458 3141; x_wconf 88' lang='lat' dir='ltr'>sedis</span> <span class='ocrx_word' id='word_1_295' title='bbox 1487 3098 1651 3142; x_wconf 87' lang='lat' dir='ltr'>nostre</span> <span class='ocrx_word' id='word_1_296' title='bbox 1672 3093 1857 3141; x_wconf 90' lang='lat' dir='ltr'>honore</span> <span class='ocrx_word' id='word_1_297' title='bbox 1881 3092 1948 3140; x_wconf 90' lang='lat' dir='ltr'>sic</span> <span class='ocrx_word' id='word_1_298' title='bbox 1970 3091 2102 3140; x_wconf 90' lang='lat' dir='ltr'>solli-</span> 
     </span>
     <span class='ocr_line' id='line_1_35' title="bbox 330 3172 2101 3239; baseline 0.002 -21"><span class='ocrx_word' id='word_1_299' title='bbox 330 3172 492 3232; x_wconf 91' lang='lat' dir='ltr'>citum,</span> <span class='ocrx_word' id='word_1_300' title='bbox 519 3175 800 3239; x_wconf 84' lang='lat' dir='ltr'>diligentem</span> <span class='ocrx_word' id='word_1_301' title='bbox 828 3181 874 3225; x_wconf 88' lang='lat' dir='ltr'>et</span> <span class='ocrx_word' id='word_1_302' title='bbox 901 3177 1169 3224; x_wconf 88' lang='lat' dir='ltr'>studiosum</span> <span class='ocrx_word' id='word_1_303' title='bbox 1198 3176 1448 3235; x_wconf 84' lang='lat' dir='ltr'>exhibens,</span> <span class='ocrx_word' id='word_1_304' title='bbox 1477 3174 1606 3239; x_wconf 90' lang='lat' dir='ltr'>quod</span> <span class='ocrx_word' id='word_1_305' title='bbox 1631 3175 1678 3222; x_wconf 92' lang='lat' dir='ltr'>in</span> <span class='ocrx_word' id='word_1_306' title='bbox 1707 3179 1872 3223; x_wconf 90' lang='lat' dir='ltr'>nostro</span> <span class='ocrx_word' id='word_1_307' title='bbox 1900 3179 1948 3223; x_wconf 91' lang='lat' dir='ltr'>et</span> <span class='ocrx_word' id='word_1_308' title='bbox 1975 3173 2101 3222; x_wconf 88' lang='lat' dir='ltr'>sedis</span> 
     </span>
     <span class='ocr_line' id='line_1_36' title="bbox 328 3256 2102 3323; baseline 0.001 -21"><span class='ocrx_word' id='word_1_309' title='bbox 328 3257 589 3318; x_wconf 88' lang='lat' dir='ltr'>apostolice</span> <span class='ocrx_word' id='word_1_310' title='bbox 617 3263 897 3323; x_wconf 89' lang='lat' dir='ltr'>conspectu,</span> <span class='ocrx_word' id='word_1_311' title='bbox 928 3275 1038 3307; x_wconf 93' lang='lat' dir='ltr'>cum</span> <span class='ocrx_word' id='word_1_312' title='bbox 1065 3259 1123 3307; x_wconf 90' lang='lat' dir='ltr'>ab</span> <span class='ocrx_word' id='word_1_313' title='bbox 1151 3260 1323 3308; x_wconf 91' lang='lat' dir='ltr'>eodem</span> <span class='ocrx_word' id='word_1_314' title='bbox 1344 3258 1590 3322; x_wconf 90' lang='lat' dir='ltr'>Alphonso</span> <span class='ocrx_word' id='word_1_315' title='bbox 1623 3273 1737 3322; x_wconf 83' lang='lat' dir='ltr'>rege</span> <span class='ocrx_word' id='word_1_316' title='bbox 1766 3256 1982 3316; x_wconf 88' lang='lat' dir='ltr'>redieris,</span> <span class='ocrx_word' id='word_1_317' title='bbox 2005 3272 2102 3304; x_wconf 89' lang='lat' dir='ltr'>non</span> 
     </span>
     <span class='ocr_line' id='line_1_37' title="bbox 331 3338 1192 3403; baseline 0.002 -19"><span class='ocrx_word' id='word_1_318' title='bbox 331 3338 571 3387; x_wconf 85' lang='lat' dir='ltr'>immerito</span> <span class='ocrx_word' id='word_1_319' title='bbox 598 3341 752 3403; x_wconf 88' lang='lat' dir='ltr'>possis</span> <span class='ocrx_word' id='word_1_320' title='bbox 782 3342 1127 3390; x_wconf 89' lang='lat' dir='ltr'>commendari.</span> <span class='ocrx_word' id='word_1_321' title='bbox 1171 3362 1192 3386; x_wconf 91' lang='lat'>»</span> 
     </span>
    </p>
   </div>
   <div class='ocr_carea' id='block_1_3' title="bbox 396 3423 1917 3489">
    <p class='ocr_par' dir='ltr' id='par_1_3' title="bbox 396 3423 1917 3489">
     <span class='ocr_line' id='line_1_38' title="bbox 396 3423 1917 3489; baseline 0.003 -21"><span class='ocrx_word' id='word_1_322' title='bbox 396 3423 554 3470; x_wconf 89' lang='lat' dir='ltr'>Tenor</span> <span class='ocrx_word' id='word_1_323' title='bbox 574 3439 683 3471; x_wconf 93' lang='lat' dir='ltr'>vero</span> <span class='ocrx_word' id='word_1_324' title='bbox 706 3424 859 3473; x_wconf 90' lang='lat' dir='ltr'>forme</span> <span class='ocrx_word' id='word_1_325' title='bbox 881 3425 1094 3489; x_wconf 89' lang='lat' dir='ltr'>predicte</span> <span class='ocrx_word' id='word_1_326' title='bbox 1116 3426 1331 3488; x_wconf 86' lang='lat' dir='ltr'>sequitur</span> <span class='ocrx_word' id='word_1_327' title='bbox 1351 3431 1396 3475; x_wconf 91' lang='lat' dir='ltr'>et</span> <span class='ocrx_word' id='word_1_328' title='bbox 1420 3431 1491 3476; x_wconf 86' lang='lat' dir='ltr'>est</span> <span class='ocrx_word' id='word_1_329' title='bbox 1517 3427 1638 3486; x_wconf 76' lang='lat' dir='ltr'>talis,</span> <span class='ocrx_word' id='word_1_330' title='bbox 1661 3425 1881 3474; x_wconf 87' lang='lat' dir='ltr'>videlicet</span> <span class='ocrx_word' id='word_1_331' title='bbox 1908 3437 1917 3472; x_wconf 89' lang='lat'><strong>:</strong></span> 
     </span>
    </p>
   </div>
  </div>
 </body>
</html>
