2202 3926
161 331 245 372 [Mai
267 332 359 370 1494]
609 328 777 364 RERUM
809 326 1109 363 URBANARUM
1137 327 1485 364 COMMENTARII.
1871 332 1939 367 159

159 430 415 479 multitudo
448 431 609 495 populi
640 430 856 494 pluribus
886 429 1067 478 vicibus
1110 429 1224 476 Ve‘va
1251 446 1300 476 re
1325 429 1552 494 Alfonso.
1583 430 1757 477 Prelati
1785 434 1936 494 parati

158 530 255 562 non
282 518 392 562 sunt
419 514 569 563 secuti
591 529 757 578 regem
779 517 1063 562 coronatum
1084 512 1145 560 ad
1166 512 1429 560 thalamum
1450 516 1648 576 propter
1667 515 1940 577 oppressio-

158 613 271 646 nem
294 598 512 662 superius
539 597 716 645 dictam
745 601 792 645 et
816 596 1014 645 thalami
1035 595 1422 660 incapacitatem,
1449 595 1530 658 qui
1555 601 1716 645 tamen
1736 612 1823 660 pro
1845 597 1939 646 situ

155 681 248 730 loci
268 681 424 746 major
442 698 549 730 esse
572 696 669 729 non
687 680 860 745 potuit.
886 680 1025 729 Dicto
1043 696 1131 744 per
1145 679 1357 743 legatum
1379 679 1642 739 offertorio,
1666 679 1733 728 fui
1752 695 1941 729 memor

156 764 336 814 debere
357 765 519 814 venire
542 781 708 829 regem
733 764 794 813 ad
814 764 1117 812 offerendum
1148 779 1157 810 :
1188 766 1444 827 propterea
1467 763 1596 811 dicto
1620 779 1707 827 per
1727 764 1939 828 legatum

158 849 206 895 in
228 849 376 897 altare
399 849 519 907 veni,
543 849 862 912 semetificator
890 848 1100 895 omnium
1121 855 1226 905 etc„
1245 851 1505 910 antequam
1524 846 1772 895 incensum
1791 847 1942 911 impo-

158 936 294 980 neret
314 931 361 978 in
385 931 646 990 thuribulo,
672 930 840 994 reponi
859 929 952 978 feci
974 929 1294 977 faldistorium
1317 934 1427 977 ante
1449 930 1662 977 medium
1683 930 1864 989 altaris,
1890 930 1938 976 in

156 1031 270 1078 quo,
299 1015 459 1079 legato
484 1030 594 1063 cum
621 1013 764 1061 mitra
785 1012 1004 1071 sedente,
1028 1012 1156 1060 venit
1179 1027 1281 1072 rex,
1313 1015 1361 1060 et
1387 1012 1674 1076 genuflexus
1696 1013 1866 1061 obtulit
1896 1013 1939 1062 ei

154 1097 410 1146 duodecim
435 1097 589 1161 petias
616 1096 720 1144 auri
748 1099 1017 1144 monetatas
1045 1112 1248 1160 quarum
1276 1095 1486 1159 quelibet
1511 1096 1698 1145 valebat
1726 1101 1835 1146 octo
1857 1097 1941 1145 du-

155 1182 272 1230 catis
299 1180 402 1229 auri
428 1179 575 1244 largis
602 1195 721 1243 quas
745 1179 932 1243 legatus
963 1179 1082 1226 mihi
1114 1179 1245 1228 dedit
1274 1179 1626 1228 conservandas
1659 1196 1667 1227 :
1701 1185 1748 1229 01
1779 1181 1942 1229 omnia

153 1264 246 1312 hec
272 1268 381 1312 acta
402 1268 514 1311 sunt
535 1263 704 1311 ordine
727 1246 946 1327 superius
970 1263 1166 1327 scripto.
1192 1262 1352 1311 Dictas
1377 1263 1633 1311 duodecim
1660 1264 1814 1327 petias
1836 1264 1937 1313 auri

152 1347 356 1412 portavit
378 1347 634 1412 episcopus
656 1346 932 1411 Tropiensis
958 1351 1068 1410 post
1089 1362 1255 1410 regem
1278 1362 1428 1410 usque
1460 1346 1519 1394 ad
1541 1363 1771 1395 coronam
1795 1348 1941 1412 depo-

154 1431 320 1490 sitam;
345 1435 460 1480 tunc
484 1431 617 1480 dedit
638 1447 719 1479 eas
742 1434 849 1479 Don
871 1430 1132 1489 Friderico,
1161 1437 1209 1477 et
1227 1430 1307 1478 ille
1329 1429 1447 1494 regi.

222 1519 323 1564 Rex
349 1515 484 1564 finito
511 1515 759 1579 evangelio
788 1515 976 1579 accepit
1003 1530 1233 1563 coronam
1261 1530 1289 1562 a
1314 1517 1422 1562 Don
1449 1507 1710 1578 Friderico,
1740 1518 1788 1563 01
1819 1513 1941 1563 sedit

155 1615 242 1664 per
276 1602 430 1648 totum
472 1599 622 1647 Credo
654 1614 743 1663 per
776 1597 1174 1647 inadvertentiam
1210 1597 1425 1663 episcopi
1461 1597 1755 1663 Tropiensis,
1797 1613 1942 1662 quem

156 1687 319 1732 tamen
343 1698 489 1747 super
513 1683 606 1731 hoc
635 1682 979 1742 avvisaveram;
1009 1681 1090 1746 qui
1118 1682 1263 1731 etiam
1291 1682 1418 1730 circa
1442 1681 1654 1746 legatum
1679 1681 1941 1746 impeditus

155 1766 306 1815 noluit
326 1765 452 1813 int‘ra
480 1765 631 1813 Credo
655 1769 861 1825 mutare,
890 1781 951 1814 ne
978 1781 1194 1814 errorem
1217 1766 1377 1830 ipsum
1401 1781 1571 1814 omnes
1596 1765 1937 1830 intelligerent,

157 1865 301 1912 quem
337 1849 453 1898 alias
493 1849 631 1913 pauci
668 1849 1114 1898 consideraverunt.
1155 1850 1313 1898 Finita
1347 1850 1494 1898 etiam
1530 1849 1817 1914 prefatione,
1858 1866 1941 1898 rex

158 1932 281 1980 sedit
302 1948 412 1980 cum
434 1946 615 1980 corona
635 1931 817 1994 absque
845 1947 903 1980 eo
925 1932 1054 1994 quod
1074 1932 1257 1980 diceret
1277 1933 1498 1992 Sanctam,
1529 1949 1617 1997 per
1637 1933 1941 1982 inadverten-

157 2017 272 2064 tiam
293 2021 345 2064 ut
375 2031 536 2080 supra.
569 2015 840 2063 Incensatio
871 2019 919 2064 et
940 2015 1211 2065 distributio
1238 2009 1370 2080 pacis
1391 2017 1519 2065 facta
1544 2018 1740 2066 fuerunt
1770 2018 1937 2066 ordine

157 2099 376 2163 superius
398 2098 528 2158 dato,
553 2102 754 2161 excepto
778 2099 908 2161 quod
928 2102 985 2146 D.
1010 2101 1289 2148 Leonardus
1311 2100 1544 2164 Capocius
1574 2101 1849 2164 capellanus
1878 2100 1937 2148 de

160 2183 329 2231 baculo
355 2182 582 2246 pastorali
605 2181 833 2239 serviens,
858 2183 939 2244 qui
961 2198 1131 2246 pacem
1154 2187 1256 2232 erat
1277 2184 1380 2231 aliis
1403 2182 1618 2244 daturus,
1643 2200 1741 2232 non
1762 2200 1938 2248 expec-

161 2266 268 2314 tavit
294 2268 352 2313 D.
377 2265 798 2329 archiepiscopum
825 2265 1210 2329 Neapolitanum,
1242 2283 1301 2315 ex
1322 2283 1380 2315 eo
1409 2267 1539 2330 quod
1560 2268 1661 2331 regi
1688 2283 1808 2332 pace
1830 2267 1941 2317 data

157 2349 218 2398 ad
247 2349 408 2398 locum
439 2365 580 2397 suum
612 2348 775 2407 redii13
813 2349 897 2396 sed
930 2349 1156 2398 adstatim
1185 2351 1286 2399 viso
1317 2350 1448 2415 quod
1477 2367 1563 2400 rex
1590 2367 1763 2416 pacem
1799 2368 1939 2402 acce-

156 2438 309 2497 perat,
351 2432 482 2481 dedit
519 2448 690 2497 pacem
729 2432 1003 2496 patriarche
1041 2434 1345 2484 Antiocheno
1386 2440 1434 2483 et
1472 2426 1576 2483 aliis
1615 2436 1811 2499 prelatis
1853 2452 1938 2485 sno

157 2517 325 2565 ordine
359 2533 368 2565 :
404 2532 463 2565 ex
492 2532 587 2580 quo
619 2532 727 2581 eg0,
759 2516 854 2565 hoc
884 2516 1004 2577 viso,
1039 2519 1405 2584 archiepiscopo
1435 2519 1653 2583 predicto
1685 2520 1745 2568 ad
1779 2520 1939 2569 locum

158 2615 294 2648 suum
323 2616 518 2650 reverso
547 2601 658 2650 dedi
679 2617 851 2665 pacem
880 2602 1037 2651 eidem
1059 2619 1171 2652 cum
1198 2620 1317 2668 pace
1340 2604 1485 2668 regiS,
1521 2604 1690 2668 etipse
1712 2603 1804 2652 alio
1825 2620 1938 2668 pre-

157 2684 255 2735 lato
283 2684 331 2732 in
370 2701 568 2733 scamno
603 2701 689 2734 suo
724 2688 772 2733 et
804 2685 883 2733 ille
918 2685 1072 2747 alteri,
1107 2686 1282 2736 deinde
1315 2704 1485 2752 pacem
1518 2687 1673 2751 ipsam
1705 2687 1754 2735 in
1790 2687 1938 2735 altare

159 2766 366 2832 reposui.
394 2771 495 2816 Rex
514 2769 645 2817 venit
674 2768 735 2817 ad
762 2769 1147 2830 coronationem,
1180 2771 1560 2820 communicatus
1583 2775 1673 2831 est,
1699 2775 1747 2819 01
1771 2770 1940 2835 puriti-

158 2855 292 2900 catus
329 2851 498 2901 ordine
529 2851 822 2917 supradicto.
856 2855 963 2902 Don
993 2856 1026 2902 F
1031 2854 1264 2903 ridericus
1302 2870 1495 2920 semper
1520 2854 1744 2919 deposuit
1773 2858 1821 2904 et
1847 2854 1939 2902 im-

156 2934 317 2998 posuit
346 2935 448 2999 regi
477 2951 707 2985 coronam
737 2941 786 2985 et
816 2942 1058 3002 sceptrum
1092 2942 1139 2987 01
1167 2954 1367 3003 pomum
1398 2939 1457 2987 ab
1494 2955 1552 2987 eo
1590 2938 1769 3002 recepit
1812 2942 1860 2987 et
1895 2938 1938 2985 ei

157 3017 330 3068 deinde
351 3019 558 3069 restituit
581 3036 590 3068 :
618 3024 665 3069 et
686 3020 798 3085 quia
823 3024 880 3070 D.
912 3022 1114 3072 Gentilis
1141 3022 1405 3087 Virginius,
1430 3022 1491 3072 ad
1518 3023 1777 3072 tenendam
1805 3037 1939 3071 coro-

155 3116 271 3149 nam
290 3102 561 3166 d'eputatuS,
586 3120 681 3153 non
704 3105 858 3168 potuit
875 3109 1073 3170 propter
1099 3105 1498 3169 impedimentum
1519 3103 1730 3169 podagre
1758 3121 1816 3152 ex
1838 3103 1941 3152 tha-

156 3184 286 3233 lamo
319 3186 565 3236 ambulare
602 3188 792 3252 quando
827 3193 936 3237 ante
977 3189 1126 3238 altare
1162 3190 1399 3253 premissa
1434 3193 1571 3239 erant
1602 3206 1631 3237 a
1662 3204 1776 3252 rege
1815 3187 1940 3237 reci-

158 3267 352 3332 pienda,
381 3283 610 3318 coronam
637 3274 742 3319 Don
771 3273 1010 3322 Joffredus
1034 3274 1226 3339 Borgia,
1258 3277 1502 3338 sceptrum
1530 3273 1634 3319 Don
1660 3271 1855 3330 Hector,
1894 3275 1941 3320 et

157 3367 356 3415 pomum
378 3354 435 3400 D.
462 3353 696 3403 Henricus
716 3357 921 3419 predicti
943 3359 1189 3408 tenebant.

223 3434 378 3492 Finita
410 3435 573 3496 missa,
611 3441 659 3486 01
690 3437 1027 3488 benedictione
1057 3457 1145 3505 per
1175 3442 1390 3505 legatum
1421 3439 1547 3498 data,
1591 3440 1692 3504 ipse
1731 3438 1934 3502 legatus,
