2202 3926
224 337 310 377 [Mai
330 339 424 378 1494]
655 339 824 377 RERUM
860 341 1162 379 URBANARUM
1195 343 1543 382 COMMENTARII.
1934 350 2002 386 147

285 442 511 504 Legatus,
550 442 760 493 dimissis
790 444 839 492 in
875 444 1012 494 altari
1044 447 1393 511 corporalibuS,
1431 447 1558 495 vadit
1591 448 1652 495 ad
1684 449 2000 498 faldistorium

217 539 356 571 suum
387 525 435 573 in
466 526 610 589 plano
643 528 693 575 in
725 544 876 577 cornu
910 529 1111 593 epistole
1145 530 1235 579 sibi
1269 531 1318 579 in
1347 531 1456 580 loco
1487 536 1722 581 consueto
1759 537 1997 596 paratum,

215 605 414 671 deponit
447 615 730 673 paramenta
765 612 928 661 omnia
967 616 1015 661 et
1048 613 1281 674 zandalia,
1322 620 1370 664 et
1405 615 1579 679 accipit
1615 631 1836 680 cappam.
1880 619 1998 664 Tum

216 689 538 741 faldistorium
574 694 732 759 ipsum
767 700 876 760 post
911 697 1126 745 medium
1162 698 1326 747 altaris
1362 699 1411 746 in
1448 715 1598 747 cornu
1636 700 1870 764 evangelii
1910 701 1998 748 sibi

214 774 423 836 ponitur,
449 777 528 825 ubi
551 779 686 827 sedet
707 779 768 828 ad
787 780 1004 829 dextram
1026 782 1171 846 regis.

284 860 384 908 Rex
412 865 544 909 creat
574 862 775 923 milites;
801 868 846 912 et
874 850 983 924 alia,
1008 881 1102 928 que
1124 882 1183 914 ex
1210 867 1560 916 consuetudine
1590 867 1664 915 vel
1691 867 1808 916 alias
1837 868 1998 917 facere

214 948 570 993 consueverunt
612 945 772 995 Sicilie
813 962 952 1011 reges
996 948 1045 995 in
1088 964 1256 997 eorum
1299 951 1625 999 coronationis
1669 951 1991 1012 solemnitate,

212 1027 372 1076 faciet.

276 1111 508 1160 Perfectis
530 1112 772 1171 omnibuS‚
796 1112 983 1177 legatus
1004 1129 1033 1162 a
1053 1113 1233 1163 dextris
1255 1115 1382 1180 regis
1406 1116 1665 1166 associabit
1687 1132 1816 1177 eum,
1841 1133 1994 1182 usque

208 1195 268 1243 ad
289 1200 479 1259 portam
500 1193 724 1258 ecclesie,
749 1197 945 1261 prelatis
964 1198 1188 1247 omnibus
1209 1199 1340 1264 ipsos
1362 1202 1700 1264 sequentibus3
1725 1202 1805 1249 ubi
1824 1218 1994 1266 perac-

208 1278 266 1328 tis
288 1295 376 1344 per
395 1295 562 1344 regem
586 1280 701 1345 ipsis
722 1281 887 1345 gratiis
915 1284 963 1329 et
986 1281 1264 1342 licentiatis,
1297 1299 1380 1331 rex
1407 1288 1543 1332 extra
1569 1290 1758 1348 portam
1786 1286 1993 1335 ecclesie

204 1361 424 1411 ascendit
444 1379 623 1428 equum
654 1363 742 1412 sibi
764 1366 1008 1427 paratum3
1043 1368 1091 1412 et
1120 1369 1397 1426 coronatus,
1423 1383 1533 1415 cum
1566 1374 1756 1432 sceptro
1779 1373 1826 1418 et
1846 1386 1995 1434 pomo

203 1446 253 1494 in
288 1446 527 1508 manibus,
566 1447 829 1497 baronibus
863 1463 1008 1512 super
1039 1448 1197 1512 ipsum
1230 1449 1572 1499 baldachinum
1605 1453 1908 1516 portantibus
1946 1458 1994 1503 et

204 1530 309 1578 aliis
331 1544 510 1595 equum
531 1531 719 1596 regium
746 1531 1077 1581 dextrantibus
1099 1532 1437 1598 (l),†equitabit
1456 1535 1532 1584 via
1553 1536 1774 1585 ordinata
1795 1536 1856 1585 ad
1877 1540 1991 1586 Cas-

206 1618 332 1664 trum
363 1617 565 1664 Novum.
601 1618 807 1681 Legatus
839 1615 1057 1664 ascendit
1086 1617 1316 1681 palatium
1345 1635 1504 1679 suum,
1534 1623 1580 1668 et
1619 1620 1790 1684 prelati
1823 1621 1991 1685 [ibunt]

204 1696 265 1745 ad
285 1698 541 1762 prandium
561 1714 655 1762 quo
675 1699 933 1749 voluerint.

267 1782 524 1830 Premissis
545 1782 706 1847 itaque
727 1799 814 1848 per
834 1799 913 1833 me
935 1784 1183 1848 conceptis
1211 1788 1258 1833 et
1282 1785 1544 1845 annotatis,
1576 1785 1835 1835 ecclesiam
1865 1788 1988 1835 Nea-

204 1865 467 1928 politanam
489 1865 689 1930 singulis
710 1866 900 1926 diebuS,
922 1868 1068 1916 etiam
1091 1868 1197 1931 plus
1222 1868 1393 1927 semel,
1417 1868 1616 1930 visitavi,
1644 1874 1691 1918 et
1717 1874 1989 1934 opportuna

201 1946 248 1995 iu
272 1963 330 1997 eo
349 1952 396 1997 et
413 1949 539 2012 apud
557 1949 813 2013 magistros
840 1950 1112 2014 deputatos,
1133 1950 1214 1999 ubi
1234 1955 1338 1999 erat
1358 1966 1497 2015 opus,
1521 1952 1773 2001 sollicitavi
1799 1971 1808 2001 :
1834 1953 1987 2001 infor-

200 2030 322 2078 mavi
349 2029 726 2079 illustrissimum
747 2034 804 2079 D.
828 2032 1043 2096 legatum
1067 2033 1126 2081 de
1147 2032 1223 2081 his
1251 2049 1343 2097 que
1367 2050 1454 2099 per
1475 2050 1588 2084 eum
1619 2041 1757 2083 erant
1782 2036 1988 2085 dicenda

201 2118 249 2162 et
282 2113 519 2174 facienda,
560 2115 783 2165 similiter
818 2121 867 2164 et
899 2116 1037 2175 alios,
1076 2118 1157 2180 qui
1188 2117 1238 2164 in
1268 2117 1428 2181 aliquo
1460 2119 1622 2168 officio
1659 2120 1986 2168 coronationis

200 2199 478 2264 hujusmodi
490 2190 741 2249 'debebant
762 2201 1016 2250 interesse.

263 2283 533 2344 Dominica,
565 2287 592 2331 4
622 2284 804 2333 mensis
831 2284 963 2344 maii,
991 2284 1040 2331 in
1066 2284 1450 2348 parrochialibus
1479 2284 1715 2344 ecclesiiS‚
1740 2289 1985 2334 monaste-

196 2367 275 2416 riis
298 2372 346 2417 et
367 2367 684 2417 conventibus
712 2367 912 2416 civItatis
940 2368 1272 2432 Neapolitane,
1303 2368 1546 2433 publicata
1575 2369 1662 2417 fuit
1682 2369 1814 2418 bulla
1834 2370 1985 2418 facul-

196 2451 305 2500 tatis
328 2467 559 2500 concesse
591 2455 730 2501 Rmo.
763 2455 820 2500 D.
845 2452 1005 2516 legato
1034 2451 1298 2516 elargiendi
1327 2452 1568 2517 plenarias
1591 2454 1642 2501 in
1672 2453 1749 2503 die
1780 2470 1984 2502 corona-

194 2534 338 2584 tionis
358 2536 486 2600 regis
509 2541 556 2585 et
584 2536 688 2585 aliis
718 2536 1017 2600 temporibus
1044 2535 1368 2600 indulgentias
1390 2537 1546 2596 altari,
1581 2538 1630 2585 in
1657 2537 1735 2587 die
1758 2538 1979 2603 ejusdem

191 2620 518 2670 coronationis
546 2621 808 2686 affigende‚
834 2620 973 2685 cujus
994 2625 1136 2669 tenor
1166 2620 1271 2668 talis
1294 2626 1387 2680 est,
1411 2621 1633 2671 videlicet
1659 2639 1668 2670 :

261 2726 283 2749 «
312 2704 585 2754 Alexander
599 2704 874 2769 episcopus,
892 2719 1055 2753 servus
1071 2719 1318 2753 servorum
1334 2704 1442 2765 Dei,
1463 2705 1638 2753 dilecto
1655 2706 1754 2755 filio
1772 2710 1794 2754 J
1800 2707 1980 2755 ohanni

196 2787 317 2837 tituli
345 2793 509 2838 sancte
538 2790 755 2838 Susanne
782 2787 1064 2853 presbytero
1093 2787 1323 2836 cardinali
1353 2788 1414 2836 ad
1442 2804 1644 2852 regnum
1672 2789 1832 2840 Sicilie
1863 2791 1982 2839 citra

195 2873 406 2922 Pharum
432 2877 599 2922 nostro
631 2877 678 2923 et
705 2872 970 2938 apostolice
1002 2871 1130 2920 sedis
1159 2871 1321 2936 legato
1352 2871 1559 2922 salutem
1586 2876 1634 2922 et
1663 2874 1978 2939 apostolicam

193 2956 600 3008 benedictionem.

260 3047 379 3094 Cum
412 3058 501 3092 nos
533 3046 579 3091 te
612 3041 660 3090 in
693 3040 1046 3106 presentiarum
1081 3039 1141 3090 ad
1172 3056 1376 3106 regnum
1408 3040 1570 3092 Sicilie
1601 3043 1721 3091 citra
1747 3043 1973 3103 Pharum,

193 3128 254 3176 ad
291 3127 594 3176 carissimum
635 3125 684 3174 in
724 3125 912 3175 Christo
962 3126 1115 3175 filium
1154 3130 1376 3175 nostrum
1414 3127 1718 3191 Alphonsum
1759 3127 1976 3191 ejusdem

193 3208 329 3273 regni
371 3224 537 3273 regem
581 3224 669 3274 pro
715 3208 960 3257 nonnullis
1003 3208 1180 3257 nostris
1231 3214 1278 3259 et
1317 3214 1483 3258 sancte
1524 3225 1721 3258 romane
1762 3210 1976 3258 Ecclesie

192 3290 397 3356 negotiis
441 3290 748 3356 peragendiS‚
800 3295 1019 3341 nostrum
1063 3297 1111 3342 et
1168 3293 1434 3356 apostolice
1483 3292 1610 3340 sedis
1656 3293 1869 3356 legatum
1917 3292 1975 3340 de

242 3478 272 3517 1.
302 3475 448 3516 Rinaldi
475 3475 595 3513 donne
616 3476 649 3510 et
670 3472 756 3510 aliis
784 3474 887 3518 reque*
907 3473 1114 3519 destinatis,
1139 3486 1174 3522 p.
1197 3474 1291 3520 2173
1323 3474 1366 3510 de
1397 3477 1511 3510 meme
1542 3472 1574 3510 le
1603 3458 1690 3511 mss.
1713 3475 1820 3518 5160,
1844 3474 1866 3510 1¹.
1894 3474 1973 3514 137,
