2202 3926
155 341 238 382 [Mai
260 341 353 381 1494]
597 337 767 374 RERUM
799 336 1104 375 URBANARUM
1137 335 1484 375 COMMENTARII.
1866 343 1933 378 137

223 440 428 490 Prestito
463 440 740 504 juramento
778 455 865 503 per
903 454 1089 502 regem,
1123 443 1174 486 ut
1211 438 1475 502 prefertur,
1511 440 1737 488 vexillum
1776 442 1934 505 ipsum

155 540 318 573 coram
347 524 508 587 legato
536 527 772 587 portatur,
797 523 877 586 qui
906 523 1097 571 hastam
1122 521 1171 569 in
1201 522 1370 570 dextra
1395 521 1653 585 recipiens,
1684 522 1801 571 illud
1832 527 1934 587 regi

155 607 404 673 recipienti
426 606 589 665 tradit,
614 606 865 670 ipsumque
888 605 947 653 de
969 620 1119 670 regno
1140 604 1476 653 investituram
1495 604 1611 653 dicit
1634 622 1643 653 :

227 712 249 735 α
278 690 575 739 Auctoritate
598 689 862 754 apostolica
882 689 1020 738 nobis
1038 689 1086 736 in
1107 689 1198 737 hac
1219 693 1355 752 parte
1375 703 1624 750 concessa,
1649 706 1736 754 per
1753 706 1937 755 appen-

156 776 341 824 sionem
384 775 528 838 hujus
566 773 723 822 vexilli
767 772 1080 822 ecclesiastici
1117 772 1166 820 in
1200 772 1292 820 tuis
1322 772 1563 833 manibus,
1601 778 1647 822 te
1684 774 1743 823 de
1785 790 1937 838 regno

157 859 318 908 Sicilie
351 863 398 906 et
431 862 560 907 terra
585 857 706 906 citra
734 857 945 904 Pharum
974 871 1125 919 usque
1156 856 1216 903 ad
1251 856 1462 904 confinia
1494 862 1731 906 terrarum
1770 864 1936 908 sancte

157 959 355 992 romane
386 941 618 999 Ec-clesie,
647 939 859 1003 exceptis
893 939 1080 987 civitate
1110 942 1451 987 Beneventana
1480 944 1527 988 et
1554 941 1816 1002 territorio,
1839 943 1937 990 dis-

156 1026 372 1074 trictibus
391 1030 439 1074 et
455 1022 757 1088 pertinentiis
780 1022 894 1080 suis,
919 1022 967 1068 in
990 1022 1213 1070 omnibus
1233 1022 1371 1087 regni
1394 1027 1440 1071 et
1459 1027 1588 1071 terre
1610 1025 1936 1088 predictorum

152 1110 343 1174 juribus
377 1112 424 1157 et
455 1106 777 1173 pertinentiis,
801 1105 851 1153 in
879 1105 1051 1169 quibus
1084 1106 1210 1154 clare
1243 1106 1478 1155 memorie
1513 1107 1817 1156 Ferdinando
1836 1109 1938 1173 regi

155 1192 362 1257 genitori
389 1196 489 1250 tuo,
519 1191 683 1254 vigore
722 1189 1002 1238 investiture
1030 1194 1078 1238 et
1110 1190 1439 1238 concessionis
1469 1207 1556 1255 per
1590 1191 1743 1241 felicis
1774 1208 1939 1241 recor-

154 1275 359 1325 dationis
394 1274 728 1324 Innocentium
762 1288 937 1337 papam
967 1276 1207 1332 octavum,
1236 1273 1325 1321 sub
1352 1274 1497 1322 certis
1530 1275 1675 1323 modo
1710 1280 1756 1324 et
1784 1276 1940 1324 forma

156 1359 391 1407 factarum
423 1357 715 1417 successisti,
741 1355 1039 1415 investimus,
1064 1359 1208 1419 teque
1240 1356 1289 1403 in
1311 1356 1506 1405 illorum
1536 1357 1736 1416 realem,
1768 1373 1940 1422 corpo-

155 1442 303 1490 ralem
335 1447 384 1489 et
417 1441 655 1489 actualem
687 1439 1049 1503 possessionem
1082 1438 1372 1488 inducimus.
1403 1443 1456 1488 In
1484 1441 1680 1489 nomine
1705 1442 1857 1489 Patris
1892 1448 1940 1490 et

154 1524 258 1572 Filii
281 1529 328 1572 et
351 1524 557 1588 Spiritus
582 1523 752 1572 sancti.
782 1543 804 1566 ›·

218 1610 337 1655 Tum
358 1606 645 1670 magnificus
668 1609 724 1654 D.
749 1607 958 1654 Jacobus
980 1607 1302 1667 CaraccioluS,
1325 1623 1490 1656 comes
1506 1608 1802 1673 Burgiensis,
1825 1626 1941 1658 can-

154 1692 377 1742 cellarius
398 1691 554 1755 regni,
578 1691 802 1739 vexillum
822 1693 881 1740 de
897 1691 1122 1739 manibus
1143 1691 1272 1756 regis
1291 1691 1553 1756 accipiens,
1570 1691 1688 1740 illud
1702 1691 1751 1740 in
1770 1693 1942 1741 sacris-

157 1779 222 1826 tia
241 1793 328 1842 pro
350 1792 465 1840 rege
492 1780 661 1840 parata
681 1779 840 1839 portat
861 1780 908 1824 et
926 1775 1134 1840 reponit.

224 1861 384 1924 Surgit
405 1875 506 1918 rex,
528 1865 575 1908 et
597 1860 644 1906 in
666 1859 932 1907 faldistorio
954 1875 1059 1919 suo,
1086 1860 1215 1923 quod
1232 1860 1281 1907 in
1303 1859 1526 1924 opposito
1552 1859 1718 1924 legati,
1741 1875 1940 1925 compe-

155 1944 272 1992 tenti
306 1943 546 2001 distantia,
579 1942 803 1990 videlicet
833 1942 1107 2006 palmorum
1142 1942 1418 2006 quindecim
1451 1943 1525 1991 vel
1557 1943 1700 2003 circa,
1726 1959 1755 1991 a
1783 1944 1938 2007 primo

155 2026 305 2091 gradu
324 2026 486 2075 altaris
507 2026 556 2072 in
573 2025 654 2073 illo
676 2025 819 2089 plano
843 2026 1056 2089 positum
1075 2025 1178 2085 fuit,
1204 2026 1340 2074 sedet
1367 2026 1528 2090 legato
1559 2026 1681 2075 facie
1712 2042 1868 2086 versa,
1893 2031 1940 2075 et

155 2110 281 2174 apud
319 2125 428 2158 eum
471 2109 519 2156 in
558 2109 746 2156 duobus
788 2109 1011 2157 scabellis
1042 2109 1156 2157 hinc
1197 2113 1244 2157 et
1288 2109 1399 2157 inde
1433 2110 1603 2173 positis
1641 2110 1811 2158 sedent
1845 2110 1938 2158 duo

154 2192 325 2258 prelati
360 2191 448 2239 sibi
485 2191 785 2252 assistentes,
816 2191 1040 2240 videlicet
1071 2208 1080 2239 :
1121 2192 1515 2256 archiepiscopus
1549 2194 1891 2258 Neapolitanus
1914 2210 1940 2241 a

154 2276 333 2324 dextris
361 2279 408 2323 et
437 2275 727 2339 patriarchia
756 2275 1090 2324 Antiochenus
1117 2291 1146 2323 a
1175 2275 1379 2324 sinistris
1411 2277 1539 2340 regis
1567 2277 1648 2340 qui
1674 2277 1740 2325 ita
1770 2277 1939 2326 sedent

152 2360 279 2424 quod
303 2361 392 2408 sibi
420 2360 627 2408 invicem
657 2359 833 2408 faciem
867 2360 1004 2423 quasi
1040 2364 1245 2419 vertunt,
1271 2361 1426 2425 magis
1458 2365 1622 2409 tamen
1654 2361 1807 2410 latera
1836 2363 1939 2426 regi

147 2445 410 2508 jungentes
441 2459 586 2507 quam
626 2443 805 2507 legato,
845 2447 988 2508 prout
1025 2444 1074 2491 in
1111 2445 1506 2493 coronationibus
1549 2445 1654 2492 fieri
1693 2446 1815 2494 solet
1850 2446 1934 2505 (1).

152 2527 349 2575 Interim
384 2532 670 2591 procurator
705 2527 881 2576 fiscalis
913 2529 1075 2592 regius
1116 2528 1318 2592 requirit
1355 2544 1525 2577 omnes
1566 2529 1804 2587 notarios,
1840 2546 1938 2577 non

153 2614 334 2659 stantes
353 2611 498 2674 longe
519 2627 546 2659 a
567 2626 716 2660 cornu
738 2611 942 2674 epistole
969 2611 1133 2659 altaris
1155 2611 1347 2660 detecto
1376 2612 1550 2676 capite,
1576 2618 1628 2660 ut
1658 2613 1717 2660 de
1749 2613 1939 2661 investi-

158 2696 261 2741 tura
281 2697 328 2742 et
352 2694 606 2742 traditione
625 2694 948 2758 possessionis
965 2694 1225 2743 conficiant
1247 2711 1397 2742 unum
1418 2696 1493 2744 vel
1514 2696 1667 2759 plura,
1693 2696 1937 2759 publicum

150 2776 225 2824 vel
240 2777 450 2840 publica,
474 2777 849 2826 instrumentum
871 2777 945 2826 vel
962 2778 1285 2827 instrumenta
1307 2779 1396 2826 sub
1418 2779 1492 2826 his
1510 2779 1668 2827 verbis
1695 2796 1704 2827 :

221 2882 243 2906 «
270 2863 370 2924 Ego
397 2860 644 2908 Johannes
673 2860 731 2908 de
762 2861 1000 2922 Gallutiis,
1024 2863 1186 2927 regius
1215 2867 1502 2927 procurator
1522 2862 1716 2922 fiscalis,
1740 2862 1936 2927 requiro

152 2959 237 2993 vos
266 2960 435 2992 omnes
466 2948 513 2993 et
543 2944 759 3009 singulos
788 2947 1001 2994 notarios
1030 2951 1076 2994 et
1112 2946 1393 2995 tabelliones
1414 2946 1632 3010 publicos
1655 2946 1735 2994 hic
1758 2946 1938 2995 consis-

154 3031 329 3087 tentes,
347 3032 397 3076 ut
419 3027 477 3076 de
498 3028 779 3077 investitura
797 3034 844 3077 et
865 3029 1145 3078 inductione
1168 3030 1215 3077 in
1236 3030 1596 3094 possessionem
1618 3029 1754 3093 regni
1778 3029 1934 3077 Sicilie

153 3125 241 3172 per
261 3113 452 3158 Rmum.
479 3113 535 3159 D.
560 3112 775 3176 legatum
799 3113 1109 3161 serenissimo
1138 3114 1243 3177 regi
1263 3113 1513 3178 Alphonso
1536 3117 1702 3161 nostro
1722 3112 1934 3161 secundo

154 3192 213 3239 de
233 3194 492 3255 Aragonia,
516 3199 567 3243 ut
595 3211 739 3260 supra
765 3196 906 3256 sacta,
938 3196 1205 3246 conficiatis
1236 3211 1383 3245 unum
1405 3195 1477 3244 vel
1496 3196 1652 3258 plura,
1687 3196 1934 3259 publicum

155 3275 227 3322 vel
247 3274 455 3338 publica,
478 3276 854 3326 instrumentum
876 3280 947 3328 vel
969 3280 1305 3329 instrumenta.
1337 3300 1357 3322 »

204 3400 238 3435 1.
267 3398 340 3435 Sur
358 3397 390 3434 le
416 3374 943 3450 couronnementd’Alphonse
972 3404 1016 3448 ΙΙ,
1037 3415 1121 3451 voy.
1146 3405 1373 3447 Summonte,
1404 3404 1494 3438 Dell’
1522 3404 1653 3439 istoria
1680 3404 1775 3439 della
1801 3405 1888 3440 eiua
1916 3414 1932 3437 e

155 3470 267 3504 reqno
287 3459 327 3495 dc·
345 3459 499 3505 Napolo,
514 3457 577 3495 lib.
597 3459 662 3504 VI,
683 3472 718 3507 p.
742 3462 914 3506 482-496,
934 3467 970 3499 et
990 3462 1143 3506 Sanuto,
1165 3462 1224 3499 fol.
1246 3464 1270 3498 6
1290 3475 1323 3498 v.
1347 3463 1449 3508 (mss.
1474 3463 1565 3498 1422
1586 3461 1688 3508 ital).
