2202 3900
136 325 291 366 [Fevrier
311 327 406 366 1497]
583 325 752 362 RERUM
788 323 1087 376 URBANARUM
1118 322 1469 360 COMMENTARH.
1846 324 1916 360 355

137 431 184 475 et
220 427 314 475 alia
346 427 598 476 observata
626 433 738 476 sunt
770 442 905 476 more
936 431 1169 477 consueto
1194 427 1427 476 :missam
1454 424 1715 475 celebravit
1746 427 1912 471 Rmus.

139 512 195 558 D.
218 511 474 559 cardinalis
493 511 846 559 Alexandrinus
861 511 959 575 qui,
981 516 1179 576 recepta
1193 511 1411 569 candela,
1426 509 1507 559 ivit
1521 509 1580 558 ad
1596 507 1915 556 faldistorium

137 598 185 642 et
206 594 391 658 accepit
412 600 711 658 paramenta.

202 676 468 734 Dominica,
495 681 522 726 5
544 677 791 737 februarii,
817 677 906 726 fuit
933 677 1161 726 conclusa
1186 694 1279 742 pax
1306 680 1477 736 Rome,
1502 677 1550 731 in
1572 675 1749 741 palatio
1771 689 1915 738 apos-

131 760 274 808 tolico
309 775 474 808 coram
504 762 588 809 SS.
631 765 688 809 D.
722 765 778 810 N.
815 777 955 825 papa,
987 762 1112 810 inter
1148 761 1376 810 eumdem
1405 763 1489 810 SS.
1526 763 1582 809 D.
1616 764 1837 809 nostrum
1868 763 1918 807 et

86 903 92 908 .
135 843 351 902 Ursinos,
374 859 462 908 pro
495 844 670 907 quibus
697 844 862 892 RRmi.
888 847 988 892 DD.
1020 844 1364 908 Neapolitanus
1385 848 1494 893 ets.
1523 843 1738 892 Severini
1766 842 1919 890 cardi-

133 926 267 975 nales
306 942 505 993 manum
544 927 799 985 dederunt,
836 932 899 986 et,
937 928 1056 975 feria
1090 927 1247 986 tertia,
1289 931 1313 974 7
1348 928 1494 991 hujus
1537 927 1738 986 mensis,
1780 925 1912 974 idem

134 1012 300 1057 Rmus.
329 1012 387 1058 D.
414 1010 668 1058 cardinalis
701 1027 740 1057 s.
773 1010 985 1058 Severini
1008 1010 1237 1073 equitavit
1267 1011 1327 1058 ad
1360 1010 1560 1059 Ursinos
1581 1026 1748 1059 versus
1773 1013 1916 1058 Brac-

132 1093 344 1152 cianum,
380 1099 426 1142 et
461 1094 530 1142 eis
565 1094 793 1142 conclusa
824 1094 987 1154 retulit
1020 1099 1067 1141 et
1100 1095 1159 1141 ab
1201 1093 1387 1142 eisdem
1429 1094 1658 1142 conclusa
1695 1093 1913 1141 servandi

131 1177 504 1240 promissionem
527 1182 575 1226 et
597 1177 955 1241 stipulationem
974 1178 1174 1240 recepit.
1199 1177 1344 1226 Venit
1366 1193 1477 1224 cum
1500 1193 1558 1226 eo
1581 1177 1627 1224 in
1650 1177 1916 1226 Braeciano

133 1260 414 1324 capitaneus
448 1265 496 1309 et
528 1261 764 1324 Georgius
796 1260 854 1308 de
886 1263 1063 1308 Sancta
1095 1262 1245 1308 Cruce
1278 1265 1326 1307 et
1361 1260 1524 1324 plures
1565 1260 1661 1308 alii.
1698 1260 1919 1324 Capitula

133 1344 393 1392 concordie
414 1344 541 1392 inter
559 1343 653 1391 alia
678 1343 990 1391 continebant
1012 1343 1209 1391 Ursinos
1232 1343 1411 1391 debere
1441 1343 1658 1406 pontifici
1680 1344 1918 1406 quinqua-

131 1426 264 1490 ginta
284 1426 433 1475 millia
452 1427 739 1475 ducatorum
758 1426 975 1490 persolve
984 1443 1031 1474 re
1052 1426 1139 1490 (1).

194 1509 334 1558 Feria
359 1514 529 1573 quarta
558 1509 794 1568 cinerum,
820 1513 964 1573 caput
982 1510 1176 1573 jejunii,
1202 1514 1229 1558 8
1260 1510 1442 1559 mensis
1463 1509 1712 1568 februarii,
1743 1511 1827 1558 SS.
1857 1511 1913 1557 D.

129 1598 296 1642 noster
315 1593 444 1641 venit
472 1593 534 1641 ad
561 1593 795 1657 capellam
825 1593 905 1640 ubi
933 1592 1180 1642 benedixit
1209 1593 1396 1642 cineres
1425 1584 1586 1642 et'eas
1613 1610 1641 1642 a
1673 1593 1916 1642 cardinale

134 1694 172 1724 s.
204 1676 420 1741 Dionysii
442 1676 745 1726 celebraturo
768 1676 969 1740 recepit,
992 1676 1166 1725 deinde
1188 1677 1292 1725 aliis
1314 1677 1555 1725 distribuit
1580 1693 1589 1724 :
1611 1676 1660 1724 in
1679 1677 1917 1741 principio

134 1759 488 1808 benedictionis
513 1760 644 1809 dedit
665 1760 857 1823 signum
879 1760 1156 1808 cantoribus
1181 1761 1309 1824 quod
1327 1765 1579 1809 cantarent
1601 1761 1918 1824 antiphonam

130 1843 332 1892 Exaudi
347 1860 449 1902 nos,
472 1843 696 1902 Domine,
722 1851 828 1902 etc„
853 1847 994 1906 prout
1015 1843 1062 1890 in
1085 1843 1352 1903 ordinario3
1388 1843 1474 1892 sed
1494 1846 1549 1892 re'
1572 1858 1669 1892 non
1690 1844 1815 1892 bene
1843 1844 1918 1891 in-

133 1927 344 1983 tellecta,
376 1927 457 1974 illa
487 1927 703 1978 dimissa.
741 1931 994 1974 cantarunt
1028 1943 1038 1974 2
1068 1927 1388 1975 Imnmtemzcr
1420 1928 1651 1986 habitum,
1684 1934 1784 1986 etc,
1826 1943 1917 1989 que

131 2012 178 2060 in
218 2010 556 2060 distributione
603 2010 809 2059 debebat
849 2010 1111 2058 decantari.
1154 2014 1301 2059 Facta
1340 2011 1704 2069 distributione,
1752 2015 1920 2058 orator

132 2095 260 2159 regis
282 2094 582 2158 Neapolitani
602 2094 731 2143 dedit
746 2110 920 2157 aquam
942 2094 1164 2142 manibus
1185 2097 1338 2159 Pape;
1361 2094 1712 2142 illustrissimus
1729 2098 1786 2149 D.
1807 2111 1918 2143 car-

81 2171 84 2174 *
132 2178 304 2227 dinalis
342 2194 381 2225 s.
415 2177 633 2242 Dionysii
667 2177 924 2227 celebravit
957 2178 1155 2225 missam
1187 2179 1426 2242 majorem
1452 2194 1462 2225 :
1488 2193 1766 2226 sermonem
1805 2178 1919 2226 fecit

133 2261 326 2326 quidam
363 2261 512 2310 frater
542 2261 724 2310 ordinis
758 2261 1135 2325 predicatorum.
1179 2264 1343 2309 Rmus.
1377 2263 1432 2308 D.
1469 2261 1527 2308 de
1558 2263 1759 2314 Lunate.
1800 2261 1917 2308 alias

131 2346 320 2411 legatus
350 2346 410 2395 de
442 2346 594 2394 latere
622 2345 686 2393 ad
722 2349 881 2394 castra
909 2345 1182 2408 deputatus,
1216 2345 1272 2392 iis
1304 2344 1474 2392 diebus
1503 2344 1745 2408 preteritis
1768 2360 1796 2391 a
1818 2343 1918 2391 suis

131 2433 319 2477 tantum
346 2428 632 2486 associatus,
660 2427 720 2476 ad
744 2427 924 2477 Urbem
951 2428 1108 2487 rediit,
1135 2432 1181 2476 et
1201 2428 1345 2476 hodie
1367 2428 1577 2492 primum
1600 2427 1645 2474 in
1668 2427 1916 2490 publicam

129 2511 363 2575 capellam
383 2511 531 2560 venit.

196 2593 352 2642 Rediit
377 2594 522 2642 etiam
554 2593 740 2642 eisdem
764 2592 950 2651 diebus,
976 2593 1326 2641 illustrissimus
1359 2596 1416 2641 D.
1441 2594 1688 2642 ‚Iohannes
1721 2591 1911 2655 Borgia,

131 2677 228 2724 dux
257 2676 459 2736 Gandie,
483 2676 702 2741 gentium
732 2691 977 2724 armorum
1001 2678 1048 2724 S.
1085 2679 1140 2723 R.
1175 2678 1227 2723 E.
1259 2675 1539 2739 capitaneus
1567 2673 1825 2738 generaliS,
1851 2674 1915 2721 si-

130 2760 308 2809 militer
328 2776 357 2808 a
377 2759 474 2808 suis
497 2764 684 2809 tantum
713 2759 996 2819 associatuS,
1027 2759 1114 2809 sed
1133 2775 1228 2808 non
1258 2759 1388 2807 venit
1413 2758 1560 2806 hodie
1581 2757 1641 2811 in.
1658 2757 1909 2820 capellam.

130 2845 185 2890 R.
211 2845 265 2891 P.
290 2845 348 2891 D.
375 2842 651 2891 Bonifacius
672 2842 731 2891 de
759 2844 925 2891 Castro
953 2843 1146 2891 Lotario
1168 2859 1225 2891 ex
1254 2841 1512 2890 comitibus
1535 2840 1777 2900 Montorii,
1800 2841 1914 2888 sub-

129 2925 358 2975 diaconus
397 2926 690 2990 apostolicus
726 2912 775 2973 in
802 2925 965 2974 locum
996 2929 1053 2973 R.
1085 2926 1135 2974 in
1163 2926 1353 2975 Christo
1388 2928 1441 2973 P.
1474 2927 1530 2972 D.
1564 2923 1820 2988 Augustini
1855 2922 1911 2971 de

130 3009 359 3069 Guarino,
404 3010 546 3059 electi
592 3005 957 3070 *Tricaricensis‚
1001 3010 1116 3058 olim
1167 3008 1451 3057 subdiaconi
1491 3007 1761 3071 apostolici,
1802 3006 1912 3053 lune

130 3096 157 3140 6
181 3092 342 3156 hujuS‚
364 3093 423 3141 ab
453 3093 557 3142 aliis
585 3094 891 3142 subdiaconis
919 3098 1160 3158 receptus,
1184 3093 1330 3141 hodie
1356 3092 1566 3156 primum
1601 3091 1649 3138 in
1679 3089 1913 3153 capellam

132 3179 180 3224 et
210 3191 406 3224 crucem
435 3191 600 3224 coram
624 3177 852 3241 pontifice
882 3177 1105 3242 portavit.
1141 3176 1294 3225 Finita
1327 3176 1495 3233 missa,
1528 3175 1612 3221 SS.
1645 3176 1700 3220 D.
1729 3176 1909 3228 noster,

132 3274 211 3308 me
242 3258 561 3323 supplicante,
594 3260 832 3308 concessit
863 3260 1003 3323 nobis
1037 3260 1225 3309 clericis
1254 3257 1639 3308 ceremoniarum
1672 3260 1719 3304 et
1747 3260 1913 3303 canto-

178 3383 213 3420 1.
241 3383 313 3420 Les
346 3387 470 3420 autres
499 3381 642 3420 articles
669 3383 714 3419 de
750 3386 843 3420 cette
874 3382 959 3430 paix
999 3386 1084 3419 sont
1113 3383 1344 3420 mentionnes
1378 3391 1444 3430 par
1474 3379 1628 3424 Sanuto,
1661 3380 1797 3422 Dt‘arz'i,
1828 3382 1853 3414 t.
1886 3377 1913 3419 Ι,

141 3442 209 3482 col.
229 3443 360 3489 506-7‚
376 3446 412 3479 et
429 3453 496 3492 par
516 3441 770 3486 Guicciardini,
794 3441 853 3477 liv.
879 3442 939 3487 ΙΙΙ,
960 3442 1018 3480 ch.
1041 3454 1168 3487 xxxix,
1191 3454 1251 3478 an.
1275 3441 1379 3478 1497.
