2248 3906
187 323 355 366 [octobre
377 322 471 362 ¹497]
635 317 804 355 RERUM
836 315 1138 354 URBANARUM
1166 315 1516 355 COMMENTARII.
1901 321 1970 358 409

188 425 354 475 habito
385 423 516 488 prius
546 422 606 470 ab
634 421 806 471 eodem
835 418 1096 470 Cusentino
1123 418 1185 467 ad
1214 434 1382 468 eorum
1407 419 1836 484 interrogationem
1866 437 1968 470 res-

187 524 340 573 ponso
368 507 497 572 quod
518 506 655 554 aliter
675 520 820 569 quam
839 503 1068 552 defensus
1090 506 1219 552 esset
1241 518 1292 551 se
1321 503 1580 552 defendere
1601 518 1700 552 non
1726 504 1868 552 vellet
1888 510 1968 556 aut

189 593 367 641 factum
389 605 528 639 suum
547 588 832 654 justificare,
862 602 948 651 per
975 601 1144 634 eorum
1167 586 1465 635 diffinitivam
1496 587 1786 637 sententiam
1808 589 1968 638 archi-

188 675 467 740 episcopatu
497 678 545 722 et
566 673 789 724 omnibus
817 669 1068 720 beneficiis
1096 670 1349 735 privatum,
1380 671 1440 719 ab
1468 671 1690 721 omnibus
1722 673 1968 722 ordinibus

187 759 503 823 degradatum
537 762 584 807 et
612 757 744 807 curie
780 754 984 805 seculari
1019 754 1336 814 tradiderunt,
1370 770 1455 803 seu
1490 755 1648 819 potius
1678 757 1968 806 sententiam

187 858 310 907 pape
332 842 484 906 pridie
504 842 651 890 latam
678 856 767 904 per
785 838 1062 903 hujusmodi
1091 854 1257 886 eorum
1285 838 1572 887 sententiam
1592 839 1682 903 ipsi
1709 841 1969 889 Cusentino

187 927 485 985 intimarunt,
523 928 570 974 et
593 923 815 973 adstatim
841 922 999 986 ipsum
1026 922 1342 972 Cusentinum
1368 921 1600 985 barigello
1628 923 1768 971 Urbis
1789 923 1968 972 ibidem

188 1010 332 1058 etiam
360 1008 574 1073 presenti
602 1005 918 1071 corporaliter
943 1005 1249 1068 assignarunt
1275 1009 1323 1053 et
1357 1004 1668 1054 tradiderunt.
1695 1007 1798 1062 Quo
1821 1006 1965 1066 factO,

188 1096 244 1141 R.
283 1096 333 1141 P.
371 1095 429 1140 D.
461 1091 707 1140 Johannes
736 1087 975 1146 MaradeS,
1011 1088 1196 1137 electus
1226 1087 1496 1147 TulliensiS,
1534 1090 1618 1138 SS.
1657 1092 1713 1139 D.
1751 1091 1808 1138 N.
1845 1105 1967 1154 pape

188 1174 508 1224 cubicularius
537 1179 770 1232 secretus,
801 1172 928 1222 venit
960 1172 1020 1220 ad
1047 1172 1207 1220 aulam
1234 1172 1437 1236 predicti
1467 1173 1610 1221 castri
1639 1173 1686 1220 in
1709 1189 1804 1237 qua
1822 1188 1968 1222 ‘com-

187 1258 392 1307 missarii
415 1262 463 1307 et
483 1258 562 1306 alii
587 1272 731 1322 supra
750 1255 981 1305 nominati
1007 1261 1259 1320 presentes
1282 1260 1437 1316 erant,
1463 1260 1510 1305 et
1531 1256 1590 1305 de
1613 1257 1809 1320 speciali
1830 1273 1967 1306 man-

187 1344 297 1391 dato
326 1345 411 1392 SS.
445 1345 504 1390 D.
528 1344 585 1390 N.
609 1356 733 1406 pape
750 1340 854 1389 viva
871 1355 1008 1400 voce,
1033 1345 1085 1390 ut
1107 1339 1328 1398 asseruit,
1351 1339 1601 1398 sibifacto,
1623 1340 1866 1388 mandavit
1882 1341 1967 1389 ba-

187 1427 356 1491 rigello
382 1425 600 1490 predicto
628 1428 678 1472 ut
699 1423 1013 1473 cusentinum
1044 1423 1280 1487 privatum
1302 1422 1574 1487 predictum
1603 1439 1662 1472 ex
1689 1428 1847 1473 castro
1868 1440 1967 1472 non

185 1510 446 1558 adduceret
470 1509 556 1558 sed
575 1508 733 1572 ipsum
754 1507 803 1555 in
826 1522 884 1556 eo
910 1507 1175 1556 dimitteret
1195 1510 1242 1556 et
1266 1506 1316 1554 in
1336 1522 1546 1564 camera,
1576 1506 1625 1554 in
1647 1523 1741 1571 qua
1761 1507 1895 1572 prius
1920 1513 1967 1557 et

185 1609 337 1657 usque
359 1608 487 1642 nunc
513 1592 692 1641 morari
721 1591 986 1650 consuevit,
1010 1595 1292 1655 reponeret3
1316 1594 1460 1654 prout
1484 1589 1662 1640 sactum
1685 1597 1775 1641 est.

250 1677 430 1726 Eadem
451 1677 547 1737 die,
573 1681 620 1726 et
639 1680 750 1740 post
770 1675 1044 1740 prandium,
1069 1674 1296 1740 predictis
1318 1674 1387 1723 sic
1408 1675 1634 1739 peractiS,
1658 1676 1822 1725 omnia
1842 1676 1967 1726 bona

185 1760 385 1825 predicti
419 1760 667 1809 Cusentini
698 1760 866 1824 privati
900 1758 1092 1808 suerunt
1121 1774 1180 1806 ex
1212 1758 1438 1806 mandato
1473 1761 1600 1822 Pape
1628 1762 1874 1823 asportata
1906 1758 1965 1807 de

186 1858 380 1893 camera
400 1859 486 1892 sua
501 1859 647 1907 quam
668 1842 715 1890 in
737 1842 911 1907 palatio
930 1841 1194 1906 apostolico
1212 1842 1394 1890 habere
1416 1842 1664 1891 consuevit
1684 1846 1731 1891 et
1753 1842 1965 1906 reposita

185 1928 235 1975 in
272 1927 525 1975 forreriam
565 1929 710 1990 Pape,
750 1929 808 1975 D.
840 1929 984 1975 Petro
1021 1925 1474 1990 Scanfrunsperger,
1515 1926 1749 1974 canonico
1786 1925 1965 1973 Frisin-

184 2011 340 2074 gensi,
366 2012 450 2060 SS.
478 2013 533 2059 D.
558 2012 614 2059 N.
639 2025 762 2074 pape
785 2009 1014 2058 servitore
1037 2014 1243 2068 secreto,
1269 2024 1414 2073 super
1434 2008 1731 2058 attendente.

249 2094 452 2153 Deinde,
485 2096 544 2142 28
572 2093 685 2142 dicti
716 2093 898 2141 mensis
920 2093 1150 2153 octobris,
1183 2092 1313 2141 idem
1342 2092 1552 2156 privatus
1580 2092 1845 2141 conductus
1874 2093 1962 2142 fuit

182 2177 241 2225 de
262 2192 456 2226 camera
475 2191 620 2240 quam
639 2176 689 2224 in
710 2176 838 2225 dicto
860 2180 1020 2224 castro
1040 2175 1339 2224 inhabitabat
1363 2191 1423 2224 ex
1443 2175 1787 2224 commissione
1814 2178 1963 2240 Pape,

182 2269 229 2312 et
257 2262 468 2327 positum
498 2261 548 2309 in
576 2261 723 2310 alium
753 2261 1025 2325 squalidum
1060 2264 1105 2308 et
1133 2259 1390 2308 arctiorem
1423 2273 1671 2307 carcerem
1702 2262 1753 2307 ut
1784 2259 1964 2308 ibidem

178 2351 413 2412 perpetuo
433 2346 588 2395 lueret
607 2361 757 2410 penas
784 2346 831 2394 in
859 2360 983 2410 pane
1011 2344 1191 2393 doloris
1213 2347 1258 2392 et
1289 2359 1416 2407 aqua
1439 2342 1646 2403 tristitie,
1678 2346 1820 2407 prout
1842 2342 1965 2392 infra

184 2432 387 2481 dicetur.

249 2515 430 2564 Eadem
452 2514 548 2574 die,
572 2514 816 2574 mercurii,
852 2517 902 2561 11
938 2513 1168 2572 octobris,
1197 2517 1306 2577 post
1330 2514 1503 2562 horam
1523 2527 1852 2577 vesperorum,
1878 2529 1966 2577 per

183 2602 374 2663 portam
399 2597 624 2648 Viridarii
651 2597 843 2645 intravit
864 2597 1042 2646 Urbem
1070 2596 1357 2660 magnificus
1380 2600 1437 2645 D.
1469 2597 1789 2661 Hieronymus
1811 2599 1967 2645 Dona-

186 2687 277 2742 tus,
302 2681 475 2731 artium
498 2682 685 2739 doctor,
709 2680 938 2744 patricius
963 2683 1198 2739 Venetus,
1223 2680 1358 2728 ducis
1380 2684 1427 2729 et
1448 2679 1647 2728 dominii
1668 2682 1965 2728 Venetorum

185 2771 346 2815 orator
374 2766 569 2825 missus,
602 2770 826 2829 receptus
857 2781 885 2813 a
916 2764 1108 2812 familiis
1146 2764 1362 2812 omnium
1394 2763 1711 2813 cardinalium
1739 2766 1784 2811 et
1815 2765 1962 2827 Pape,

183 2854 326 2915 prout
356 2854 403 2900 et
433 2850 511 2898 alii
542 2850 913 2914 predecessores
941 2848 1012 2897 sui
1043 2863 1071 2896 a
1096 2847 1311 2912 pluribus
1346 2848 1484 2896 annis
1511 2846 1837 2910 citra‘recepti
1864 2846 1967 2895 fue-

185 2939 292 2982 rant
327 2939 492 2998 preter
529 2949 729 2982 romane
767 2933 898 2982 curie
937 2933 1116 2981 bonam
1145 2932 1574 2990 consuetudinem,
1618 2934 1666 2979 et
1700 2929 1964 2978 associatus

186 3032 338 3079 usque
368 3018 427 3065 ad
456 3018 654 3066 domum
684 3033 770 3082 pro
800 3017 1012 3081 hospitio
1042 3031 1129 3065 suo
1157 3016 1447 3064 conductam
1476 3015 1521 3062 in
1552 3015 1712 3079 platea
1741 3032 1780 3064 s.
1816 3014 1964 3062 Marci

181 3100 319 3163 juxta
337 3100 592 3149 ecclesiam
618 3101 828 3151 Minerve
855 3119 865 3150 ε
893 3101 1118 3165 equitavit
1144 3101 1271 3149 inter
1289 3100 1473 3164 primos
1495 3099 1616 3148 duos
1646 3099 1857 3162 prelatos
1879 3113 1964 3161 pa-

183 3182 281 3230 latii
303 3183 553 3244 apostolici
573 3185 653 3247 qui
674 3185 765 3234 sibi
788 3185 976 3235 obviam
1002 3189 1238 3234 venerunt
1267 3183 1471 3241 medius,
1502 3181 1723 3229 videlicet
1747 3183 1958 3239 Petrum,

183 3266 465 3329 episcopum
495 3266 899 3331 calaguritanum,
933 3268 1220 3332 magistrum
1252 3267 1424 3315 domus
1455 3264 1616 3328 palatii
1649 3263 1898 3327 apostolici
1935 3280 1962 3312 a

184 3349 365 3398 dextris
390 3354 438 3398 et
459 3350 786 3411 Franciscum,
810 3353 1092 3416 episcopum
1113 3353 1428 3406 Tranensem‚
1458 3345 1811 3395 thesaurarium
1835 3348 1959 3408 Pape

187 3449 214 3482 a
239 3433 445 3483 sinistris
471 3449 481 3482 ε
507 3433 600 3482 alia
619 3449 754 3485 more
779 3436 935 3485 solito,
