<?xml version="1.0" encoding="UTF-8"?>
<!DOCTYPE html PUBLIC "-//W3C//DTD XHTML 1.0 Transitional//EN"
    "http://www.w3.org/TR/xhtml1/DTD/xhtml1-transitional.dtd">
<html xmlns="http://www.w3.org/1999/xhtml" xml:lang="en" lang="en">
 <head>
  <title>
</title>
<meta http-equiv="Content-Type" content="text/html;charset=utf-8" />
  <meta name='ocr-system' content='tesseract 3.04.00' />
  <meta name='ocr-capabilities' content='ocr_page ocr_carea ocr_par ocr_line ocrx_word'/>
</head>
<body>
  <div class='ocr_page' id='page_1' title='image "./diariumsivererum02burcuoft_0018.png"; bbox 0 0 2228 3938; ppageno 0'>
   <div class='ocr_carea' id='block_1_1' title="bbox 283 380 2066 427">
    <p class='ocr_par' dir='ltr' id='par_1_1' title="bbox 283 380 2066 427">
     <span class='ocr_line' id='line_1_1' title="bbox 283 380 2066 427; baseline 0.001 -12"><span class='ocrx_word' id='word_1_1' title='bbox 283 383 305 415; x_wconf 64' lang='grc' dir='ltr'>(ἴ</span> <span class='ocrx_word' id='word_1_2' title='bbox 897 380 1130 417; x_wconf 77' lang='lat' dir='ltr'>JOHANNIS</span> <span class='ocrx_word' id='word_1_3' title='bbox 1165 380 1460 427; x_wconf 78' lang='lat' dir='ltr'>BURCHARDI,</span> <span class='ocrx_word' id='word_1_4' title='bbox 1740 383 1948 425; x_wconf 54' lang='lat' dir='ltr'>[Decembre</span> <span class='ocrx_word' id='word_1_5' title='bbox 1971 386 2066 426; x_wconf 72' lang='lat'>1492]</span> 
     </span>
    </p>
   </div>
   <div class='ocr_carea' id='block_1_2' title="bbox 284 481 2074 2130">
    <p class='ocr_par' dir='ltr' id='par_1_2' title="bbox 284 481 2074 2130">
     <span class='ocr_line' id='line_1_2' title="bbox 287 481 2066 547; baseline 0.003 -18"><span class='ocrx_word' id='word_1_6' title='bbox 287 486 393 530; x_wconf 93' lang='lat' dir='ltr'>Don</span> <span class='ocrx_word' id='word_1_7' title='bbox 435 482 704 530; x_wconf 88' lang='lat' dir='ltr'>Fridericus</span> <span class='ocrx_word' id='word_1_8' title='bbox 751 481 877 530; x_wconf 84' lang='lat' dir='ltr'>filius</span> <span class='ocrx_word' id='word_1_9' title='bbox 926 483 1052 547; x_wconf 84' lang='lat' dir='ltr'>regis</span> <span class='ocrx_word' id='word_1_10' title='bbox 1101 484 1413 543; x_wconf 90' lang='lat' dir='ltr'>Ferdinandi,</span> <span class='ocrx_word' id='word_1_11' title='bbox 1459 487 1688 547; x_wconf 79' lang='lat' dir='ltr'><strong>tanquam</strong></span> <span class='ocrx_word' id='word_1_12' title='bbox 1740 485 2066 535; x_wconf 88' lang='lat' dir='ltr'>ambasciator</span> 
     </span>
     <span class='ocr_line' id='line_1_3' title="bbox 284 565 2059 630; baseline 0.003 -18"><span class='ocrx_word' id='word_1_13' title='bbox 284 565 450 628; x_wconf 90' lang='lat' dir='ltr'>patris,</span> <span class='ocrx_word' id='word_1_14' title='bbox 468 565 596 614; x_wconf 85' lang='lat' dir='ltr'>venit</span> <span class='ocrx_word' id='word_1_15' title='bbox 618 567 677 614; x_wconf 90' lang='lat' dir='ltr'>ad</span> <span class='ocrx_word' id='word_1_16' title='bbox 700 565 877 615; x_wconf 88' lang='lat' dir='ltr'>Urbem</span> <span class='ocrx_word' id='word_1_17' title='bbox 897 567 956 615; x_wconf 88' lang='lat' dir='ltr'>ad</span> <span class='ocrx_word' id='word_1_18' title='bbox 977 567 1284 630; x_wconf 87' lang='lat' dir='ltr'>prestandam</span> <span class='ocrx_word' id='word_1_19' title='bbox 1306 567 1631 616; x_wconf 78' lang='lat' dir='ltr'>obedientiam</span> <span class='ocrx_word' id='word_1_20' title='bbox 1647 571 1694 615; x_wconf 89' lang='lat' dir='ltr'>et</span> <span class='ocrx_word' id='word_1_21' title='bbox 1711 570 1838 618; x_wconf 92' lang='lat' dir='ltr'>venit</span> <span class='ocrx_word' id='word_1_22' title='bbox 1855 570 2059 618; x_wconf 92' lang='lat' dir='ltr'>multum</span> 
     </span>
     <span class='ocr_line' id='line_1_4' title="bbox 291 649 2066 717; baseline 0.003 -22"><span class='ocrx_word' id='word_1_23' title='bbox 291 652 570 712; x_wconf 81' lang='lat' dir='ltr'>sumptuose</span> <span class='ocrx_word' id='word_1_24' title='bbox 602 652 649 696; x_wconf 91' lang='lat' dir='ltr'>et</span> <span class='ocrx_word' id='word_1_25' title='bbox 677 649 801 698; x_wconf 91' lang='lat' dir='ltr'>bene</span> <span class='ocrx_word' id='word_1_26' title='bbox 836 655 1048 698; x_wconf 69' lang='lat' dir='ltr'>ornatus</span> <span class='ocrx_word' id='word_1_27' title='bbox 1084 652 1140 697; x_wconf 87' lang='lat' dir='ltr'>Et</span> <span class='ocrx_word' id='word_1_28' title='bbox 1176 665 1286 697; x_wconf 89' lang='lat' dir='ltr'>cum</span> <span class='ocrx_word' id='word_1_29' title='bbox 1314 665 1492 713; x_wconf 83' lang='lat' dir='ltr'>magno</span> <span class='ocrx_word' id='word_1_30' title='bbox 1513 651 1701 699; x_wconf 81' lang='lat' dir='ltr'>honore</span> <span class='ocrx_word' id='word_1_31' title='bbox 1727 651 1816 700; x_wconf 90' lang='lat' dir='ltr'>fuit</span> <span class='ocrx_word' id='word_1_32' title='bbox 1845 657 2066 717; x_wconf 89' lang='lat' dir='ltr'>receptus</span> 
     </span>
     <span class='ocr_line' id='line_1_5' title="bbox 289 731 2067 795; baseline 0.002 -14"><span class='ocrx_word' id='word_1_33' title='bbox 289 748 318 781; x_wconf 88' lang='lat' dir='ltr'>a</span> <span class='ocrx_word' id='word_1_34' title='bbox 343 733 571 780; x_wconf 79' lang='lat' dir='ltr'>cardinali</span> <span class='ocrx_word' id='word_1_35' title='bbox 602 733 752 780; x_wconf 87' lang='lat' dir='ltr'>sancti</span> <span class='ocrx_word' id='word_1_36' title='bbox 783 733 909 781; x_wconf 88' lang='lat' dir='ltr'>Petri</span> <span class='ocrx_word' id='word_1_37' title='bbox 943 732 1004 779; x_wconf 92' lang='lat' dir='ltr'>ad</span> <span class='ocrx_word' id='word_1_38' title='bbox 1032 731 1253 789; x_wconf 72' lang='lat' dir='ltr'>Vincula,</span> <span class='ocrx_word' id='word_1_39' title='bbox 1286 732 1366 795; x_wconf 94' lang='lat' dir='ltr'>qui</span> <span class='ocrx_word' id='word_1_40' title='bbox 1400 732 1521 781; x_wconf 91' lang='lat' dir='ltr'>adeo</span> <span class='ocrx_word' id='word_1_41' title='bbox 1554 733 1825 783; x_wconf 84' lang='lat' dir='ltr'>honorifice</span> <span class='ocrx_word' id='word_1_42' title='bbox 1859 740 1906 784; x_wconf 91' lang='lat' dir='ltr'>et</span> <span class='ocrx_word' id='word_1_43' title='bbox 1935 753 2067 785; x_wconf 91' lang='lat' dir='ltr'>sum-</span> 
     </span>
     <span class='ocr_line' id='line_1_6' title="bbox 287 814 2063 882; baseline 0 -18"><span class='ocrx_word' id='word_1_44' title='bbox 287 820 458 880; x_wconf 90' lang='lat' dir='ltr'>ptuose</span> <span class='ocrx_word' id='word_1_45' title='bbox 481 831 592 864; x_wconf 91' lang='lat' dir='ltr'>eum</span> <span class='ocrx_word' id='word_1_46' title='bbox 608 815 789 879; x_wconf 90' lang='lat' dir='ltr'>recepit</span> <span class='ocrx_word' id='word_1_47' title='bbox 808 819 855 863; x_wconf 90' lang='lat' dir='ltr'>et</span> <span class='ocrx_word' id='word_1_48' title='bbox 875 830 963 879; x_wconf 90' lang='lat' dir='ltr'>per</span> <span class='ocrx_word' id='word_1_49' title='bbox 984 815 1163 877; x_wconf 78' lang='lat' dir='ltr'>aliquot</span> <span class='ocrx_word' id='word_1_50' title='bbox 1184 814 1286 861; x_wconf 91' lang='lat' dir='ltr'>dies</span> <span class='ocrx_word' id='word_1_51' title='bbox 1304 814 1517 875; x_wconf 75' lang='lat' dir='ltr'>retinuit,</span> <span class='ocrx_word' id='word_1_52' title='bbox 1541 816 1670 879; x_wconf 90' lang='lat' dir='ltr'>quod</span> <span class='ocrx_word' id='word_1_53' title='bbox 1691 816 1767 865; x_wconf 86' lang='lat' dir='ltr'>vix</span> <span class='ocrx_word' id='word_1_54' title='bbox 1781 817 1874 864; x_wconf 88' lang='lat' dir='ltr'>dici</span> <span class='ocrx_word' id='word_1_55' title='bbox 1889 823 2063 882; x_wconf 89' lang='lat' dir='ltr'>potest.</span> 
     </span>
     <span class='ocr_line' id='line_1_7' title="bbox 292 897 2067 962; baseline 0.001 -15"><span class='ocrx_word' id='word_1_56' title='bbox 292 902 462 947; x_wconf 81' lang='lat' dir='ltr'>Fertur</span> <span class='ocrx_word' id='word_1_57' title='bbox 494 900 674 948; x_wconf 91' lang='lat' dir='ltr'>dictum</span> <span class='ocrx_word' id='word_1_58' title='bbox 715 897 1014 947; x_wconf 87' lang='lat' dir='ltr'>Fridericum</span> <span class='ocrx_word' id='word_1_59' title='bbox 1052 897 1176 943; x_wconf 86' lang='lat' dir='ltr'>inter</span> <span class='ocrx_word' id='word_1_60' title='bbox 1215 897 1309 945; x_wconf 88' lang='lat' dir='ltr'>alia</span> <span class='ocrx_word' id='word_1_61' title='bbox 1344 897 1519 947; x_wconf 83' lang='lat' dir='ltr'>dixisse</span> <span class='ocrx_word' id='word_1_62' title='bbox 1559 911 1682 962; x_wconf 84' lang='lat' dir='ltr'>pape</span> <span class='ocrx_word' id='word_1_63' title='bbox 1722 900 1992 949; x_wconf 86' lang='lat' dir='ltr'>Alexandro</span> <span class='ocrx_word' id='word_1_64' title='bbox 2020 903 2067 950; x_wconf 92' lang='lat' dir='ltr'>in</span> 
     </span>
     <span class='ocr_line' id='line_1_8' title="bbox 291 979 2067 1047; baseline 0.002 -17"><span class='ocrx_word' id='word_1_65' title='bbox 291 983 599 1039; x_wconf 88' lang='lat' dir='ltr'>consistorio,</span> <span class='ocrx_word' id='word_1_66' title='bbox 637 989 687 1031; x_wconf 91' lang='lat' dir='ltr'>ut</span> <span class='ocrx_word' id='word_1_67' title='bbox 730 982 992 1030; x_wconf 80' lang='lat' dir='ltr'>abstineret</span> <span class='ocrx_word' id='word_1_68' title='bbox 1033 995 1083 1028; x_wconf 91' lang='lat' dir='ltr'>se</span> <span class='ocrx_word' id='word_1_69' title='bbox 1127 996 1155 1027; x_wconf 93' lang='lat' dir='ltr'>a</span> <span class='ocrx_word' id='word_1_70' title='bbox 1194 979 1552 1043; x_wconf 84' lang='lat' dir='ltr'>dispensatione</span> <span class='ocrx_word' id='word_1_71' title='bbox 1591 982 1885 1031; x_wconf 88' lang='lat' dir='ltr'>matrimonii</span> <span class='ocrx_word' id='word_1_72' title='bbox 1925 1000 2067 1047; x_wconf 91' lang='lat' dir='ltr'>quam</span> 
     </span>
     <span class='ocr_line' id='line_1_9' title="bbox 291 1062 2070 1132; baseline 0 -17"><span class='ocrx_word' id='word_1_73' title='bbox 291 1066 495 1130; x_wconf 87' lang='lat' dir='ltr'>petierat</span> <span class='ocrx_word' id='word_1_74' title='bbox 522 1082 607 1115; x_wconf 83' lang='lat' dir='ltr'>rex</span> <span class='ocrx_word' id='word_1_75' title='bbox 636 1065 861 1128; x_wconf 73' lang='lat' dir='ltr'>Ungarie,</span> <span class='ocrx_word' id='word_1_76' title='bbox 902 1063 980 1126; x_wconf 92' lang='lat' dir='ltr'>qui</span> <span class='ocrx_word' id='word_1_77' title='bbox 1013 1062 1203 1110; x_wconf 89' lang='lat' dir='ltr'>volebat</span> <span class='ocrx_word' id='word_1_78' title='bbox 1233 1063 1521 1112; x_wconf 88' lang='lat' dir='ltr'>renunciare</span> <span class='ocrx_word' id='word_1_79' title='bbox 1555 1065 1843 1114; x_wconf 89' lang='lat' dir='ltr'>Eleonoram</span> <span class='ocrx_word' id='word_1_80' title='bbox 1872 1066 1932 1131; x_wconf 89' lang='lat'>(1)</span> <span class='ocrx_word' id='word_1_81' title='bbox 1965 1069 2070 1132; x_wconf 89' lang='lat' dir='ltr'>ejus</span> 
     </span>
     <span class='ocr_line' id='line_1_10' title="bbox 292 1146 2066 1213; baseline 0.001 -16"><span class='ocrx_word' id='word_1_82' title='bbox 292 1166 510 1209; x_wconf 83' lang='lat' dir='ltr'>uxorem,</span> <span class='ocrx_word' id='word_1_83' title='bbox 533 1154 580 1198; x_wconf 93' lang='lat' dir='ltr'>et</span> <span class='ocrx_word' id='word_1_84' title='bbox 598 1149 744 1197; x_wconf 88' lang='lat' dir='ltr'>filiam</span> <span class='ocrx_word' id='word_1_85' title='bbox 763 1147 872 1196; x_wconf 89' lang='lat' dir='ltr'>dicti</span> <span class='ocrx_word' id='word_1_86' title='bbox 897 1146 1040 1210; x_wconf 82' lang='lat' dir='ltr'>regiS,</span> <span class='ocrx_word' id='word_1_87' title='bbox 1068 1161 1126 1194; x_wconf 90' lang='lat' dir='ltr'>eo</span> <span class='ocrx_word' id='word_1_88' title='bbox 1143 1146 1273 1209; x_wconf 91' lang='lat' dir='ltr'>quod</span> <span class='ocrx_word' id='word_1_89' title='bbox 1290 1162 1348 1194; x_wconf 88' lang='lat' dir='ltr'>ex</span> <span class='ocrx_word' id='word_1_90' title='bbox 1369 1162 1424 1194; x_wconf 90' lang='lat' dir='ltr'>ea</span> <span class='ocrx_word' id='word_1_91' title='bbox 1439 1163 1536 1194; x_wconf 87' lang='lat' dir='ltr'>non</span> <span class='ocrx_word' id='word_1_92' title='bbox 1553 1148 1845 1212; x_wconf 91' lang='lat' dir='ltr'>suscipiebat</span> <span class='ocrx_word' id='word_1_93' title='bbox 1861 1151 2066 1213; x_wconf 88' lang='lat' dir='ltr'>prolem,</span> 
     </span>
     <span class='ocr_line' id='line_1_11' title="bbox 293 1230 2070 1297; baseline 0 -15"><span class='ocrx_word' id='word_1_94' title='bbox 293 1238 341 1282; x_wconf 91' lang='lat' dir='ltr'>et</span> <span class='ocrx_word' id='word_1_95' title='bbox 368 1233 559 1282; x_wconf 87' lang='lat' dir='ltr'>volebat</span> <span class='ocrx_word' id='word_1_96' title='bbox 592 1248 764 1297; x_wconf 80' lang='lat' dir='ltr'>capere</span> <span class='ocrx_word' id='word_1_97' title='bbox 796 1231 945 1279; x_wconf 82' lang='lat' dir='ltr'>filiam</span> <span class='ocrx_word' id='word_1_98' title='bbox 980 1230 1114 1278; x_wconf 89' lang='lat' dir='ltr'>ducis</span> <span class='ocrx_word' id='word_1_99' title='bbox 1141 1230 1517 1279; x_wconf 89' lang='lat' dir='ltr'>Mediolanensis</span> <span class='ocrx_word' id='word_1_100' title='bbox 1543 1247 1599 1279; x_wconf 89' lang='lat' dir='ltr'>ac</span> <span class='ocrx_word' id='word_1_101' title='bbox 1631 1247 1848 1281; x_wconf 86' lang='lat' dir='ltr'>sororem</span> <span class='ocrx_word' id='word_1_102' title='bbox 1877 1235 2070 1282; x_wconf 89' lang='lat' dir='ltr'>Ascanii</span> 
     </span>
     <span class='ocr_line' id='line_1_12' title="bbox 293 1313 2071 1379; baseline 0 -15"><span class='ocrx_word' id='word_1_103' title='bbox 293 1316 549 1365; x_wconf 90' lang='lat' dir='ltr'>cardinalis</span> <span class='ocrx_word' id='word_1_104' title='bbox 580 1314 971 1373; x_wconf 83' lang='lat' dir='ltr'>Mediolanensis,</span> <span class='ocrx_word' id='word_1_105' title='bbox 998 1317 1045 1361; x_wconf 87' lang='lat' dir='ltr'>et</span> <span class='ocrx_word' id='word_1_106' title='bbox 1078 1313 1207 1376; x_wconf 90' lang='lat' dir='ltr'>quod</span> <span class='ocrx_word' id='word_1_107' title='bbox 1233 1329 1320 1377; x_wconf 92' lang='lat' dir='ltr'>pro</span> <span class='ocrx_word' id='word_1_108' title='bbox 1352 1314 1479 1363; x_wconf 89' lang='lat' dir='ltr'>dicta</span> <span class='ocrx_word' id='word_1_109' title='bbox 1515 1315 1871 1379; x_wconf 86' lang='lat' dir='ltr'>dispensatione</span> <span class='ocrx_word' id='word_1_110' title='bbox 1904 1332 2071 1365; x_wconf 82' lang='lat' dir='ltr'>conse-</span> 
     </span>
     <span class='ocr_line' id='line_1_13' title="bbox 294 1396 2068 1463; baseline 0.001 -16"><span class='ocrx_word' id='word_1_111' title='bbox 294 1399 485 1462; x_wconf 93' lang='lat' dir='ltr'>quenda</span> <span class='ocrx_word' id='word_1_112' title='bbox 504 1398 654 1446; x_wconf 91' lang='lat' dir='ltr'>multa</span> <span class='ocrx_word' id='word_1_113' title='bbox 680 1397 829 1445; x_wconf 91' lang='lat' dir='ltr'>millia</span> <span class='ocrx_word' id='word_1_114' title='bbox 859 1396 1143 1444; x_wconf 82' lang='lat' dir='ltr'>ducatorum</span> <span class='ocrx_word' id='word_1_115' title='bbox 1165 1396 1510 1445; x_wconf 88' lang='lat' dir='ltr'>offerebantur.</span> <span class='ocrx_word' id='word_1_116' title='bbox 1537 1400 1593 1445; x_wconf 91' lang='lat' dir='ltr'>Et</span> <span class='ocrx_word' id='word_1_117' title='bbox 1619 1414 1727 1446; x_wconf 89' lang='lat' dir='ltr'>cum</span> <span class='ocrx_word' id='word_1_118' title='bbox 1755 1402 1883 1463; x_wconf 90' lang='lat' dir='ltr'>Papa</span> <span class='ocrx_word' id='word_1_119' title='bbox 1908 1400 2068 1448; x_wconf 91' lang='lat' dir='ltr'>inten-</span> 
     </span>
     <span class='ocr_line' id='line_1_14' title="bbox 293 1480 2069 1545; baseline 0 -15"><span class='ocrx_word' id='word_1_120' title='bbox 293 1483 428 1532; x_wconf 87' lang='lat' dir='ltr'>deret</span> <span class='ocrx_word' id='word_1_121' title='bbox 453 1484 610 1532; x_wconf 89' lang='lat' dir='ltr'>facere</span> <span class='ocrx_word' id='word_1_122' title='bbox 639 1482 783 1531; x_wconf 89' lang='lat' dir='ltr'>talem</span> <span class='ocrx_word' id='word_1_123' title='bbox 813 1481 1243 1545; x_wconf 88' lang='lat' dir='ltr'>dispensationem,</span> <span class='ocrx_word' id='word_1_124' title='bbox 1268 1480 1462 1529; x_wconf 87' lang='lat' dir='ltr'>fuerunt</span> <span class='ocrx_word' id='word_1_125' title='bbox 1491 1481 1640 1529; x_wconf 90' lang='lat' dir='ltr'>multe</span> <span class='ocrx_word' id='word_1_126' title='bbox 1668 1481 1793 1530; x_wconf 89' lang='lat' dir='ltr'>inter</span> <span class='ocrx_word' id='word_1_127' title='bbox 1815 1498 1899 1531; x_wconf 92' lang='lat' dir='ltr'>eos</span> <span class='ocrx_word' id='word_1_128' title='bbox 1926 1483 2069 1532; x_wconf 88' lang='lat' dir='ltr'>alter-</span> 
     </span>
     <span class='ocr_line' id='line_1_15' title="bbox 293 1563 2070 1629; baseline -0.001 -15"><span class='ocrx_word' id='word_1_129' title='bbox 293 1567 526 1627; x_wconf 86' lang='lat' dir='ltr'>cationes,</span> <span class='ocrx_word' id='word_1_130' title='bbox 561 1567 681 1614; x_wconf 90' lang='lat' dir='ltr'>adeo</span> <span class='ocrx_word' id='word_1_131' title='bbox 721 1565 867 1629; x_wconf 90' lang='lat' dir='ltr'>quod,</span> <span class='ocrx_word' id='word_1_132' title='bbox 902 1569 951 1612; x_wconf 91' lang='lat' dir='ltr'>ut</span> <span class='ocrx_word' id='word_1_133' title='bbox 1000 1563 1170 1623; x_wconf 91' lang='lat' dir='ltr'>fertur,</span> <span class='ocrx_word' id='word_1_134' title='bbox 1201 1564 1352 1613; x_wconf 88' lang='lat' dir='ltr'>iratus</span> <span class='ocrx_word' id='word_1_135' title='bbox 1387 1564 1589 1613; x_wconf 89' lang='lat' dir='ltr'>recessit</span> <span class='ocrx_word' id='word_1_136' title='bbox 1630 1568 1676 1612; x_wconf 90' lang='lat' dir='ltr'>et</span> <span class='ocrx_word' id='word_1_137' title='bbox 1712 1580 1800 1628; x_wconf 90' lang='lat' dir='ltr'>per</span> <span class='ocrx_word' id='word_1_138' title='bbox 1837 1581 1970 1615; x_wconf 90' lang='lat' dir='ltr'>mare</span> <span class='ocrx_word' id='word_1_139' title='bbox 2010 1566 2070 1614; x_wconf 86' lang='lat' dir='ltr'>ad</span> 
     </span>
     <span class='ocr_line' id='line_1_16' title="bbox 293 1647 2070 1713; baseline 0.001 -15"><span class='ocrx_word' id='word_1_140' title='bbox 293 1651 474 1698; x_wconf 87' lang='lat' dir='ltr'>Ostiam</span> <span class='ocrx_word' id='word_1_141' title='bbox 501 1650 599 1698; x_wconf 84' lang='lat' dir='ltr'>ivit.</span> <span class='ocrx_word' id='word_1_142' title='bbox 626 1652 682 1697; x_wconf 90' lang='lat' dir='ltr'>Et</span> <span class='ocrx_word' id='word_1_143' title='bbox 710 1648 964 1697; x_wconf 89' lang='lat' dir='ltr'>cardinalis</span> <span class='ocrx_word' id='word_1_144' title='bbox 993 1664 1030 1697; x_wconf 93' lang='lat' dir='ltr'>s.</span> <span class='ocrx_word' id='word_1_145' title='bbox 1063 1648 1190 1696; x_wconf 90' lang='lat' dir='ltr'>Petri</span> <span class='ocrx_word' id='word_1_146' title='bbox 1221 1648 1280 1695; x_wconf 90' lang='lat' dir='ltr'>ad</span> <span class='ocrx_word' id='word_1_147' title='bbox 1312 1647 1519 1698; x_wconf 86' lang='lat' dir='ltr'>Vincula</span> <span class='ocrx_word' id='word_1_148' title='bbox 1544 1663 1654 1696; x_wconf 91' lang='lat' dir='ltr'>cum</span> <span class='ocrx_word' id='word_1_149' title='bbox 1683 1664 1741 1696; x_wconf 93' lang='lat' dir='ltr'>eo</span> <span class='ocrx_word' id='word_1_150' title='bbox 1768 1648 1868 1709; x_wconf 93' lang='lat' dir='ltr'>ivit,</span> <span class='ocrx_word' id='word_1_151' title='bbox 1898 1650 1995 1713; x_wconf 91' lang='lat' dir='ltr'>qui,</span> <span class='ocrx_word' id='word_1_152' title='bbox 2019 1654 2070 1699; x_wconf 91' lang='lat' dir='ltr'>ut</span> 
     </span>
     <span class='ocr_line' id='line_1_17' title="bbox 293 1730 2068 1797; baseline -0.001 -15"><span class='ocrx_word' id='word_1_153' title='bbox 293 1733 484 1790; x_wconf 88' lang='lat' dir='ltr'>dicitur,</span> <span class='ocrx_word' id='word_1_154' title='bbox 506 1750 567 1782; x_wconf 85' lang='lat' dir='ltr'>ex</span> <span class='ocrx_word' id='word_1_155' title='bbox 586 1749 644 1782; x_wconf 92' lang='lat' dir='ltr'>eo</span> <span class='ocrx_word' id='word_1_156' title='bbox 667 1733 795 1797; x_wconf 91' lang='lat' dir='ltr'>quod</span> <span class='ocrx_word' id='word_1_157' title='bbox 814 1732 927 1780; x_wconf 84' lang='lat' dir='ltr'>favit</span> <span class='ocrx_word' id='word_1_158' title='bbox 948 1732 1077 1779; x_wconf 89' lang='lat' dir='ltr'>dicto</span> <span class='ocrx_word' id='word_1_159' title='bbox 1102 1731 1223 1795; x_wconf 85' lang='lat' dir='ltr'>regi,</span> <span class='ocrx_word' id='word_1_160' title='bbox 1248 1730 1400 1779; x_wconf 83' lang='lat' dir='ltr'>sactus</span> <span class='ocrx_word' id='word_1_161' title='bbox 1421 1730 1510 1779; x_wconf 89' lang='lat' dir='ltr'>fuit</span> <span class='ocrx_word' id='word_1_162' title='bbox 1530 1731 1753 1779; x_wconf 90' lang='lat' dir='ltr'>inimicus</span> <span class='ocrx_word' id='word_1_163' title='bbox 1777 1734 1922 1796; x_wconf 90' lang='lat' dir='ltr'>Pape,</span> <span class='ocrx_word' id='word_1_164' title='bbox 1947 1733 2068 1781; x_wconf 88' lang='lat' dir='ltr'>adeo</span> 
     </span>
     <span class='ocr_line' id='line_1_18' title="bbox 293 1814 2069 1880; baseline -0.001 -15"><span class='ocrx_word' id='word_1_165' title='bbox 293 1817 422 1880; x_wconf 90' lang='lat' dir='ltr'>quod</span> <span class='ocrx_word' id='word_1_166' title='bbox 453 1817 662 1866; x_wconf 90' lang='lat' dir='ltr'>noluerit</span> <span class='ocrx_word' id='word_1_167' title='bbox 695 1817 900 1880; x_wconf 89' lang='lat' dir='ltr'>amplius</span> <span class='ocrx_word' id='word_1_168' title='bbox 930 1816 1087 1863; x_wconf 86' lang='lat' dir='ltr'>redire</span> <span class='ocrx_word' id='word_1_169' title='bbox 1122 1815 1183 1863; x_wconf 90' lang='lat' dir='ltr'>ad</span> <span class='ocrx_word' id='word_1_170' title='bbox 1214 1815 1413 1874; x_wconf 86' lang='lat' dir='ltr'>Urbem,</span> <span class='ocrx_word' id='word_1_171' title='bbox 1439 1814 1525 1862; x_wconf 88' lang='lat' dir='ltr'>sed</span> <span class='ocrx_word' id='word_1_172' title='bbox 1557 1815 1845 1863; x_wconf 89' lang='lat' dir='ltr'>remanserit</span> <span class='ocrx_word' id='word_1_173' title='bbox 1878 1816 1927 1863; x_wconf 94' lang='lat' dir='ltr'>in</span> <span class='ocrx_word' id='word_1_174' title='bbox 1958 1832 2069 1864; x_wconf 90' lang='lat' dir='ltr'>arce</span> 
     </span>
     <span class='ocr_line' id='line_1_19' title="bbox 294 1897 2073 1964; baseline -0.001 -17"><span class='ocrx_word' id='word_1_175' title='bbox 294 1899 420 1948; x_wconf 91' lang='lat' dir='ltr'>dicte</span> <span class='ocrx_word' id='word_1_176' title='bbox 442 1900 650 1948; x_wconf 88' lang='lat' dir='ltr'>Civitatis</span> <span class='ocrx_word' id='word_1_177' title='bbox 674 1900 801 1948; x_wconf 89' lang='lat' dir='ltr'>Ostie</span> <span class='ocrx_word' id='word_1_178' title='bbox 823 1900 948 1964; x_wconf 81' lang='lat' dir='ltr'>bene</span> <span class='ocrx_word' id='word_1_179' title='bbox 970 1902 1182 1947; x_wconf 89' lang='lat' dir='ltr'>armatus</span> <span class='ocrx_word' id='word_1_180' title='bbox 1199 1901 1246 1947; x_wconf 91' lang='lat' dir='ltr'>et</span> <span class='ocrx_word' id='word_1_181' title='bbox 1264 1898 1497 1955; x_wconf 91' lang='lat' dir='ltr'>munitus,</span> <span class='ocrx_word' id='word_1_182' title='bbox 1517 1913 1571 1946; x_wconf 90' lang='lat' dir='ltr'>ac</span> <span class='ocrx_word' id='word_1_183' title='bbox 1594 1897 1632 1945; x_wconf 93' lang='lat' dir='ltr'>si</span> <span class='ocrx_word' id='word_1_184' title='bbox 1655 1913 1880 1962; x_wconf 90' lang='lat' dir='ltr'>campum</span> <span class='ocrx_word' id='word_1_185' title='bbox 1904 1903 2073 1947; x_wconf 88' lang='lat' dir='ltr'>contra</span> 
     </span>
     <span class='ocr_line' id='line_1_20' title="bbox 298 1980 2072 2047; baseline 0 -16"><span class='ocrx_word' id='word_1_186' title='bbox 298 1998 347 2031; x_wconf 92' lang='lat' dir='ltr'>se</span> <span class='ocrx_word' id='word_1_187' title='bbox 380 1987 673 2047; x_wconf 85' lang='lat' dir='ltr'>expectaret,</span> <span class='ocrx_word' id='word_1_188' title='bbox 707 1987 754 2031; x_wconf 94' lang='lat' dir='ltr'>et</span> <span class='ocrx_word' id='word_1_189' title='bbox 787 1982 1071 2030; x_wconf 85' lang='lat' dir='ltr'>abstinuerit</span> <span class='ocrx_word' id='word_1_190' title='bbox 1105 1981 1265 2029; x_wconf 90' lang='lat' dir='ltr'>venire</span> <span class='ocrx_word' id='word_1_191' title='bbox 1299 1981 1359 2028; x_wconf 90' lang='lat' dir='ltr'>ad</span> <span class='ocrx_word' id='word_1_192' title='bbox 1390 1981 1568 2029; x_wconf 89' lang='lat' dir='ltr'>Urbem</span> <span class='ocrx_word' id='word_1_193' title='bbox 1592 1980 1672 2047; x_wconf 76' lang='lat'>(2).</span> <span class='ocrx_word' id='word_1_194' title='bbox 1697 1984 1754 2030; x_wconf 89' lang='lat' dir='ltr'>Et</span> <span class='ocrx_word' id='word_1_195' title='bbox 1781 1997 1891 2030; x_wconf 92' lang='lat' dir='ltr'>cum</span> <span class='ocrx_word' id='word_1_196' title='bbox 1922 1983 2072 2031; x_wconf 87' lang='lat' dir='ltr'>semel</span> 
     </span>
     <span class='ocr_line' id='line_1_21' title="bbox 296 2064 2074 2130; baseline 0 -16"><span class='ocrx_word' id='word_1_197' title='bbox 296 2082 421 2130; x_wconf 89' lang='lat' dir='ltr'>papa</span> <span class='ocrx_word' id='word_1_198' title='bbox 439 2066 711 2115; x_wconf 82' lang='lat' dir='ltr'>Alexander</span> <span class='ocrx_word' id='word_1_199' title='bbox 733 2065 1021 2114; x_wconf 86' lang='lat' dir='ltr'>destinasset</span> <span class='ocrx_word' id='word_1_200' title='bbox 1038 2064 1108 2112; x_wconf 92' lang='lat' dir='ltr'>ire</span> <span class='ocrx_word' id='word_1_201' title='bbox 1131 2068 1177 2112; x_wconf 92' lang='lat' dir='ltr'>et</span> <span class='ocrx_word' id='word_1_202' title='bbox 1197 2064 1432 2126; x_wconf 87' lang='lat' dir='ltr'>prandere</span> <span class='ocrx_word' id='word_1_203' title='bbox 1454 2064 1504 2110; x_wconf 93' lang='lat' dir='ltr'>in</span> <span class='ocrx_word' id='word_1_204' title='bbox 1524 2064 1701 2127; x_wconf 88' lang='lat' dir='ltr'>palatio</span> <span class='ocrx_word' id='word_1_205' title='bbox 1725 2066 1875 2113; x_wconf 90' lang='lat' dir='ltr'>sancti</span> <span class='ocrx_word' id='word_1_206' title='bbox 1897 2069 1921 2113; x_wconf 88' lang='lat' dir='ltr'>J</span> <span class='ocrx_word' id='word_1_207' title='bbox 1927 2067 2074 2114; x_wconf 91' lang='lat' dir='ltr'>ohan-</span> 
     </span>
    </p>
   </div>
   <div class='ocr_carea' id='block_1_3' title="bbox 298 2183 2082 3544">
    <p class='ocr_par' dir='ltr' id='par_1_3' title="bbox 298 2183 2076 2474">
     <span class='ocr_line' id='line_1_22' title="bbox 344 2183 2074 2238; baseline -0.001 -11"><span class='ocrx_word' id='word_1_208' title='bbox 344 2183 378 2227; x_wconf 74' lang='lat'>1&#39;.</span> <span class='ocrx_word' id='word_1_209' title='bbox 405 2189 502 2226; x_wconf 90' lang='lat' dir='ltr'>Tous</span> <span class='ocrx_word' id='word_1_210' title='bbox 531 2189 584 2226; x_wconf 86' lang='lat' dir='ltr'>les</span> <span class='ocrx_word' id='word_1_211' title='bbox 610 2189 828 2226; x_wconf 85' lang='lat' dir='ltr'>manuscrits</span> <span class='ocrx_word' id='word_1_212' title='bbox 861 2192 897 2224; x_wconf 88' lang='lat' dir='ltr'>et</span> <span class='ocrx_word' id='word_1_213' title='bbox 930 2188 981 2225; x_wconf 90' lang='lat' dir='ltr'>les</span> <span class='ocrx_word' id='word_1_214' title='bbox 1015 2189 1199 2238; x_wconf 72' lang='lat' dir='ltr'>imprimes</span> <span class='ocrx_word' id='word_1_215' title='bbox 1233 2189 1395 2226; x_wconf 87' lang='lat' dir='ltr'>donnent</span> <span class='ocrx_word' id='word_1_216' title='bbox 1425 2187 1640 2225; x_wconf 78' lang='lat' dir='ltr'>Eleonoram</span> <span class='ocrx_word' id='word_1_217' title='bbox 1669 2188 1837 2235; x_wconf 86' lang='lat' dir='ltr'>(Eccard,</span> <span class='ocrx_word' id='word_1_218' title='bbox 1864 2189 2074 2234; x_wconf 76' lang='lat' dir='ltr'>Leonoram,</span> 
     </span>
     <span class='ocr_line' id='line_1_23' title="bbox 298 2242 2075 2296; baseline -0.002 -10"><span class='ocrx_word' id='word_1_219' title='bbox 298 2247 365 2286; x_wconf 84' lang='lat' dir='ltr'>col.</span> <span class='ocrx_word' id='word_1_220' title='bbox 387 2249 510 2296; x_wconf 84' lang='lat'>2010).</span> <span class='ocrx_word' id='word_1_221' title='bbox 533 2247 563 2284; x_wconf 93' lang='lat' dir='ltr'>Il</span> <span class='ocrx_word' id='word_1_222' title='bbox 589 2248 665 2285; x_wconf 87' lang='lat' dir='ltr'>faut</span> <span class='ocrx_word' id='word_1_223' title='bbox 689 2248 752 2284; x_wconf 89' lang='lat' dir='ltr'>lire</span> <span class='ocrx_word' id='word_1_224' title='bbox 778 2249 990 2287; x_wconf 77' lang='lat' dir='ltr'>Bealrz&#39;cem.</span> <span class='ocrx_word' id='word_1_225' title='bbox 1014 2242 1188 2286; x_wconf 77' lang='lat' dir='ltr'>Eleonore</span> <span class='ocrx_word' id='word_1_226' title='bbox 1214 2248 1310 2286; x_wconf 84' lang='lat' dir='ltr'>avait</span> <span class='ocrx_word' id='word_1_227' title='bbox 1329 2250 1465 2296; x_wconf 77' lang='lat' dir='ltr'>epouse</span> <span class='ocrx_word' id='word_1_228' title='bbox 1492 2247 1644 2283; x_wconf 87' lang='lat' dir='ltr'>Hercule</span> <span class='ocrx_word' id='word_1_229' title='bbox 1663 2248 1800 2293; x_wconf 87' lang='lat' dir='ltr'>d&#39;Este,</span> <span class='ocrx_word' id='word_1_230' title='bbox 1822 2248 1894 2284; x_wconf 90' lang='lat' dir='ltr'>duc</span> <span class='ocrx_word' id='word_1_231' title='bbox 1919 2248 1964 2284; x_wconf 86' lang='lat' dir='ltr'>de</span> <span class='ocrx_word' id='word_1_232' title='bbox 1990 2248 2075 2284; x_wconf 87' lang='lat' dir='ltr'>Fer-</span> 
     </span>
     <span class='ocr_line' id='line_1_24' title="bbox 298 2299 2076 2356; baseline -0.001 -11"><span class='ocrx_word' id='word_1_233' title='bbox 298 2320 391 2354; x_wconf 88' lang='lat' dir='ltr'>rare,</span> <span class='ocrx_word' id='word_1_234' title='bbox 413 2312 449 2344; x_wconf 89' lang='lat' dir='ltr'>et</span> <span class='ocrx_word' id='word_1_235' title='bbox 467 2308 644 2354; x_wconf 77' lang='lat' dir='ltr'>Beatrice,</span> <span class='ocrx_word' id='word_1_236' title='bbox 668 2319 767 2344; x_wconf 82' lang='lat' dir='ltr'>soeur</span> <span class='ocrx_word' id='word_1_237' title='bbox 788 2299 1014 2354; x_wconf 79' lang='lat' dir='ltr'>d&#39;Eleonore,</span> <span class='ocrx_word' id='word_1_238' title='bbox 1036 2307 1133 2345; x_wconf 88' lang='lat' dir='ltr'>avait</span> <span class='ocrx_word' id='word_1_239' title='bbox 1153 2310 1288 2356; x_wconf 82' lang='lat' dir='ltr'>epouse</span> <span class='ocrx_word' id='word_1_240' title='bbox 1318 2307 1492 2353; x_wconf 86' lang='lat' dir='ltr'>Mathias,</span> <span class='ocrx_word' id='word_1_241' title='bbox 1514 2306 1566 2342; x_wconf 88' lang='lat' dir='ltr'>roi</span> <span class='ocrx_word' id='word_1_242' title='bbox 1587 2307 1631 2342; x_wconf 87' lang='lat' dir='ltr'>de</span> <span class='ocrx_word' id='word_1_243' title='bbox 1651 2306 1828 2354; x_wconf 86' lang='lat' dir='ltr'>Hongrie.</span> <span class='ocrx_word' id='word_1_244' title='bbox 1851 2306 1945 2356; x_wconf 87' lang='lat' dir='ltr'>Voy.</span> <span class='ocrx_word' id='word_1_245' title='bbox 1969 2307 2076 2344; x_wconf 89' lang='lat' dir='ltr'>Sum-</span> 
     </span>
     <span class='ocr_line' id='line_1_25' title="bbox 298 2364 2074 2414; baseline 0.001 -10"><span class='ocrx_word' id='word_1_246' title='bbox 298 2370 432 2413; x_wconf 86' lang='lat' dir='ltr'>monte,</span> <span class='ocrx_word' id='word_1_247' title='bbox 461 2369 524 2403; x_wconf 84' lang='lat' dir='ltr'>Ist.</span> <span class='ocrx_word' id='word_1_248' title='bbox 548 2368 645 2404; x_wconf 74' lang='lat' dir='ltr'>della</span> <span class='ocrx_word' id='word_1_249' title='bbox 671 2368 767 2404; x_wconf 76' lang='lat' dir='ltr'>Cittct</span> <span class='ocrx_word' id='word_1_250' title='bbox 793 2379 810 2403; x_wconf 82' lang='lat' dir='ltr'>e</span> <span class='ocrx_word' id='word_1_251' title='bbox 834 2369 956 2413; x_wconf 70' lang='lat' dir='ltr'>Reqno</span> <span class='ocrx_word' id='word_1_252' title='bbox 982 2368 1022 2403; x_wconf 80' lang='lat' dir='ltr'>di</span> <span class='ocrx_word' id='word_1_253' title='bbox 1045 2367 1194 2413; x_wconf 53' lang='lat' dir='ltr'>Napoca</span> <span class='ocrx_word' id='word_1_254' title='bbox 1216 2370 1244 2405; x_wconf 93' lang='lat' dir='ltr'>t.</span> <span class='ocrx_word' id='word_1_255' title='bbox 1273 2366 1337 2411; x_wconf 92' lang='lat' dir='ltr'>III,</span> <span class='ocrx_word' id='word_1_256' title='bbox 1367 2365 1428 2404; x_wconf 88' lang='lat' dir='ltr'>liv.</span> <span class='ocrx_word' id='word_1_257' title='bbox 1450 2377 1486 2411; x_wconf 79' lang='lat' dir='ltr'>v,</span> <span class='ocrx_word' id='word_1_258' title='bbox 1507 2376 1544 2414; x_wconf 91' lang='lat' dir='ltr'>p.</span> <span class='ocrx_word' id='word_1_259' title='bbox 1577 2366 1660 2411; x_wconf 81' lang='lat'>471,</span> <span class='ocrx_word' id='word_1_260' title='bbox 1688 2370 1722 2402; x_wconf 88' lang='lat' dir='ltr'>et</span> <span class='ocrx_word' id='word_1_261' title='bbox 1752 2364 1960 2411; x_wconf 88' lang='lat' dir='ltr'>Bonfinius,</span> <span class='ocrx_word' id='word_1_262' title='bbox 1991 2368 2074 2405; x_wconf 80' lang='lat' dir='ltr'>Rer.</span> 
     </span>
     <span class='ocr_line' id='line_1_26' title="bbox 303 2425 1622 2474; baseline -0.001 -11"><span class='ocrx_word' id='word_1_263' title='bbox 303 2429 441 2473; x_wconf 72' lang='lat' dir='ltr'>Unqctr.</span> <span class='ocrx_word' id='word_1_264' title='bbox 463 2427 553 2473; x_wconf 60' lang='lat' dir='ltr'>dee„</span> <span class='ocrx_word' id='word_1_265' title='bbox 575 2426 620 2471; x_wconf 86' lang='lat' dir='ltr'>V,</span> <span class='ocrx_word' id='word_1_266' title='bbox 641 2425 665 2463; x_wconf 93' lang='lat' dir='ltr'>l.</span> <span class='ocrx_word' id='word_1_267' title='bbox 682 2426 711 2473; x_wconf 86' lang='lat' dir='ltr'>l,</span> <span class='ocrx_word' id='word_1_268' title='bbox 734 2437 769 2474; x_wconf 90' lang='lat' dir='ltr'>p.</span> <span class='ocrx_word' id='word_1_269' title='bbox 791 2426 862 2463; x_wconf 88' lang='lat'>703</span> <span class='ocrx_word' id='word_1_270' title='bbox 883 2425 1065 2472; x_wconf 75' lang='lat' dir='ltr'>(Basileae-‚</span> <span class='ocrx_word' id='word_1_271' title='bbox 1089 2426 1209 2472; x_wconf 79' lang='lat'>1568).</span> <span class='ocrx_word' id='word_1_272' title='bbox 1618 2445 1622 2449; x_wconf 61' lang='grc'><strong><em>»</em></strong></span> 
     </span>
    </p>

    <p class='ocr_par' dir='ltr' id='par_1_4' title="bbox 301 2484 2082 3307">
     <span class='ocr_line' id='line_1_27' title="bbox 347 2484 2078 2533; baseline -0.001 -11"><span class='ocrx_word' id='word_1_273' title='bbox 347 2485 513 2522; x_wconf 82' lang='lat' dir='ltr'>L’affaire</span> <span class='ocrx_word' id='word_1_274' title='bbox 534 2485 623 2522; x_wconf 91' lang='lat' dir='ltr'>dont</span> <span class='ocrx_word' id='word_1_275' title='bbox 642 2485 667 2520; x_wconf 86' lang='lat' dir='ltr'>il</span> <span class='ocrx_word' id='word_1_276' title='bbox 693 2489 750 2522; x_wconf 90' lang='lat' dir='ltr'>est</span> <span class='ocrx_word' id='word_1_277' title='bbox 774 2485 820 2520; x_wconf 90' lang='lat' dir='ltr'>ici</span> <span class='ocrx_word' id='word_1_278' title='bbox 846 2485 1015 2533; x_wconf 87' lang='lat' dir='ltr'>question</span> <span class='ocrx_word' id='word_1_279' title='bbox 1041 2484 1274 2533; x_wconf 79' lang='lat' dir='ltr'>preoccupait</span> <span class='ocrx_word' id='word_1_280' title='bbox 1297 2485 1481 2522; x_wconf 87' lang='lat' dir='ltr'>vivement</span> <span class='ocrx_word' id='word_1_281' title='bbox 1505 2485 1538 2522; x_wconf 91' lang='lat' dir='ltr'>le</span> <span class='ocrx_word' id='word_1_282' title='bbox 1567 2485 1620 2522; x_wconf 90' lang='lat' dir='ltr'>roi</span> <span class='ocrx_word' id='word_1_283' title='bbox 1645 2484 1850 2522; x_wconf 88' lang='lat' dir='ltr'>Ferdinand</span> <span class='ocrx_word' id='word_1_284' title='bbox 1876 2484 1952 2533; x_wconf 91' lang='lat' dir='ltr'>qui,</span> <span class='ocrx_word' id='word_1_285' title='bbox 1976 2484 2078 2533; x_wconf 88' lang='lat' dir='ltr'>quel·</span> 
     </span>
     <span class='ocr_line' id='line_1_28' title="bbox 301 2543 2077 2594; baseline -0.002 -13"><span class='ocrx_word' id='word_1_286' title='bbox 301 2557 392 2594; x_wconf 88' lang='lat' dir='ltr'>ques</span> <span class='ocrx_word' id='word_1_287' title='bbox 413 2546 517 2594; x_wconf 85' lang='lat' dir='ltr'>j0urs</span> <span class='ocrx_word' id='word_1_288' title='bbox 544 2544 746 2582; x_wconf 87' lang='lat' dir='ltr'>seulement</span> <span class='ocrx_word' id='word_1_289' title='bbox 772 2547 878 2593; x_wconf 81' lang='lat' dir='ltr'>apres</span> <span class='ocrx_word' id='word_1_290' title='bbox 905 2543 1125 2581; x_wconf 83' lang='lat' dir='ltr'>l&#39;exaltation</span> <span class='ocrx_word' id='word_1_291' title='bbox 1147 2544 1389 2581; x_wconf 84' lang='lat' dir='ltr'>d&#39;Alexandre</span> <span class='ocrx_word' id='word_1_292' title='bbox 1418 2545 1478 2590; x_wconf 88' lang='lat' dir='ltr'>VI,</span> <span class='ocrx_word' id='word_1_293' title='bbox 1504 2543 1554 2580; x_wconf 93' lang='lat' dir='ltr'>lui</span> <span class='ocrx_word' id='word_1_294' title='bbox 1580 2543 1676 2580; x_wconf 88' lang='lat' dir='ltr'>avait</span> <span class='ocrx_word' id='word_1_295' title='bbox 1693 2543 1759 2580; x_wconf 84' lang='lat' dir='ltr'>fait</span> <span class='ocrx_word' id='word_1_296' title='bbox 1786 2543 1903 2592; x_wconf 90' lang='lat' dir='ltr'>parler</span> <span class='ocrx_word' id='word_1_297' title='bbox 1927 2554 1992 2591; x_wconf 90' lang='lat' dir='ltr'>par</span> <span class='ocrx_word' id='word_1_298' title='bbox 2011 2554 2077 2580; x_wconf 87' lang='lat' dir='ltr'>son</span> 
     </span>
     <span class='ocr_line' id='line_1_29' title="bbox 304 2602 2078 2652; baseline -0.002 -12"><span class='ocrx_word' id='word_1_299' title='bbox 304 2604 494 2642; x_wconf 77' lang='lat' dir='ltr'>secretaire</span> <span class='ocrx_word' id='word_1_300' title='bbox 513 2604 691 2641; x_wconf 86' lang='lat' dir='ltr'>Giovanni</span> <span class='ocrx_word' id='word_1_301' title='bbox 710 2605 878 2641; x_wconf 89' lang='lat' dir='ltr'>Pontano</span> <span class='ocrx_word' id='word_1_302' title='bbox 898 2616 942 2640; x_wconf 89' lang='lat' dir='ltr'>en</span> <span class='ocrx_word' id='word_1_303' title='bbox 962 2604 1088 2641; x_wconf 86' lang='lat' dir='ltr'>faveur</span> <span class='ocrx_word' id='word_1_304' title='bbox 1108 2605 1152 2640; x_wconf 89' lang='lat' dir='ltr'>de</span> <span class='ocrx_word' id='word_1_305' title='bbox 1172 2604 1206 2640; x_wconf 87' lang='lat' dir='ltr'>la</span> <span class='ocrx_word' id='word_1_306' title='bbox 1232 2604 1331 2640; x_wconf 90' lang='lat' dir='ltr'>reine</span> <span class='ocrx_word' id='word_1_307' title='bbox 1358 2604 1537 2641; x_wconf 78' lang='lat' dir='ltr'>Beatrice.</span> <span class='ocrx_word' id='word_1_308' title='bbox 1559 2604 1608 2640; x_wconf 91' lang='lat' dir='ltr'>Le</span> <span class='ocrx_word' id='word_1_309' title='bbox 1628 2615 1722 2652; x_wconf 89' lang='lat' dir='ltr'>pape</span> <span class='ocrx_word' id='word_1_310' title='bbox 1741 2603 1862 2640; x_wconf 87' lang='lat' dir='ltr'>l’avait</span> <span class='ocrx_word' id='word_1_311' title='bbox 1881 2605 2006 2639; x_wconf 76' lang='lat' dir='ltr'>ecoute</span> <span class='ocrx_word' id='word_1_312' title='bbox 2027 2602 2078 2637; x_wconf 83' lang='lat' dir='ltr'>fa-</span> 
     </span>
     <span class='ocr_line' id='line_1_30' title="bbox 302 2661 2078 2712; baseline -0.002 -11"><span class='ocrx_word' id='word_1_313' title='bbox 302 2663 548 2701; x_wconf 83' lang='lat' dir='ltr'>vorablement</span> <span class='ocrx_word' id='word_1_314' title='bbox 575 2668 610 2701; x_wconf 86' lang='lat' dir='ltr'>et</span> <span class='ocrx_word' id='word_1_315' title='bbox 634 2663 730 2700; x_wconf 87' lang='lat' dir='ltr'>avait</span> <span class='ocrx_word' id='word_1_316' title='bbox 756 2663 880 2699; x_wconf 79' lang='lat' dir='ltr'>decide</span> <span class='ocrx_word' id='word_1_317' title='bbox 906 2662 1038 2700; x_wconf 87' lang='lat' dir='ltr'>l&#39;envoi</span> <span class='ocrx_word' id='word_1_318' title='bbox 1067 2663 1152 2699; x_wconf 90' lang='lat' dir='ltr'>d&#39;un</span> <span class='ocrx_word' id='word_1_319' title='bbox 1179 2662 1281 2711; x_wconf 78' lang='lat' dir='ltr'>legat</span> <span class='ocrx_word' id='word_1_320' title='bbox 1306 2675 1352 2699; x_wconf 90' lang='lat' dir='ltr'>en</span> <span class='ocrx_word' id='word_1_321' title='bbox 1381 2663 1554 2712; x_wconf 85' lang='lat' dir='ltr'>Hongrie.</span> <span class='ocrx_word' id='word_1_322' title='bbox 1579 2663 1685 2712; x_wconf 81' lang='lat' dir='ltr'>(Voy.</span> <span class='ocrx_word' id='word_1_323' title='bbox 1709 2663 1743 2699; x_wconf 87' lang='lat' dir='ltr'>la</span> <span class='ocrx_word' id='word_1_324' title='bbox 1762 2662 1866 2700; x_wconf 80' lang='lat' dir='ltr'>let-tre</span> <span class='ocrx_word' id='word_1_325' title='bbox 1885 2663 1930 2699; x_wconf 88' lang='lat' dir='ltr'>de</span> <span class='ocrx_word' id='word_1_326' title='bbox 1954 2661 2078 2698; x_wconf 88' lang='lat' dir='ltr'>Ferdi-</span> 
     </span>
     <span class='ocr_line' id='line_1_31' title="bbox 304 2722 2079 2771; baseline -0.001 -11"><span class='ocrx_word' id='word_1_327' title='bbox 304 2725 400 2760; x_wconf 88' lang='lat' dir='ltr'>nand</span> <span class='ocrx_word' id='word_1_328' title='bbox 421 2726 442 2760; x_wconf 78' lang='lat' dir='ltr'>a</span> <span class='ocrx_word' id='word_1_329' title='bbox 463 2724 641 2761; x_wconf 87' lang='lat' dir='ltr'>Giovanni</span> <span class='ocrx_word' id='word_1_330' title='bbox 662 2724 826 2760; x_wconf 88' lang='lat' dir='ltr'>Pontano</span> <span class='ocrx_word' id='word_1_331' title='bbox 849 2724 904 2770; x_wconf 90' lang='lat'>(21</span> <span class='ocrx_word' id='word_1_332' title='bbox 933 2725 1020 2759; x_wconf 72' lang='lat' dir='ltr'>aout</span> <span class='ocrx_word' id='word_1_333' title='bbox 1041 2723 1162 2769; x_wconf 89' lang='lat'>1492),</span> <span class='ocrx_word' id='word_1_334' title='bbox 1185 2723 1278 2759; x_wconf 87' lang='lat' dir='ltr'>dans</span> <span class='ocrx_word' id='word_1_335' title='bbox 1303 2723 1511 2768; x_wconf 86' lang='lat' dir='ltr'>Trinchera,</span> <span class='ocrx_word' id='word_1_336' title='bbox 1528 2723 1599 2760; x_wconf 87' lang='lat' dir='ltr'>vol.</span> <span class='ocrx_word' id='word_1_337' title='bbox 1623 2724 1669 2769; x_wconf 87' lang='grc' dir='ltr'>ΙΙ,</span> <span class='ocrx_word' id='word_1_338' title='bbox 1690 2734 1727 2771; x_wconf 91' lang='lat' dir='ltr'>p.</span> <span class='ocrx_word' id='word_1_339' title='bbox 1750 2723 1779 2768; x_wconf 96' lang='lat' dir='ltr'>I,</span> <span class='ocrx_word' id='word_1_340' title='bbox 1800 2734 1886 2771; x_wconf 85' lang='lat' dir='ltr'>pag.</span> <span class='ocrx_word' id='word_1_341' title='bbox 1910 2722 2008 2768; x_wconf 87' lang='lat'>156).</span> <span class='ocrx_word' id='word_1_342' title='bbox 2030 2722 2079 2758; x_wconf 89' lang='lat' dir='ltr'>Le</span> 
     </span>
     <span class='ocr_line' id='line_1_32' title="bbox 305 2780 2079 2830; baseline -0.001 -12"><span class='ocrx_word' id='word_1_343' title='bbox 305 2783 358 2820; x_wconf 91' lang='lat' dir='ltr'>roi</span> <span class='ocrx_word' id='word_1_344' title='bbox 377 2783 510 2820; x_wconf 85' lang='lat' dir='ltr'>faisant</span> <span class='ocrx_word' id='word_1_345' title='bbox 529 2783 684 2820; x_wconf 86' lang='lat' dir='ltr'>allusion</span> <span class='ocrx_word' id='word_1_346' title='bbox 704 2784 795 2820; x_wconf 88' lang='lat' dir='ltr'>dans</span> <span class='ocrx_word' id='word_1_347' title='bbox 816 2786 908 2819; x_wconf 89' lang='lat' dir='ltr'>cette</span> <span class='ocrx_word' id='word_1_348' title='bbox 929 2781 1031 2819; x_wconf 90' lang='lat' dir='ltr'>lettre</span> <span class='ocrx_word' id='word_1_349' title='bbox 1052 2785 1073 2819; x_wconf 78' lang='lat' dir='ltr'>a</span> <span class='ocrx_word' id='word_1_350' title='bbox 1097 2781 1276 2819; x_wconf 81' lang='lat' dir='ltr'>l’election</span> <span class='ocrx_word' id='word_1_351' title='bbox 1293 2782 1338 2819; x_wconf 90' lang='lat' dir='ltr'>de</span> <span class='ocrx_word' id='word_1_352' title='bbox 1359 2782 1505 2830; x_wconf 86' lang='lat' dir='ltr'>Borgia,</span> <span class='ocrx_word' id='word_1_353' title='bbox 1527 2781 1677 2830; x_wconf 82' lang='lat' dir='ltr'>ajoutait</span> <span class='ocrx_word' id='word_1_354' title='bbox 1699 2783 1748 2829; x_wconf 89' lang='lat' dir='ltr'>(p.</span> <span class='ocrx_word' id='word_1_355' title='bbox 1767 2782 1849 2827; x_wconf 86' lang='grc'>157)</span> <span class='ocrx_word' id='word_1_356' title='bbox 1873 2792 1882 2817; x_wconf 86' lang='lat'>:</span> <span class='ocrx_word' id='word_1_357' title='bbox 1905 2795 1924 2815; x_wconf 91' lang='lat'>«</span> <span class='ocrx_word' id='word_1_358' title='bbox 2009 2780 2079 2817; x_wconf 89' lang='lat' dir='ltr'>Nui</span> 
     </span>
     <span class='ocr_line' id='line_1_33' title="bbox 305 2840 2079 2891; baseline -0.002 -13"><span class='ocrx_word' id='word_1_359' title='bbox 305 2842 462 2879; x_wconf 86' lang='lat' dir='ltr'>credimo</span> <span class='ocrx_word' id='word_1_360' title='bbox 489 2842 555 2879; x_wconf 90' lang='lat' dir='ltr'>che</span> <span class='ocrx_word' id='word_1_361' title='bbox 579 2842 674 2879; x_wconf 86' lang='lat' dir='ltr'>facta</span> <span class='ocrx_word' id='word_1_362' title='bbox 693 2843 726 2878; x_wconf 86' lang='lat' dir='ltr'>la</span> <span class='ocrx_word' id='word_1_363' title='bbox 752 2842 933 2880; x_wconf 84' lang='lat' dir='ltr'>creatione</span> <span class='ocrx_word' id='word_1_364' title='bbox 954 2843 1012 2879; x_wconf 90' lang='lat' dir='ltr'>del</span> <span class='ocrx_word' id='word_1_365' title='bbox 1036 2846 1206 2891; x_wconf 86' lang='lat' dir='ltr'>presente</span> <span class='ocrx_word' id='word_1_366' title='bbox 1231 2842 1402 2890; x_wconf 88' lang='lat' dir='ltr'>pontifice</span> <span class='ocrx_word' id='word_1_367' title='bbox 1426 2841 1580 2879; x_wconf 85' lang='lat' dir='ltr'>habeate</span> <span class='ocrx_word' id='word_1_368' title='bbox 1600 2841 1691 2878; x_wconf 83' lang='lat' dir='ltr'>facte</span> <span class='ocrx_word' id='word_1_369' title='bbox 1711 2841 1836 2878; x_wconf 88' lang='lat' dir='ltr'>lettere</span> <span class='ocrx_word' id='word_1_370' title='bbox 1858 2840 1896 2876; x_wconf 91' lang='lat' dir='ltr'>in</span> <span class='ocrx_word' id='word_1_371' title='bbox 1914 2840 2026 2877; x_wconf 87' lang='lat' dir='ltr'>latino</span> <span class='ocrx_word' id='word_1_372' title='bbox 2045 2840 2079 2876; x_wconf 85' lang='lat' dir='ltr'>al</span> 
     </span>
     <span class='ocr_line' id='line_1_34' title="bbox 305 2898 2077 2949; baseline -0.002 -11"><span class='ocrx_word' id='word_1_373' title='bbox 305 2901 393 2938; x_wconf 78' lang='lat' dir='ltr'>Illm⁰</span> <span class='ocrx_word' id='word_1_374' title='bbox 415 2902 519 2938; x_wconf 84' lang='lat' dir='ltr'>State</span> <span class='ocrx_word' id='word_1_375' title='bbox 540 2901 576 2938; x_wconf 89' lang='lat' dir='ltr'>di</span> <span class='ocrx_word' id='word_1_376' title='bbox 596 2901 731 2938; x_wconf 86' lang='lat' dir='ltr'>Milano</span> <span class='ocrx_word' id='word_1_377' title='bbox 757 2906 792 2938; x_wconf 88' lang='lat' dir='ltr'>et</span> <span class='ocrx_word' id='word_1_378' title='bbox 811 2902 955 2938; x_wconf 85' lang='lat' dir='ltr'>excelsa</span> <span class='ocrx_word' id='word_1_379' title='bbox 980 2902 1055 2939; x_wconf 57' lang='grc' dir='ltr'>ΞΜ*</span> <span class='ocrx_word' id='word_1_380' title='bbox 1080 2903 1125 2938; x_wconf 88' lang='lat' dir='ltr'>de</span> <span class='ocrx_word' id='word_1_381' title='bbox 1144 2901 1329 2949; x_wconf 87' lang='lat' dir='ltr'>Fiorenza,</span> <span class='ocrx_word' id='word_1_382' title='bbox 1359 2900 1692 2949; x_wconf 85' lang='lat' dir='ltr'>congratulandove</span> <span class='ocrx_word' id='word_1_383' title='bbox 1711 2912 1780 2937; x_wconf 86' lang='lat' dir='ltr'>con</span> <span class='ocrx_word' id='word_1_384' title='bbox 1805 2900 1881 2936; x_wconf 87' lang='lat' dir='ltr'>loro</span> <span class='ocrx_word' id='word_1_385' title='bbox 1902 2899 1945 2935; x_wconf 87' lang='lat' dir='ltr'>de</span> <span class='ocrx_word' id='word_1_386' title='bbox 1965 2898 2000 2935; x_wconf 89' lang='lat' dir='ltr'>la</span> <span class='ocrx_word' id='word_1_387' title='bbox 2018 2910 2077 2935; x_wconf 84' lang='lat' dir='ltr'>as-</span> 
     </span>
     <span class='ocr_line' id='line_1_35' title="bbox 308 2958 2081 3009; baseline -0.002 -11"><span class='ocrx_word' id='word_1_388' title='bbox 308 2961 512 3009; x_wconf 84' lang='lat' dir='ltr'>sumptione</span> <span class='ocrx_word' id='word_1_389' title='bbox 536 2961 580 2997; x_wconf 91' lang='lat' dir='ltr'>de</span> <span class='ocrx_word' id='word_1_390' title='bbox 606 2972 673 2997; x_wconf 90' lang='lat' dir='ltr'>sua</span> <span class='ocrx_word' id='word_1_391' title='bbox 700 2961 767 2996; x_wconf 78' lang='lat' dir='ltr'>Bne</span> <span class='ocrx_word' id='word_1_392' title='bbox 795 2961 828 2996; x_wconf 91' lang='lat' dir='ltr'>al</span> <span class='ocrx_word' id='word_1_393' title='bbox 854 2965 999 3009; x_wconf 86' lang='lat' dir='ltr'>papato,</span> <span class='ocrx_word' id='word_1_394' title='bbox 1027 2973 1092 3009; x_wconf 87' lang='lat' dir='ltr'>per</span> <span class='ocrx_word' id='word_1_395' title='bbox 1116 2965 1319 2998; x_wconf 86' lang='lat' dir='ltr'>monstrare</span> <span class='ocrx_word' id='word_1_396' title='bbox 1345 2961 1411 2997; x_wconf 90' lang='lat' dir='ltr'>che</span> <span class='ocrx_word' id='word_1_397' title='bbox 1436 2961 1588 2998; x_wconf 87' lang='lat' dir='ltr'>havemo</span> <span class='ocrx_word' id='word_1_398' title='bbox 1618 2958 1859 3008; x_wconf 86' lang='lat' dir='ltr'>grandissimo</span> <span class='ocrx_word' id='word_1_399' title='bbox 1885 2958 2026 3007; x_wconf 86' lang='lat' dir='ltr'>piacere</span> <span class='ocrx_word' id='word_1_400' title='bbox 2047 2958 2081 2995; x_wconf 86' lang='lat' dir='ltr'>la</span> 
     </span>
     <span class='ocr_line' id='line_1_36' title="bbox 308 3018 2077 3068; baseline -0.002 -10"><span class='ocrx_word' id='word_1_401' title='bbox 308 3025 404 3058; x_wconf 87' lang='lat' dir='ltr'>sorte</span> <span class='ocrx_word' id='word_1_402' title='bbox 426 3021 521 3057; x_wconf 80' lang='lat' dir='ltr'>fosse</span> <span class='ocrx_word' id='word_1_403' title='bbox 542 3020 672 3057; x_wconf 84' lang='lat' dir='ltr'>caduta</span> <span class='ocrx_word' id='word_1_404' title='bbox 692 3020 727 3055; x_wconf 89' lang='lat' dir='ltr'>in</span> <span class='ocrx_word' id='word_1_405' title='bbox 749 3019 782 3056; x_wconf 87' lang='lat' dir='ltr'>la</span> <span class='ocrx_word' id='word_1_406' title='bbox 802 3020 861 3056; x_wconf 78' lang='lat' dir='ltr'>Sta</span> <span class='ocrx_word' id='word_1_407' title='bbox 881 3032 966 3065; x_wconf 85' lang='lat' dir='ltr'>sua;</span> <span class='ocrx_word' id='word_1_408' title='bbox 987 3032 1055 3068; x_wconf 88' lang='lat' dir='ltr'>pur</span> <span class='ocrx_word' id='word_1_409' title='bbox 1076 3021 1222 3068; x_wconf 85' lang='lat' dir='ltr'>quando</span> <span class='ocrx_word' id='word_1_410' title='bbox 1242 3032 1315 3057; x_wconf 92' lang='lat' dir='ltr'>non</span> <span class='ocrx_word' id='word_1_411' title='bbox 1335 3020 1369 3057; x_wconf 93' lang='lat' dir='ltr'>lo</span> <span class='ocrx_word' id='word_1_412' title='bbox 1395 3020 1548 3057; x_wconf 82' lang='lat' dir='ltr'>habeate</span> <span class='ocrx_word' id='word_1_413' title='bbox 1566 3019 1661 3056; x_wconf 86' lang='lat' dir='ltr'>facto</span> <span class='ocrx_word' id='word_1_414' title='bbox 1682 3030 1721 3055; x_wconf 87' lang='lat' dir='ltr'>ce</span> <span class='ocrx_word' id='word_1_415' title='bbox 1739 3018 1896 3066; x_wconf 85' lang='lat' dir='ltr'>piaceria</span> <span class='ocrx_word' id='word_1_416' title='bbox 1916 3018 1950 3055; x_wconf 94' lang='lat' dir='ltr'>lo</span> <span class='ocrx_word' id='word_1_417' title='bbox 1969 3018 2077 3055; x_wconf 88' lang='lat' dir='ltr'>fecis-</span> 
     </span>
     <span class='ocr_line' id='line_1_37' title="bbox 308 3077 2082 3126; baseline -0.001 -10"><span class='ocrx_word' id='word_1_418' title='bbox 308 3092 390 3117; x_wconf 90' lang='lat' dir='ltr'>sero</span> <span class='ocrx_word' id='word_1_419' title='bbox 410 3080 454 3116; x_wconf 89' lang='lat' dir='ltr'>de</span> <span class='ocrx_word' id='word_1_420' title='bbox 475 3079 680 3117; x_wconf 88' lang='lat' dir='ltr'>continente</span> <span class='ocrx_word' id='word_1_421' title='bbox 703 3094 737 3118; x_wconf 82' lang='grc'>».</span> <span class='ocrx_word' id='word_1_422' title='bbox 758 3080 808 3115; x_wconf 92' lang='lat' dir='ltr'>Le</span> <span class='ocrx_word' id='word_1_423' title='bbox 834 3079 887 3115; x_wconf 91' lang='lat' dir='ltr'>roi</span> <span class='ocrx_word' id='word_1_424' title='bbox 914 3078 1122 3115; x_wconf 89' lang='lat' dir='ltr'>Ferdinand</span> <span class='ocrx_word' id='word_1_425' title='bbox 1149 3080 1273 3118; x_wconf 84' lang='lat' dir='ltr'>faisait</span> <span class='ocrx_word' id='word_1_426' title='bbox 1292 3083 1415 3117; x_wconf 82' lang='lat' dir='ltr'>contre</span> <span class='ocrx_word' id='word_1_427' title='bbox 1433 3080 1574 3116; x_wconf 89' lang='lat' dir='ltr'>fortune</span> <span class='ocrx_word' id='word_1_428' title='bbox 1594 3078 1665 3114; x_wconf 89' lang='lat' dir='ltr'>bon</span> <span class='ocrx_word' id='word_1_429' title='bbox 1692 3088 1792 3113; x_wconf 86' lang='lat' dir='ltr'>coeur</span> <span class='ocrx_word' id='word_1_430' title='bbox 1810 3082 1845 3114; x_wconf 89' lang='lat' dir='ltr'>et</span> <span class='ocrx_word' id='word_1_431' title='bbox 1869 3077 2082 3126; x_wconf 85' lang='lat' dir='ltr'>applaudis-</span> 
     </span>
     <span class='ocr_line' id='line_1_38' title="bbox 309 3137 2080 3188; baseline -0.001 -11"><span class='ocrx_word' id='word_1_432' title='bbox 309 3140 378 3177; x_wconf 90' lang='lat' dir='ltr'>sait</span> <span class='ocrx_word' id='word_1_433' title='bbox 397 3142 418 3177; x_wconf 80' lang='lat' dir='ltr'>a</span> <span class='ocrx_word' id='word_1_434' title='bbox 437 3151 507 3176; x_wconf 92' lang='lat' dir='ltr'>une</span> <span class='ocrx_word' id='word_1_435' title='bbox 527 3139 682 3176; x_wconf 78' lang='lat' dir='ltr'>election</span> <span class='ocrx_word' id='word_1_436' title='bbox 709 3142 729 3175; x_wconf 77' lang='lat' dir='ltr'>a</span> <span class='ocrx_word' id='word_1_437' title='bbox 748 3138 904 3187; x_wconf 85' lang='lat' dir='ltr'>laquelle</span> <span class='ocrx_word' id='word_1_438' title='bbox 923 3138 948 3174; x_wconf 92' lang='lat' dir='ltr'>il</span> <span class='ocrx_word' id='word_1_439' title='bbox 969 3138 1089 3175; x_wconf 76' lang='lat' dir='ltr'>s&#39;etait</span> <span class='ocrx_word' id='word_1_440' title='bbox 1108 3140 1407 3188; x_wconf 80' lang='lat' dir='ltr'>energiquement</span> <span class='ocrx_word' id='word_1_441' title='bbox 1426 3141 1564 3187; x_wconf 74' lang='lat' dir='ltr'>oppose</span> <span class='ocrx_word' id='word_1_442' title='bbox 1582 3151 1591 3184; x_wconf 87' lang='lat'>;</span> <span class='ocrx_word' id='word_1_443' title='bbox 1611 3137 1703 3174; x_wconf 86' lang='lat' dir='ltr'>mais</span> <span class='ocrx_word' id='word_1_444' title='bbox 1725 3137 1757 3173; x_wconf 88' lang='lat' dir='ltr'>le</span> <span class='ocrx_word' id='word_1_445' title='bbox 1776 3149 1869 3185; x_wconf 85' lang='lat' dir='ltr'>pape</span> <span class='ocrx_word' id='word_1_446' title='bbox 1888 3139 1972 3174; x_wconf 90' lang='lat' dir='ltr'>n&#39;en</span> <span class='ocrx_word' id='word_1_447' title='bbox 1993 3138 2080 3176; x_wconf 76' lang='lat' dir='ltr'>etait</span> 
     </span>
     <span class='ocr_line' id='line_1_39' title="bbox 305 3197 2080 3248; baseline -0.001 -12"><span class='ocrx_word' id='word_1_448' title='bbox 305 3211 372 3248; x_wconf 86' lang='lat' dir='ltr'>pas</span> <span class='ocrx_word' id='word_1_449' title='bbox 393 3199 500 3247; x_wconf 88' lang='lat' dir='ltr'>dupe.</span> <span class='ocrx_word' id='word_1_450' title='bbox 523 3199 615 3247; x_wconf 80' lang='lat' dir='ltr'>Voy.</span> <span class='ocrx_word' id='word_1_451' title='bbox 640 3198 896 3244; x_wconf 86' lang='lat' dir='ltr'>Guicciardini,</span> <span class='ocrx_word' id='word_1_452' title='bbox 912 3199 1000 3234; x_wconf 81' lang='lat' dir='ltr'>Dell’</span> <span class='ocrx_word' id='word_1_453' title='bbox 1013 3200 1145 3234; x_wconf 75' lang='lat' dir='ltr'>[storia</span> <span class='ocrx_word' id='word_1_454' title='bbox 1166 3199 1323 3241; x_wconf 71' lang='lat' dir='ltr'>d&#39;Italia,</span> <span class='ocrx_word' id='word_1_455' title='bbox 1341 3211 1426 3237; x_wconf 87' lang='lat' dir='ltr'>ann.</span> <span class='ocrx_word' id='word_1_456' title='bbox 1445 3199 1550 3244; x_wconf 89' lang='lat'>1492,</span> <span class='ocrx_word' id='word_1_457' title='bbox 1564 3197 1589 3234; x_wconf 95' lang='lat' dir='ltr'>l.</span> <span class='ocrx_word' id='word_1_458' title='bbox 1606 3198 1635 3234; x_wconf 93' lang='lat' dir='ltr'>I.</span> <span class='ocrx_word' id='word_1_459' title='bbox 1654 3217 1700 3224; x_wconf 87' lang='lat'><em>-</em></span> <span class='ocrx_word' id='word_1_460' title='bbox 1714 3197 1943 3245; x_wconf 87' lang='lat' dir='ltr'>Desjardins,</span> <span class='ocrx_word' id='word_1_461' title='bbox 1964 3199 2080 3244; x_wconf 67' lang='grc' dir='ltr'><em>Νέῃο-</em></span> 
     </span>
     <span class='ocr_line' id='line_1_40' title="bbox 306 3258 1509 3307; baseline -0.001 -12"><span class='ocrx_word' id='word_1_462' title='bbox 306 3260 459 3296; x_wconf 79' lang='lat' dir='ltr'>ciations</span> <span class='ocrx_word' id='word_1_463' title='bbox 473 3260 623 3306; x_wconf 83' lang='lat' dir='ltr'>diplom.</span> <span class='ocrx_word' id='word_1_464' title='bbox 646 3260 689 3296; x_wconf 84' lang='lat' dir='ltr'>de</span> <span class='ocrx_word' id='word_1_465' title='bbox 709 3261 744 3296; x_wconf 81' lang='lat' dir='ltr'>la</span> <span class='ocrx_word' id='word_1_466' title='bbox 763 3261 898 3296; x_wconf 78' lang='lat' dir='ltr'>France</span> <span class='ocrx_word' id='word_1_467' title='bbox 917 3270 1000 3295; x_wconf 82' lang='lat' dir='ltr'>avec</span> <span class='ocrx_word' id='word_1_468' title='bbox 1019 3260 1053 3295; x_wconf 78' lang='lat' dir='ltr'>la</span> <span class='ocrx_word' id='word_1_469' title='bbox 1077 3260 1242 3301; x_wconf 74' lang='lat' dir='ltr'>Toscane,</span> <span class='ocrx_word' id='word_1_470' title='bbox 1265 3263 1291 3296; x_wconf 92' lang='lat' dir='ltr'>t.</span> <span class='ocrx_word' id='word_1_471' title='bbox 1316 3260 1344 3304; x_wconf 94' lang='lat' dir='ltr'>I,</span> <span class='ocrx_word' id='word_1_472' title='bbox 1367 3270 1403 3307; x_wconf 92' lang='lat' dir='ltr'>p.</span> <span class='ocrx_word' id='word_1_473' title='bbox 1425 3258 1509 3295; x_wconf 84' lang='lat'>434.</span> 
     </span>
    </p>

    <p class='ocr_par' dir='ltr' id='par_1_5' title="bbox 304 3316 2080 3544">
     <span class='ocr_line' id='line_1_41' title="bbox 351 3316 2078 3364; baseline -0.001 -9"><span class='ocrx_word' id='word_1_474' title='bbox 351 3319 387 3356; x_wconf 81' lang='lat'>2.</span> <span class='ocrx_word' id='word_1_475' title='bbox 415 3318 466 3354; x_wconf 85' lang='lat' dir='ltr'>La</span> <span class='ocrx_word' id='word_1_476' title='bbox 486 3318 629 3355; x_wconf 88' lang='lat' dir='ltr'>retraite</span> <span class='ocrx_word' id='word_1_477' title='bbox 649 3319 698 3354; x_wconf 87' lang='lat' dir='ltr'>du</span> <span class='ocrx_word' id='word_1_478' title='bbox 723 3317 880 3354; x_wconf 83' lang='lat' dir='ltr'>cardinal</span> <span class='ocrx_word' id='word_1_479' title='bbox 899 3317 1018 3354; x_wconf 90' lang='lat' dir='ltr'>Julien</span> <span class='ocrx_word' id='word_1_480' title='bbox 1038 3318 1082 3353; x_wconf 81' lang='lat' dir='ltr'>(le</span> <span class='ocrx_word' id='word_1_481' title='bbox 1103 3317 1136 3352; x_wconf 88' lang='lat' dir='ltr'>la</span> <span class='ocrx_word' id='word_1_482' title='bbox 1156 3318 1296 3354; x_wconf 77' lang='lat' dir='ltr'>Revere</span> <span class='ocrx_word' id='word_1_483' title='bbox 1323 3317 1410 3354; x_wconf 80' lang='lat' dir='ltr'>etait</span> <span class='ocrx_word' id='word_1_484' title='bbox 1429 3316 1462 3353; x_wconf 90' lang='lat' dir='ltr'>la</span> <span class='ocrx_word' id='word_1_485' title='bbox 1487 3318 1739 3364; x_wconf 78' lang='lat' dir='ltr'>consequence</span> <span class='ocrx_word' id='word_1_486' title='bbox 1766 3329 1925 3364; x_wconf 84' lang='lat' dir='ltr'>presque</span> <span class='ocrx_word' id='word_1_487' title='bbox 1959 3318 2078 3354; x_wconf 73' lang='lat' dir='ltr'>forcee</span> 
     </span>
     <span class='ocr_line' id='line_1_42' title="bbox 306 3375 2080 3425; baseline -0.001 -12"><span class='ocrx_word' id='word_1_488' title='bbox 306 3377 350 3414; x_wconf 88' lang='lat' dir='ltr'>de</span> <span class='ocrx_word' id='word_1_489' title='bbox 370 3377 545 3415; x_wconf 75' lang='lat' dir='ltr'>l’election</span> <span class='ocrx_word' id='word_1_490' title='bbox 571 3378 620 3414; x_wconf 89' lang='lat' dir='ltr'>du</span> <span class='ocrx_word' id='word_1_491' title='bbox 643 3377 952 3415; x_wconf 86' lang='lat' dir='ltr'>viee-chancelier.</span> <span class='ocrx_word' id='word_1_492' title='bbox 983 3377 1095 3414; x_wconf 72' lang='lat' dir='ltr'>Grace</span> <span class='ocrx_word' id='word_1_493' title='bbox 1121 3389 1166 3413; x_wconf 89' lang='lat' dir='ltr'>au</span> <span class='ocrx_word' id='word_1_494' title='bbox 1192 3377 1306 3414; x_wconf 80' lang='lat' dir='ltr'>credit</span> <span class='ocrx_word' id='word_1_495' title='bbox 1335 3377 1555 3425; x_wconf 83' lang='lat' dir='ltr'>d&#39;Ascagne,</span> <span class='ocrx_word' id='word_1_496' title='bbox 1583 3375 1787 3413; x_wconf 87' lang='lat' dir='ltr'>l&#39;inssuence</span> <span class='ocrx_word' id='word_1_497' title='bbox 1817 3376 2006 3414; x_wconf 82' lang='lat' dir='ltr'>milanaise</span> <span class='ocrx_word' id='word_1_498' title='bbox 2027 3376 2080 3413; x_wconf 83' lang='lat' dir='ltr'>fut</span> 
     </span>
     <span class='ocr_line' id='line_1_43' title="bbox 304 3435 2078 3485; baseline -0.001 -12"><span class='ocrx_word' id='word_1_499' title='bbox 304 3437 613 3485; x_wconf 84' lang='lat' dir='ltr'>toute-puissante</span> <span class='ocrx_word' id='word_1_500' title='bbox 639 3440 660 3474; x_wconf 78' lang='lat' dir='ltr'>a</span> <span class='ocrx_word' id='word_1_501' title='bbox 685 3437 718 3474; x_wconf 87' lang='lat' dir='ltr'>la</span> <span class='ocrx_word' id='word_1_502' title='bbox 743 3449 829 3474; x_wconf 87' lang='lat' dir='ltr'>cour</span> <span class='ocrx_word' id='word_1_503' title='bbox 858 3437 902 3474; x_wconf 87' lang='lat' dir='ltr'>de</span> <span class='ocrx_word' id='word_1_504' title='bbox 928 3437 1056 3474; x_wconf 86' lang='lat' dir='ltr'>Rome.</span> <span class='ocrx_word' id='word_1_505' title='bbox 1084 3436 1176 3484; x_wconf 80' lang='lat' dir='ltr'>Voy.</span> <span class='ocrx_word' id='word_1_506' title='bbox 1206 3439 1226 3473; x_wconf 75' lang='lat' dir='ltr'>a</span> <span class='ocrx_word' id='word_1_507' title='bbox 1255 3436 1480 3484; x_wconf 86' lang='lat' dir='ltr'>l&#39;appendice</span> <span class='ocrx_word' id='word_1_508' title='bbox 1513 3437 1583 3484; x_wconf 69' lang='lat' dir='ltr'>(n0²³</span> <span class='ocrx_word' id='word_1_509' title='bbox 1610 3436 1724 3484; x_wconf 87' lang='lat'>7-13)‚</span> <span class='ocrx_word' id='word_1_510' title='bbox 1754 3436 1806 3472; x_wconf 82' lang='lat' dir='ltr'>les</span> <span class='ocrx_word' id='word_1_511' title='bbox 1834 3435 2013 3483; x_wconf 74' lang='lat' dir='ltr'>depeches</span> <span class='ocrx_word' id='word_1_512' title='bbox 2034 3436 2078 3471; x_wconf 85' lang='lat' dir='ltr'>de</span> 
     </span>
     <span class='ocr_line' id='line_1_44' title="bbox 307 3493 2078 3544; baseline -0.002 -13"><span class='ocrx_word' id='word_1_513' title='bbox 307 3496 591 3534; x_wconf 84' lang='lat' dir='ltr'>l&#39;ambassadeur</span> <span class='ocrx_word' id='word_1_514' title='bbox 610 3496 728 3534; x_wconf 84' lang='lat' dir='ltr'>Valori</span> <span class='ocrx_word' id='word_1_515' title='bbox 748 3498 812 3533; x_wconf 82' lang='lat' dir='ltr'>des</span> <span class='ocrx_word' id='word_1_516' title='bbox 835 3497 892 3542; x_wconf 77' lang='lat'>16,</span> <span class='ocrx_word' id='word_1_517' title='bbox 913 3498 973 3537; x_wconf 82' lang='lat'>20,</span> <span class='ocrx_word' id='word_1_518' title='bbox 994 3497 1054 3540; x_wconf 87' lang='lat'>22,</span> <span class='ocrx_word' id='word_1_519' title='bbox 1076 3497 1135 3542; x_wconf 82' lang='lat'>26,</span> <span class='ocrx_word' id='word_1_520' title='bbox 1156 3497 1202 3533; x_wconf 88' lang='grc'>29</span> <span class='ocrx_word' id='word_1_521' title='bbox 1217 3495 1371 3544; x_wconf 82' lang='lat' dir='ltr'>janvier‚</span> <span class='ocrx_word' id='word_1_522' title='bbox 1395 3500 1429 3532; x_wconf 83' lang='lat' dir='ltr'>et</span> <span class='ocrx_word' id='word_1_523' title='bbox 1443 3495 1529 3531; x_wconf 79' lang='lat' dir='ltr'>celle</span> <span class='ocrx_word' id='word_1_524' title='bbox 1551 3496 1599 3532; x_wconf 92' lang='lat' dir='ltr'>du</span> <span class='ocrx_word' id='word_1_525' title='bbox 1620 3497 1639 3531; x_wconf 84' lang='lat'>4</span> <span class='ocrx_word' id='word_1_526' title='bbox 1661 3494 1908 3534; x_wconf 57' lang='lat' dir='ltr'>sevrier1493.</span> <span class='ocrx_word' id='word_1_527' title='bbox 1931 3497 1967 3530; x_wconf 87' lang='lat' dir='ltr'>et</span> <span class='ocrx_word' id='word_1_528' title='bbox 1986 3493 2078 3529; x_wconf 83' lang='lat' dir='ltr'>dans</span> 
     </span>
    </p>
   </div>
  </div>
 </body>
</html>
