2222 3926
144 316 367 357 [Aout1496]
583 314 754 352 RERUM
787 313 1091 351 URBANARUM
1123 315 1473 354 COMMENTARH.
1854 320 1927 356 319

143 418 239 467 dixi
266 418 551 468 abusionem
572 434 600 467 a
625 418 792 482 paucis
811 418 948 467 annis
976 419 1094 467 Sixti
1117 418 1274 482 quarti
1305 418 1600 482 temporibus
1629 419 1749 467 citra
1772 420 1929 470 intro-

145 504 360 554 ductam.

209 593 259 637 In
282 589 479 638 nomine
501 594 635 638 sante
658 595 705 639 et
724 588 966 637 individue
988 587 1250 648 Trinitatis,
1275 586 1430 636 Patris
1453 590 1501 635 et
1522 586 1626 634 Filii
1648 591 1696 636 et
1716 587 1927 652 Spiritus

144 674 323 723 Sancti.
338 673 413 722 Ad
429 673 624 722 laudem
642 678 689 722 et
704 673 906 738 gloriam
928 688 1013 736 sue
1025 672 1182 721 divine
1198 671 1467 735 maJestatis
1483 676 1530 720 et
1546 686 1747 720 romane
1764 672 1931 722 Eccle-

146 757 214 805 sie
231 757 423 805 felicem
447 762 495 805 et
516 773 802 821 prosperum
823 772 1121 816 successum,
1146 759 1313 804 Rmus.
1332 755 1382 803 in
1401 754 1591 804 Christo
1614 757 1666 803 P.
1692 758 1741 804 et
1761 757 1818 804 D.
1839 771 1930 803 sua

141 841 300 888 divina
318 840 630 890 miseratione
646 842 769 890 tituli
787 847 952 890 sancte
969 841 1132 889 Crucis
1148 841 1197 888 in
1213 840 1533 899 Hierusalem,
1553 840 1808 904 presbyter
1825 855 1928 888 car-

144 924 315 973 dinalis
335 924 650 989 Saguntinus,
674 925 965 975 sanctissimi
983 926 1032 973 in
1051 924 1241 975 Christo
1261 927 1312 973 P.
1338 928 1386 973 et
1404 927 1461 972 D.
1484 925 1542 972 N.
1568 926 1624 971 D.
1645 923 1926 982 Alexandri,

144 1007 302 1056 divina
324 1008 627 1072 providentia
643 1025 766 1074 pape
786 1011 870 1069 Vl,
893 1025 949 1058 ac
971 1026 1009 1058 s.
1037 1009 1174 1058 Sedis
1197 1008 1462 1072 apostolice
1481 1007 1542 1055 ad
1560 1006 1930 1056 serenissimum

144 1107 312 1156 regem
340 1095 669 1141 Romanorum
690 1108 777 1156 per
798 1093 1003 1151 ltaliam,
1036 1092 1345 1141 Germaniam
1368 1095 1415 1140 et
1436 1106 1721 1155 quecunque
1741 1091 1851 1140 loca
1870 1091 1931 1140 ad

145 1191 237 1239 que
270 1175 527 1225 declinavit
557 1177 746 1241 legatus
779 1168 1041 1235 de'latere,
1079 1193 1166 1241 pro
1200 1176 1390 1235 ordine,
1429 1175 1575 1224 modo
1609 1179 1656 1223 et
1692 1175 1849 1223 forma
1880 1175 1930 1222 in

147 1261 460 1324 expediendis
485 1260 882 1309 concessionibus
904 1266 950 1309 et
974 1260 1141 1324 gratiis
1168 1276 1257 1324 per
1281 1258 1739 1309 reverendissimam
1769 1259 1930 1308 Domi-

146 1345 393 1394 nationem
416 1361 553 1393 suam
578 1345 923 1404 concedendis,
950 1345 1014 1393 ad
1042 1343 1398 1408 beneplacitum
1419 1357 1562 1390 suum
1591 1342 1724 1402 fecit,
1751 1343 1930 1391 creavit

146 1432 194 1475 et
227 1427 462 1475 ordinavit
495 1427 727 1476 officiales
760 1427 1091 1490 infrascriptos
1124 1427 1174 1474 in
1211 1425 1401 1474 civitate
1437 1425 1817 1489 Fulgineatensi,
1851 1427 1928 1475 die

143 1511 389 1570 mercurii,
410 1515 436 1560 3
453 1512 635 1559 mensis
654 1511 862 1576 augusti,
882 1526 1008 1560 anno
1032 1511 1081 1558 in
1105 1510 1351 1559 nativitate
1370 1512 1428 1558 D.
1450 1512 1506 1559 N.
1524 1513 1545 1558 J
1557 1547 1566 1558 .
1589 1509 1764 1558 Christi
1785 1513 1925 1570 1496,

142 1594 453 1657 pontificatus
474 1594 648 1659 prefati
672 1597 756 1645 SS.
783 1597 839 1643 D.
865 1597 921 1643 N.
946 1611 1069 1660 pape
1090 1610 1217 1643 anno
1240 1599 1429 1658 quarto.

206 1678 413 1728 Nomina
432 1694 545 1727 vero
568 1679 849 1727 officialium
870 1679 1199 1744 predictorum
1221 1682 1505 1742 sequuntur,
1531 1682 1579 1727 et
1600 1681 1711 1727 sunt
1730 1678 1822 1728 hec
1849 1693 1858 1726 :

207 1765 259 1810 ln
290 1762 460 1825 primis
493 1762 687 1825 quidem
718 1763 970 1812 constituit
998 1768 1047 1812 et
1077 1763 1320 1827 deputavit
1352 1766 1539 1827 septem
1569 1762 1928 1813 referendarios

140 1845 222 1909 qui
263 1844 474 1893 habeant
515 1846 697 1894 referre
741 1846 1067 1895 Dominationi
1113 1863 1196 1896 sue
1239 1846 1644 1896 reverendissime
1690 1847 1929 1911 supplica-

142 1929 316 1988 tiones,
343 1944 434 1992 que
460 1944 547 1992 per
567 1929 725 1993 ipsum
748 1930 1207 1980 reverendissimum
1235 1933 1294 1979 D.
1325 1933 1562 1994 Legatum
1588 1930 1929 1994 significabun-

143 2019 238 2075 tur,
270 2015 493 2064 videlicet
526 2033 534 2062 :
568 2018 664 2063 RR.
696 2015 745 2062 in
773 2014 1077 2079 Christo4PP.
1110 2018 1289 2063 Lucam
1314 2013 1706 2077 Fulginatensem
1738 2018 1784 2063 et
1818 2014 1928 2067 Hie-

140 2099 342 2148 remiam
375 2099 784 2147 Assisinatensem
816 2099 1071 2163 episcopos
1099 2115 1155 2147 ac
1191 2102 1247 2147 R.
1280 2101 1336 2146 D.
1374 2097 1612 2146 Achillem
1646 2098 1706 2146 de
1740 2098 1925 2146 Grassis

140 2183 312 2247 prefati
342 2185 426 2231 SS.
459 2186 516 2231 D.
549 2185 607 2231 N.
640 2185 768 2247 Pape
803 2183 1107 2247 capellanum
1134 2188 1181 2231 et
1209 2183 1330 2231 sacri
1350 2181 1514 2246 palatii
1541 2181 1792 2246 apostolici
1817 2198 1927 2231 cau-

140 2282 302 2315 sarum
321 2266 609 2325 auditorem,
635 2270 682 2315 et
704 2267 1002 2316 venerabiles
1034 2272 1081 2316 et
1110 2267 1490 2332 circumspectos
1518 2266 1642 2315 viros
1662 2266 1924 2314 Antonium

138 2351 198 2399 de
219 2350 480 2410 LeonibuS,
508 2350 794 2399 advocatum
817 2351 1224 2411 consistorialem,
1249 2367 1307 2399 ac
1328 2350 1641 2399 Franciscum
1663 2349 1722 2397 de
1751 2352 1925 2398 Parma

139 2434 198 2483 de
239 2434 411 2499 majori
452 2434 765 2498 presidentia,
805 2435 1056 2484 literarum
1096 2436 1470 2500 apostolicarum
1515 2433 1916 2494 abbreviatorem,

139 2520 444 2568 decretorum
465 2520 736 2579 doctorem,
761 2524 809 2569 et
829 2520 1118 2569 Rodericum
1143 2520 1203 2568 de
1224 2519 1441 2578 Ciochia,
1466 2518 1753 2568 canonicum
1773 2519 1923 2581 Sego-

135 2603 376 2662 biensem‚
401 2608 448 2652 et
469 2603 615 2652 etiam
636 2604 888 2652 doctorem
910 2604 1238 2653 decretorum.

200 2689 321 2736 Item
343 2686 580 2735 ordinavit
609 2690 664 2734 R.
696 2690 754 2735 D.
785 2688 1043 2736 Martinum
1066 2688 1126 2737 de
1145 2687 1335 2751 Apulia,
1362 2686 1748 2751 protonotarium
1780 2701 1920 2751 apos-

136 2770 333 2819 tolicum
367 2775 415 2820 et
453 2786 588 2820 sacre
620 2772 864 2836 theologie
898 2772 1200 2837 magistrum,
1235 2770 1473 2819 datarium
1510 2767 1918 2834 supplicationum

135 2870 223 2918 per
253 2855 412 2918 ipsum
440 2858 633 2902 Rmum.
659 2858 716 2903 D.
746 2856 960 2919 legatum
986 2857 1036 2904 in
1063 2856 1225 2905 officio
1250 2853 1506 2918 legationis
1537 2842 1823 2917 hujusmodi
1853 2852 1918 2899 si-

139 2936 458 2999 gnandarum.

201 3022 322 3068 Item
345 3022 592 3071 constituit
613 3022 849 3071 tredecim
879 3021 1262 3080 abbreviatores3
1293 3037 1463 3082 unum,
1496 3020 1718 3070 videlicet
1739 3020 1797 3068 de
1818 3035 1918 3067 ma-

128 3102 225 3166 jori
264 3105 576 3167 presidentia,
618 3106 802 3154 scilicet
837 3106 1076 3170 prefatum
1114 3108 1170 3153 D.
1208 3105 1520 3153 Franciscum
1557 3105 1616 3153 de
1651 3108 1825 3152 Parma
1856 3103 1914 3150 de

135 3201 281 3250 parco
323 3188 510 3251 majori,
553 3205 610 3236 ac
647 3189 804 3253 prima
840 3189 1023 3238 visione
1063 3188 1340 3247 duodecim,
1381 3187 1605 3236 videlicet
1642 3186 1914 3251 predictum

132 3260 394 3319 Antonium
435 3271 494 3319 de
532 3272 791 3333 Leonibus,
838 3277 894 3321 D.
936 3273 1235 3322 Clementem
1275 3272 1333 3319 de
1377 3270 1510 3318 Frias
1557 3270 1913 3318 thesaurarium

137 3354 343 3402 ecclesie
375 3354 621 3414 PacensiS,
656 3356 917 3405 Sancinum
939 3356 999 3405 de
1027 3359 1193 3415 Azara,
1224 3353 1515 3403 canonicum
1543 3355 1910 3409 Granatensem,

137 3437 196 3487 de
217 3438 431 3503 Carvajal
451 3443 498 3487 et
527 3438 829 3503 Alphonsum
850 3440 994 3489 etiam
1018 3440 1077 3489 de
1100 3438 1329 3501 Carvajal,
1354 3436 1557 3485 clericos
1588 3435 1908 3491 Placentiam,
