2248 3906
172 335 460 378 [Octobre1497]
624 332 793 371 RERUM
825 329 1129 369 URBANARUM
1161 329 1512 369 COMMENTARH.
1891 336 1956 372 411

175 437 391 502 palmum
414 451 560 502 supra
579 450 755 501 genua,
776 449 873 483 uno
899 448 1016 498 paro
1059 433 1328 497 caligarum
1355 432 1614 482 coraminis
1648 434 1959 499 grossissimi‚

177 521 366 586 gabano
393 520 453 570 de
483 535 644 585 panno
675 518 808 567 viridi
839 518 986 582 longo
1018 517 1079 566 ad
1112 521 1295 566 terram
1319 517 1394 566 vel
1420 517 1576 582 quasi,
1614 534 1783 582 grosso
1817 518 1964 567 etiam

178 605 421 670 duplicato
450 608 498 653 et
526 604 704 653 birreto
733 603 877 668 duplo
905 602 1014 651 albo
1039 607 1086 651 et
1110 617 1306 666 gross03
1335 605 1383 651 et
1412 602 1522 652 data
1544 602 1634 651 sibi
1662 602 1711 651 in
1743 602 1964 652 manibus

180 689 334 753 figura
367 693 413 737 et
444 688 604 753 imago
632 686 848 738 crucifixi
876 686 991 736 satis
1020 702 1215 751 magna,
1244 686 1378 751 ligno
1397 687 1549 736 incisa
1575 691 1623 736 et
1645 686 1774 735 cruci
1801 686 1961 736 affixa.

180 772 354 836 Sicque
374 772 590 832 vestituS,
613 771 783 821 ductus
806 771 865 819 de
888 786 1082 819 camera
1104 770 1155 818 in
1179 786 1274 834 qua
1299 787 1451 835 usque
1475 776 1591 820 tunc
1611 771 1839 820 detentus
1858 770 1967 820 fue-

180 859 255 905 rat
279 855 340 904 ad
365 855 528 905 locum
556 855 801 920 sepulture
829 853 1025 903 Adriani
1057 854 1383 918 imperatoriS,
1409 854 1755 904 Sammarocho
1782 870 1969 904 nuncu-

180 945 347 1005 patum
365 939 450 1002 (1),
475 955 562 1004 pro
591 938 841 1003 perpetuis
868 938 1142 986 carceribus
1164 938 1254 987 sibi
1283 938 1591 1003 deputatum3
1615 939 1663 987 in
1685 954 1779 1003 quo
1800 943 1968 1003 parata

183 1024 271 1072 fuit
285 1023 375 1072 sibi
391 1023 565 1073 lectica
582 1038 642 1072 ex
655 1022 847 1080 tabuliS,
866 1036 1002 1070 more
1019 1021 1160 1070 solito
1176 1022 1462 1087 composita,
1481 1038 1594 1072 cum
1611 1022 1810 1072 testeria
1828 1027 1972 1088 caput

186 1107 247 1155 ad
277 1106 563 1156 humiditate
599 1105 725 1154 muri
756 1107 1062 1169 precavente,
1103 1109 1151 1153 et
1178 1104 1386 1169 desuper
1410 1105 1596 1170 positus
1622 1105 1891 1170 paliaritius
1923 1110 1972 1156 et

187 1190 494 1240 mataratium
521 1205 631 1239 cum
661 1188 849 1237 duobus
875 1187 1095 1236 sclavinis
1124 1192 1172 1236 et
1200 1188 1364 1236 datum
1391 1188 1480 1237 sibi
1512 1188 1800 1251 breviarum,
1824 1189 1975 1238 biblia

189 1281 238 1325 et
267 1274 470 1340 epistole
504 1290 544 1322 S.
575 1271 720 1322 Petri.
750 1274 871 1320 Item
901 1285 1052 1319 unum
1078 1269 1230 1319 barile
1260 1286 1402 1335 aque,
1433 1275 1533 1320 tres
1566 1272 1784 1337 cachiate
1812 1272 1969 1337 panis,

189 1373 338 1407 unum
355 1356 524 1407 bocale
547 1355 642 1404 olei
655 1358 702 1403 et
719 1354 919 1402 lucerna
934 1368 1023 1418 pro
1037 1353 1221 1402 lumine
1237 1354 1592 1414 conservand03
1609 1355 1792 1405 ibidem
1814 1355 1973 1404 inclu-

192 1458 273 1491 sus
302 1440 461 1506 quoad
491 1439 660 1489 vixerit
686 1454 1052 1504 permansurus.
1081 1437 1364 1486 Ordinatum
1392 1443 1440 1488 et
1465 1439 1749 1488 mandatum
1772 1438 1863 1487 fuit
1889 1455 1978 1507 per

193 1527 278 1573 SS.
310 1526 367 1572 D.
393 1526 630 1582 nostrum,
660 1524 713 1570 ut
739 1520 971 1581 intellexi,
1005 1520 1134 1585 quod
1154 1517 1357 1585 singulis
1379 1521 1548 1571 diebus
1573 1523 1648 1572 vel
1674 1523 1826 1572 tribus
1844 1523 1976 1572 idem

193 1607 405 1658 inclusus
426 1622 514 1672 per
533 1605 850 1655 castellanum
862 1604 976 1653 dicti
989 1605 1134 1653 castri
1153 1604 1251 1654 sive
1273 1605 1376 1670 ejus
1393 1606 1590 1656 nomine
1610 1607 1904 1667 visitaretur,
1930 1612 1979 1656 et

193 1691 332 1758 panis
369 1695 418 1741 et
451 1707 576 1755 aqua
607 1705 696 1755 pro
721 1689 850 1738 victu
879 1692 926 1738 et
952 1689 1114 1738 oleum
1146 1705 1233 1754 pro
1265 1688 1446 1738 lumine
1477 1690 1569 1738 sibi
1599 1690 1975 1741 ministraretur.

197 1775 515 1840 Omnipotens
549 1777 680 1823 Deus
713 1773 844 1821 omni
885 1773 1222 1822 misericordia
1260 1777 1308 1822 et
1338 1773 1517 1838 pietate
1547 1775 1693 1838 atque
1722 1775 1983 1824 clementia

195 1859 434 1924 inspirare
465 1858 693 1923 dignetur
720 1857 835 1905 huic
868 1856 1176 1922 pauperrimo
1210 1855 1440 1904 derelicto
1465 1856 1647 1905 donum
1673 1857 1905 1922 patientie
1934 1862 1981 1908 et

199 1944 403 2009 gratiam
427 1942 715 2003 concedere,
740 1941 915 2006 quibus
932 1941 1086 2006 possit
1107 1941 1290 1990 salvare
1311 1940 1521 1989 animam
1543 1942 1705 1990 suam!

267 2028 487 2078 Relatum
509 2026 599 2075 fuit
620 2025 950 2091 superioribus
973 2025 1143 2074 diebus
1166 2026 1250 2073 SS.
1276 2026 1334 2073 D.
1353 2029 1574 2072 nostrum
1592 2023 1793 2089 singulis
1814 2024 1984 2073 diebus

201 2116 256 2162 R.
288 2115 347 2160 D.
376 2111 650 2160 Johannem
682 2109 951 2169 Mat-adum,
983 2109 1193 2159 electum
1219 2108 1515 2168 Tullensem,
1539 2112 1587 2157 et
1614 2110 1672 2157 D.
1698 2111 1895 2158 Petrum
1925 2108 1985 2158 de

202 2195 344 2255 Solis,
372 2194 766 2244 archidiaconum
788 2193 847 2242 de
868 2192 1072 2242 Bacchis
1103 2196 1151 2242 et
1177 2192 1412 2256 quosdam
1442 2192 1560 2241 alios
1592 2191 1852 2242 familiares
1874 2207 1986 2241 suos

202 2279 498 2329 domesticos
519 2278 578 2327 ad
601 2277 874 2343 predictum
897 2280 955 2326 D.
981 2276 1295 2326 Cusentinum
1315 2276 1672 2326 incarceratum
1693 2276 1755 2325 ad
1775 2281 1987 2326 castrum

202 2381 241 2414 S.
263 2363 435 2428 Angeli
450 2362 658 2422 misisse,
674 2362 756 2427 qui
775 2377 940 2411 secum
954 2361 1004 2410 in
1017 2361 1191 2410 tabulis
1207 2365 1255 2411 et
1270 2361 1477 2411 scalchis
1491 2361 1732 2422 luderent,
1749 2377 1806 2411 ac
1824 2361 1985 2426 ipsum

204 2447 597 2496 convenientibus
617 2445 1008 2510 persuasionibus
1028 2445 1311 2495 inducerent
1339 2446 1400 2494 ad
1425 2445 1757 2495 confitendum
1779 2461 1830 2494 se
1851 2445 1991 2509 plura

202 2530 368 2580 brevia
388 2531 492 2580 sine
512 2530 755 2595 pontificis
769 2531 908 2595 jussu
930 2530 1229 2594 expedivisse
1247 2534 1300 2579 ut
1319 2529 1538 2594 pontifex
1558 2545 1645 2594 per
1664 2529 1713 2577 id
1734 2545 1785 2578 se
1808 2529 1866 2578 de
1885 2528 1989 2577 aliis

206 2630 294 2664 suo
321 2615 462 2680 juSsu
495 2614 731 2679 expeditis
764 2629 858 2678 que
891 2629 1057 2678 regem
1081 2618 1128 2663 et
1157 2613 1376 2678 reginam
1407 2613 1746 2678 Hispaniarum
1773 2613 1990 2663 irritave-

205 2702 312 2748 rant
333 2714 388 2748 ac
409 2699 449 2748 si
470 2698 606 2763 quasi
632 2698 714 2747 illo
734 2697 887 2747 inscio
913 2697 1137 2762 expedita
1157 2701 1339 2757 essent,
1362 2701 1642 2757 excusaret;
1671 2697 1801 2761 quod
1821 2697 1860 2746 si
1887 2697 1991 2762 ipse

208 2781 497 2831 Cusentinus
530 2781 579 2830 id
610 2781 816 2842 faceret,
842 2781 1123 2847 pontificem
1156 2796 1269 2830 eum
1301 2780 1620 2829 exaltaturum
1642 2784 1697 2850 ‘et
1726 2779 1992 2845 majoribus

208 2865 381 2914 officiis
402 2868 822 2914 remuneraturum
847 2882 858 2914 ε
885 2864 1167 2930 hujusmodi
1190 2864 1584 2929 persuasionibus
1611 2863 1852 2929 premissa
1877 2878 1996 2912 con-

209 2949 391 2998 fessum
412 2964 519 2998 esse
541 2952 605 3010 et,
629 2949 933 2999 confessione
950 2948 1169 3014 predicta
1188 2964 1276 3014 per
1295 2964 1407 2999 eum
1427 2948 1570 3009 facta,
1593 2951 1695 2998 DD.
1717 2948 1994 2998 Tullensem

212 3037 260 3081 et
277 3033 396 3081 alios
415 3033 657 3098 predictos
679 3034 740 3083 ad
761 3050 872 3083 eum
892 3049 1140 3098 nunquam
1166 3033 1384 3083 rediisse.

278 3116 550 3178 Dominica‚
581 3121 641 3166 29
675 3118 905 3179 octobriS,
936 3117 1068 3167 circa
1089 3117 1264 3167 horam
1296 3117 1535 3175 decimam
1565 3121 1805 3182 quartam,
1835 3113 1997 3178 fulgur

263 3291 298 3329 1.
326 3289 375 3326 Le
394 3300 479 3326 nom
499 3293 604 3328 exact
628 3294 686 3328 est
705 3292 779 3329 San
799 3293 974 3330 Maroeco.
1001 3291 1215 3329 Benvenuto
1242 3290 1372 3328 Cellini
1391 3289 1490 3339 pai-le
1512 3289 1557 3325 de
1577 3292 1671 3325 cette
1693 3289 1922 3325 bruttissima
1941 3299 1999 3325 ca-

214 3361 360 3387 verna«
380 3350 450 3396 (il)
470 3350 704 3387 trabocchetto
725 3352 782 3388 del
806 3352 1009 3392 Summam:
1034 3352 1108 3388 cosi
1132 3352 1310 3389 chiamato
1337 3361 1389 3387 un
1416 3351 1521 3395 luogo
1545 3353 1754 3396 parentoso,
1774 3349 1803 3384 il
1825 3348 1930 3396 quale
1953 3359 1998 3384 ne

214 3411 260 3447 ha
280 3410 485 3456 inqhiottiti
502 3411 602 3446 assai
619 3411 692 3447 cosi
712 3412 801 3455 vivi,
824 3411 958 3459 perche?
981 3412 1142 3457 ven'qono
1166 3423 1188 3447 a
1208 3421 1353 3448 cascare
1377 3410 1418 3446 in
1436 3411 1495 3446 ne’
1512 3409 1744 3454 fondamenti
1764 3408 1824 3446 del
1844 3407 1999 3445 Castello

217 3471 283 3517 qiic
300 3471 340 3506 in
358 3480 408 3505 un
423 3479 571 3515 pezza.»
596 3470 682 3507 Vita
701 3470 742 3506 di
763 3472 806 3510 Β.
827 3471 970 3512 Cellini,
992 3470 1017 3508 1.
1041 3469 1086 3515 11,
1105 3470 1164 3508 ch.
1188 3481 1228 3506 ιι.
