2202 3926
199 307 201 309 V
274 328 338 363 164
873 331 1102 369 JOHANle
1135 333 1428 379 eunomiani,
1843 334 1925 373 [Mai
1948 335 2040 372 1494]

272 433 498 496 episcopo
520 435 768 498 Tropiensi
788 436 1034 499 capellano
1050 437 1233 499 majore
1253 441 1300 483 et
1318 435 1440 491 aliis,
1466 434 1546 495 qui
1571 433 1882 481 ordinationis
1903 451 2042 484 coro-

270 511 476 564 nationis
498 532 664 566 curam
685 518 944 578 habebant,
971 520 1028 567 de
1052 518 1346 582 paramentis
1376 515 1521 578 regiis
1549 515 1766 578 superius
1790 516 2037 577 ordinatis,

270 601 380 664 quia
403 601 580 648 nullam
611 586 974 650 instructionem
1001 601 1244 649 habebant
1266 615 1421 661 neque
1443 598 1654 656 habent;
1678 603 1724 647 et
1746 614 1836 663 ego
1861 615 2042 663 cogno-

268 700 430 731 veram
452 684 605 747 ipsum
629 684 909 747 episcopum
933 689 979 732 et
1004 684 1120 731 alios
1142 698 1240 731 non
1263 682 1442 730 habere
1465 681 1685 730 ordinem
1707 698 1890 741 verum,
1914 683 2041 745 quod

268 783 353 814 rex
374 766 596 813 omnibus
614 767 729 829 ipsis
751 767 1045 814 ornamentis
1067 765 1223 829 parari
1243 765 1458 823 deberet,
1477 765 1590 828 quia
1609 764 1765 812 dictus
1785 765 2039 829 episcopus

266 865 353 912 per
374 848 602 896 ecclesias
625 849 930 911 perquirebat
952 849 1029 895 ubi
1053 864 1192 912 reges
1215 848 1386 912 sculpti
1410 853 1457 895 et
1478 847 1653 911 depicti
1678 853 1832 908 erant,
1859 852 1906 896 et
1926 848 2036 896 inde

268 931 489 980 sumebat
519 931 577 980 de
608 932 899 995 paramentis
931 931 1232 994 exemplum3
1259 930 1343 978 sed
1369 930 1501 978 nulla
1528 945 1610 978 eos
1643 929 1826 979 ratione
1847 930 2038 978 vincere

266 1015 415 1079 potui,
450 1021 502 1062 ut
538 1014 618 1062 illa
654 1015 714 1062 ad
747 1014 1140 1063 convenientiora
1178 1016 1435 1062 mutarent.
1469 1013 1674 1060 Aiebant
1709 1013 1837 1060 enim
1873 1027 2039 1076 regem

267 1098 622 1146 Ferdinandum
650 1098 928 1146 defunctum
951 1098 1184 1146 similibus
1207 1097 1504 1145 ornamentis
1533 1097 1582 1143 in
1617 1112 1703 1144 sua
1729 1095 2038 1143 coronatione

264 1180 410 1228 fuisse
452 1196 592 1228 usum
640 1185 687 1228 et
731 1196 819 1244 per
858 1180 1100 1244 quoddam
1146 1185 1413 1229 extractum
1460 1180 1636 1228 nullius
1683 1180 2040 1245 approbationis

265 1264 602 1322 ostendebant,
627 1264 753 1327 quod
775 1264 823 1311 in
845 1252 1123 1328 hujusmodi
1145 1263 1441 1312 ornamentis
1466 1278 1606 1326 reges
1630 1263 1870 1326 Aragonie
1892 1263 2041 1311 debe-

266 1351 371 1395 rent
394 1347 633 1395 coronari.
659 1347 885 1395 Nonnulli
918 1348 1063 1396 etiam
1095 1336 1406 1396 asseruerunt
1441 1347 1569 1410 quod
1601 1346 1729 1395 idem
1762 1362 1845 1395 rex
1874 1346 2040 1395 Ferdi-

265 1431 451 1478 naudus
470 1431 519 1477 in
541 1447 627 1479 sua
653 1431 966 1491 coronatione
989 1447 1075 1494 per
1096 1431 1221 1479 bone
1247 1430 1479 1479 memorie
1503 1430 1724 1478 Latinum
1746 1429 2038 1478 cardinalem

266 1514 324 1562 de
353 1513 535 1561 Ursinis
565 1513 652 1560 sibi
684 1497 825 1572 lacta,
852 1513 1153 1576 evangelium
1181 1514 1326 1561 misse
1357 1512 1546 1576 publice
1578 1513 1860 1582 decantasse
1880 1529 1889 1571 ;
1912 1512 2039 1575 quod

225 1662 231 1667 ,
267 1597 304 1644 si
327 1597 507 1644 factum
531 1597 635 1655 fuit,
662 1597 840 1645 factum
862 1598 949 1645 fuit
969 1596 1490 1645 inconvenientissime.

202 1667 205 1669 ’
332 1682 511 1743 Legato
546 1684 654 1743 post
687 1680 886 1728 missam
920 1681 980 1728 ad
1015 1696 1256 1729 cameram
1291 1696 1424 1727 suam
1460 1694 1652 1727 reverso
1691 1678 1800 1727 dedi
1830 1678 1934 1726 illas
1966 1694 2036 1726 xii

264 1763 415 1826 petias
441 1762 541 1810 auri
566 1779 653 1826 per
678 1779 845 1827 regem
880 1764 969 1810 sibi
1002 1764 1050 1810 in
1081 1764 1230 1811 missa
1255 1764 1457 1822 oblatas,
1482 1763 1539 1811 de
1576 1763 1749 1826 quibus
1776 1762 1894 1810 mihi
1921 1763 2038 1811 duas

266 1844 475 1904 donavit,
494 1846 696 1894 diacono
717 1862 862 1894 unam
885 1850 930 1892 et
951 1846 1237 1908 quibusdam
1259 1846 1362 1893 aliis
1385 1846 1524 1909 quiin
1542 1845 1740 1893 missam
1764 1846 1852 1911 sibi
1876 1845 2040 1894 minis—

268 1930 448 1974 trarunt
471 1928 615 1975 etiam
638 1929 820 1990 aliquas
842 1929 1051 1987 donavit,
1077 1932 1123 1976 et
1145 1916 1458 1988 subdiacono,
1490 1943 1653 1976 unam.

329 2010 545 2059 Intellexi
568 2016 731 2059 autem
759 2028 785 2059 a
812 2011 1055 2060 nonnullis
1083 2012 1213 2074 quod
1243 2012 1561 2070 offertorium,
1584 2016 1801 2075 tempore
1834 2028 2036 2061 corona-

264 2093 403 2141 tionis
424 2094 594 2157 prefati
619 2094 910 2143 Ferdinandi
933 2093 1079 2158 regis,
1101 2097 1189 2144 suit
1210 2096 1259 2143 in
1284 2100 1380 2143 tres
1407 2100 1568 2158 partes
1590 2095 1808 2154 divisum,
1831 2112 2032 2159 quarum

261 2192 404 2224 unam
435 2181 622 2239 partem
654 2177 837 2240 recepit
866 2179 1251 2226 ceremoniarum
1282 2178 1527 2241 magister,
1552 2178 1693 2225 aliam
1725 2179 1954 2226 diaconus
1984 2185 2031 2227 et

263 2258 601 2319 subdiaconus,
634 2264 681 2307 et
716 2260 905 2308 tertiam
936 2261 1013 2308 alii
1043 2261 1275 2325 capellani
1304 2261 1584 2308 assistentes
1617 2261 1742 2308 inter
1772 2277 1822 2309 se
1859 2262 2031 2310 divise-

263 2345 388 2390 runt.
413 2341 571 2389 Bacile
595 2342 643 2388 in
665 2357 758 2404 quo
781 2357 960 2390 corona
982 2343 1106 2406 regis
1134 2342 1291 2406 posita
1318 2342 1406 2390 fuit
1437 2358 1581 2405 super
1611 2342 1747 2390 altari
1778 2347 1947 2390 ornato
1970 2359 2027 2391 ex

264 2441 322 2472 ea
341 2440 535 2485 corona,
560 2429 612 2473 ut
641 2425 741 2488 regi
765 2425 1086 2489 imponerent,
1108 2429 1397 2489 receperunt
1423 2426 1656 2489 capellani
1685 2426 1831 2489 legati
1850 2430 1897 2474 et
1918 2415 2035 2474 illud

261 2508 421 2573 legato
441 2515 611 2573 postea
630 2515 967 2574 presentarunt
985 2528 994 2571 3
1011 2511 1150 2574 quod
1171 2516 1217 2559 et
1236 2511 1425 2574 legatus
1446 2509 1655 2559 retinuit.

326 2589 594 2642 Voluerunt
640 2595 733 2642 hoc
779 2610 919 2643 mane
966 2594 1218 2643 servitores
1264 2594 1392 2657 regis
1440 2593 1660 2657 posuisse
1706 2609 1852 2656 super
1896 2593 2030 2641 altari

262 2675 448 2738 galeam
476 2681 523 2725 et
550 2682 738 2725 scutum
765 2678 923 2742 regis3
949 2678 1078 2740 quod
1105 2693 1193 2741 ego
1218 2692 1438 2725 asserens
1465 2691 1562 2724 non
1590 2674 1863 2734 convenire,
1889 2679 2033 2738 prout

262 2773 358 2806 non
377 2760 708 2818 conveniebat,
733 2761 837 2808 fieri
859 2776 955 2809 non
973 2761 1169 2823 permisi
1190 2778 1199 2819 3
1220 2764 1475 2823 propterea
1490 2759 1570 2807 illa
1589 2758 1637 2806 in
1666 2757 1879 2806 sacristia
1903 2757 2032 2820 regis

262 2841 580 2892 retinuerunt.

328 2925 528 2974 Peracto
561 2926 704 2975 hodie
739 2927 883 2976 misse
912 2928 1090 2987 officio,
1125 2931 1182 2976 D.
1214 2926 1483 2990 Stephanus
1516 2925 1574 2973 de
1605 2923 1781 2974 Narnia
1814 2923 2027 2973 notarius

265 3022 454 3057 camere
496 3009 777 3073 apostolice,
820 2999 934 3059 item
976 2998 1222 3074 requisivit
1259 3025 1427 3058 omnes
1469 3008 1648 3055 ibidem
1693 3011 1940 3071 presentes
1981 3008 2027 3055 in

264 3087 419 3139 testes
442 3093 501 3140 de
528 3092 825 3152 investitura,
849 3094 1125 3142 inductione
1160 3093 1206 3141 in
1236 3092 1610 3158 possessionem,
1642 3091 1955 3140 coronatione
1983 3096 2031 3140 et

263 3173 486 3222 omnibus
515 3175 617 3223 aliis
638 3191 725 3240 per
754 3167 908 3225 totum
937 3164 1150 3225 osticium
1178 3176 1399 3240 peractis.
1423 3175 1594 3222 Omnia
1622 3174 1714 3222 alia
1738 3179 1874 3238 gesta
1900 3180 2028 3240 sunt,

260 3262 402 3319 prout
431 3253 653 3321 superius
674 3259 719 3306 in
749 3259 904 3309 rotulo
935 3263 981 3307 et
1006 3259 1306 3307 ordinatione
1338 3258 1662 3307 coronationis
1687 3258 1880 3307 fuerunt
1901 3257 2030 3306 ordi-

262 3343 389 3387 nata.

329 3423 466 3472 Feria
480 3431 628 3483 sexta,
646 3430 673 3474 9
687 3426 799 3476 dicti
814 3427 993 3476 mensis
1009 3425 1139 3487 maii,
1159 3430 1267 3477 ante
1283 3425 1534 3477 meridiem
1547 3424 1619 3476 vel
1635 3423 1781 3484 circa,
1798 3423 1844 3473 in
1861 3426 2027 3474 Castro
