2222 3926
343 283 411 317 288
942 281 1175 319 JOHANNIS
1208 282 1502 328 BURCHARDI,
1903 286 1999 326 [suin
2023 287 2119 326 1496]

344 382 533 430 detecto
556 382 727 446 capite,
749 384 950 447 portavit
970 384 1084 432 illud
1103 389 1236 433 extra
1258 384 1509 447 capellam,
1531 383 1704 431 deinde
1725 384 1812 431 sub
1828 384 2115 435 baldachino

343 465 473 529 quod
492 470 705 514 oratores
728 470 774 514 et
794 467 980 515 nobiles
1001 468 1254 530 portabant
1281 466 1341 512 ad
1367 465 1515 527 pedes
1547 465 1803 526 scalarum,
1829 467 1910 515 ubi
1931 471 2116 533 accepit

344 553 566 613 mytram,
598 553 644 597 et
671 549 938 597 ascendens
972 549 1138 596 sedem
1171 548 1218 594 in
1256 563 1311 594 ea
1340 546 1545 610 portavit
1573 553 1931 597 sacramantum
1966 567 2116 614 usque

344 631 403 679 ad
426 632 612 679 vineam
636 636 682 680 et
709 647 858 694 prope
886 631 1083 679 domum
1109 629 1362 677 cardinalis
1386 645 1424 676 S.
1451 629 1728 690 Clementis,
1754 631 1866 680 inde
1889 648 1977 696 per
1998 636 2116 681 Ter-

344 730 445 761 ram
476 716 700 762 Sanctam
729 713 788 760 ad
813 712 1058 760 basilicam
1079 729 1118 759 s.
1143 712 1286 760 Petri.
1313 711 1555 760 Officiales
1577 728 1636 761 ex
1663 713 1964 764 ordinatione
1989 717 2113 764 Rmi.

346 800 399 844 D.
427 796 681 844 cardinalis
704 813 742 843 s.
770 795 980 858 Georgii,
1007 794 1276 853 camerarii,
1301 801 1642 858 processerunt
1666 795 1761 844 hoc
1783 797 1968 858 ordine,
1991 799 2119 849 vide-

342 878 453 926 licet
479 895 488 926 :

409 961 701 1010 Collectores
720 961 923 1025 plumbi,

409 1046 1022 1110 Sollicitatores-literarum
1045 1044 1432 1108 apostolicarum,

407 1129 587 1178 Notarii
603 1130 847 1178 auditores
871 1143 1080 1186 camere,

406 1213 587 1260 Notarii
609 1213 853 1262 auditores
875 1216 996 1271 rote,

407 1299 748 1346 Procuratores
769 1295 1125 1361 penitentiarie,

406 1381 747 1429 Procuratores
771 1380 1161 1437 contradictarie,

405 1463 772 1512 Abbreviatores
794 1464 852 1512 de
874 1464 1029 1527 prima
1047 1464 1229 1512 visione
1247 1469 1293 1512 et
1312 1480 1458 1528 parco
1485 1462 1679 1521 minori,

405 1547 673 1611 Scriptores
695 1547 1029 1611 penitentiarie
1052 1548 1333 1611 apostolice,

403 1631 670 1694 Scriptores
692 1631 960 1695 apostolici,

403 1715 617 1778 Magistri
639 1714 888 1776 utriusque
912 1713 1103 1776 registri
1119 1713 1322 1772 mixtim,

396 1797 764 1845 Abbreviatores
786 1796 844 1844 de
869 1812 1015 1859 parco
1038 1796 1225 1860 majori,

400 1881 687 1939 Bullatores,

402 1965 615 2029 Magistri
637 1963 840 2028 plumbi,
1049 2030 1052 2033 ἢ

402 2051 747 2097 Procuratores
777 2048 1018 2107 ordinum,

402 2136 741 2181 Procuratores
762 2131 1053 2195 principum,

400 2216 650 2265 Secretarii
676 2220 722 2263 et
741 2215 957 2263 advocati
980 2215 1183 2273 mixtim,

398 2298 685 2347 Cubicularii
709 2302 842 2346 extra
856 2314 1120 2363 cameram,
1147 2303 1194 2346 et
1215 2298 1293 2346 alii
1317 2314 1451 2347 more
1472 2301 1629 2349 solito.

405 2384 553 2446 Papa,
576 2386 686 2429 ante
708 2381 855 2428 altare
876 2382 1033 2445 majus
1046 2381 1243 2430 basilice
1261 2398 1296 2429 s,
1314 2381 1441 2430 Petri
1456 2398 1606 2445 usque
1626 2399 1721 2446 quo
1736 2385 1939 2447 portavit
1958 2400 2112 2432 sacra-

334 2471 551 2515 mentum
585 2465 886 2526 genuflexus,
916 2465 1144 2528 imposuit
1180 2469 1536 2513 sacramentum
1566 2470 1613 2514 et
1634 2466 1791 2529 ipsum
1813 2466 2103 2518 incensavit:

334 2546 587 2597 cardinalis
626 2547 885 2595 Perusinus
926 2547 1255 2596 celebraturus
1295 2549 1424 2597 venit
1455 2549 1504 2596 in
1540 2550 1850 2613 processione
1873 2566 2022 2613 usque
2050 2551 2108 2598 ad

331 2631 528 2679 domum
544 2630 796 2679 cardinalis
820 2647 856 2677 s.
875 2631 1153 2690 Clementis,
1173 2632 1284 2680 inde
1308 2633 1545 2695 processit
1564 2633 1623 2681 ad
1644 2633 1822 2682 dictam
1840 2634 2104 2694 basilicam,

331 2719 377 2763 et
399 2715 584 2779 accepit
602 2720 887 2781 paramenta
912 2720 1161 2763 consueta.
1448 2763 1454 2766 .

392 2798 684 2856 Cardinales,
724 2814 783 2846 ex
822 2799 1019 2847 decreto
1062 2802 1189 2862 Pape
1238 2799 1287 2846 in
1325 2799 1493 2847 ultimo
1534 2800 1841 2857 consistorio,
1876 2806 2106 2854 ornarunt

328 2885 526 2928 stratam
560 2884 813 2943 utramque
848 2881 1114 2944 predictam
1146 2881 1369 2944 pretiosis
1398 2881 1567 2945 pannis
1601 2886 1648 2929 et
1670 2881 1827 2930 aureis
1858 2883 1918 2930 ad
1948 2888 2104 2931 certas

307 2980 525 3023 cannas,
571 2979 662 3027 que
702 2963 897 3011 fuerunt
918 2963 986 3010 eis
1022 2980 1111 3027 per
1143 2964 1424 3027 magistrum
1465 2964 1635 3012 domus
1675 2965 1834 3028 palatii
1874 2966 1980 3014 heri
2018 2982 2106 3030 per

330 3047 515 3094 socium
537 3063 699 3095 meum
721 3046 977 3110 assignate,
1009 3050 1056 3094 et
1082 3062 1169 3110 per
1189 3046 1464 3095 affixionem
1486 3047 1764 3095 cedularum
1786 3048 1835 3096 in
1866 3049 1958 3096 illis
1975 3049 2097 3105 ‚locis

324 3131 374 3180 in
414 3132 586 3194 quibus
626 3132 823 3195 quisque
866 3147 978 3178 suos
1017 3145 1201 3194 pannos
1242 3129 1523 3178 extenderet
1558 3146 1613 3177 ac
1652 3147 1739 3194 per
1777 3147 1999 3180 cursores
2036 3133 2095 3180 ad

326 3214 494 3264 domos
527 3215 738 3278 ipsorum
775 3213 1087 3263 cardinalium
1123 3213 1239 3276 ipsis
1275 3213 1543 3260 intimatam
1574 3213 1699 3261 inter
1729 3216 2017 3264 secretarios
2047 3220 2096 3264 et

327 3296 577 3345 advocatos
621 3314 676 3346 ac
715 3298 970 3362 magistros
1009 3297 1257 3359 utriusque
1294 3296 1502 3359 registri.
1553 3297 1917 3346 Formidabatur
1949 3314 2094 3362 super

326 3381 634 3443 precedentia
653 3381 917 3433 contentio,
933 3396 1077 3444 quam
1094 3381 1177 3428 SS.
1196 3382 1252 3448 D
1272 3383 1438 3428 noster
1452 3395 1707 3443 precavere
1727 3381 1913 3439 volens,
1931 3381 2093 3429 statuit
