2228 3938
318 293 360 327 16
926 289 1159 326 JOHANNIS
1193 290 1489 337 BURCHARDI,
1764 296 1974 334 [Decembre
1998 298 2092 338 1492]

316 408 419 439 rem
451 408 507 440 ex
531 391 739 455 antiquis
769 391 1039 459 principum
1062 409 1089 439 a
1114 393 1318 440 sinistris
1342 397 1387 441 et
1410 398 1570 442 cetera
1596 409 1731 442 more
1758 396 1914 445 solito.
1942 400 2096 447 Reve-

314 475 517 523 rendum
567 491 682 523 vero
723 478 778 522 D.
824 475 1126 523 Leonardum
1172 477 1453 540 episcopum
1493 477 1669 525 Montis
1721 478 1883 538 Pilosi,
1926 481 2005 542 qui
2046 482 2093 528 in

315 559 517 607 servitiis
545 559 657 607 dicti
683 558 912 622 principis
945 563 990 606 et
1013 575 1122 607 cum
1148 576 1205 607 00
1228 560 1374 618 venit,
1398 560 1549 608 locavi
1571 576 1682 607 cum
1710 561 1878 610 ultimo
1908 564 2093 627 prelato

313 643 473 706 palatii
504 659 532 690 a
559 642 760 690 sinistris
784 641 865 706 (1).
892 644 1064 689 Fuerat
1098 643 1243 690 etiam
1275 643 1469 706 quidam
1503 644 1622 691 alius
1646 644 1827 705 doctor,
1863 663 1959 694 una
1985 663 2094 695 cum

313 727 511 791 prefatis
530 727 762 790 principe,
795 726 989 789 prelatis
1009 729 1056 773 et
1078 725 1305 784 dominis,
1329 743 1416 789 pro
1441 742 1568 774 nono
1591 727 1699 775 10οο
1724 728 1988 790 ordinatus,
2014 730 2095 793 qui

311 811 589 858 infirmitate
620 826 706 873 per
734 810 855 857 viam
883 810 1124 867 detentus,
1154 825 1252 857 non
1273 809 1418 856 venit.

380 894 708 957 Equitavimus
747 893 842 941 hoc
882 893 1069 951 ordine,
1103 893 1186 962 ¹via
1225 897 1353 941 recta
1391 894 1529 956 juxta
1569 895 1810 943 Coliseum
1848 913 1876 944 a
1915 897 2094 945 dextris

316 978 584 1036 dimissum,
626 978 684 1025 ad
722 982 934 1024 sanctam
971 976 1168 1024 Mariam
1208 992 1379 1024 novam
1414 977 1550 1040 juxta
1585 978 1825 1043 hospitale
1865 980 2094 1028 Consola-

316 1061 458 1109 tionis
481 1077 567 1124 per
588 1064 697 1108 ante
721 1060 917 1108 domum
941 1060 999 1108 de
1027 1060 1248 1118 Sabellis,
1273 1060 1553 1120 piscariam,
1577 1062 1786 1125 plateam
1807 1066 1831 1110 J
1837 1063 2090 1124 udeorum,

314 1160 539 1208 campum
570 1144 707 1191 Flore
742 1144 802 1191 ad
827 1143 1057 1207 palatium
1092 1143 1427 1207 apostolicum,
1463 1144 1591 1207 apud
1623 1149 1842 1193 sanctum
1877 1148 2090 1193 Petrum.

313 1229 517 1274 Causam
546 1242 679 1275 more
703 1227 1017 1275 cardinalium
1045 1227 1215 1290 opinor
1241 1227 1408 1285 fuisse,
1441 1227 1553 1290 quia
1579 1228 1796 1290 pontifex
1827 1229 2094 1277 conabatur

310 1310 578 1374 principem
601 1311 852 1370 divertere,
877 1327 938 1358 ne
965 1310 1111 1357 hodie
1134 1310 1194 1357 ad
1221 1310 1467 1373 palatium,
1498 1311 1583 1359 sed
1603 1317 1737 1359 recta
1766 1312 1842 1359 via
1862 1311 1923 1359 ad
1942 1314 2094 1375 Apos-

312 1395 450 1453 tolos,
478 1395 559 1442 ubi
580 1395 897 1458 hospitandus
922 1399 1042 1453 erat,
1071 1395 1326 1457 equitaret,
1351 1394 1464 1442 licet
1485 1394 1617 1457 prius
1640 1394 1686 1441 in
1710 1395 1940 1459 principis
1963 1395 2091 1443 arbi-

310 1478 399 1525 trio
430 1478 475 1524 id
497 1478 658 1541 sepius
690 1478 979 1540 reliquisset.
1015 1480 1128 1525 Post
1148 1478 1377 1541 principis
1396 1478 1622 1536 barones,
1655 1477 1842 1526 nobiles
1874 1482 1921 1527 et
1948 1478 2087 1526 fami-

307 1562 421 1609 liam
450 1577 663 1622 omnem,
695 1562 799 1625 ipso
829 1561 897 1609 sic
928 1561 1135 1620 volente,
1169 1562 1440 1624 equitarunt
1468 1561 1682 1611 scutiferi
1711 1577 1853 1626 pape,
1879 1561 2086 1610 barones

308 1645 460 1693 nostri
482 1661 592 1693 cum
616 1645 867 1708 capitaneo
889 1645 1071 1708 palatii,
1097 1649 1206 1693 ante
1228 1643 1458 1708 principis
1488 1643 1582 1691 duo
1606 1647 1653 1691 et
1677 1660 1801 1707 pape
1824 1644 2086 1693 servientes

307 1744 551 1777 armorum
575 1728 846 1791 equitarunt
870 1744 950 1775 sex
980 1726 1125 1791 pagii.
1152 1726 1341 1774 Primus
1370 1743 1479 1774 cum
1501 1727 1673 1775 balista
1699 1731 1929 1791 argentea
1949 1727 2086 1775 inau-

307 1818 409 1860 rata
431 1817 477 1860 et
499 1812 727 1875 pharetra
753 1816 983 1874 argentea
1002 1811 1236 1869 inaurata,
1262 1826 1396 1858 more
1424 1810 1660 1873 gallicano
1683 1815 1863 1859 vestem
1890 1816 2085 1874 gestans

306 1895 354 1942 in
385 1911 508 1958 equo
542 1894 738 1957 gallico;
771 1894 1012 1942 secundus
1040 1910 1150 1942 cum
1181 1893 1426 1941 chivarina
1451 1909 1586 1941 more
1614 1896 1879 1941 Turcarum
1909 1909 2086 1956 equum

304 1979 564 2026 barbarum
593 1979 814 2041 equitans
844 1981 890 2026 et
919 1980 1183 2025 Turcarum
1211 1992 1346 2025 more
1374 1977 1597 2036 vestitus3
1633 1977 1802 2025 tertius
1827 1977 2085 2026 lancettam

302 2060 497 2124 longam
519 2078 654 2110 more
668 2061 918 2125 hispanico
940 2065 1109 2109 tenens
1127 2061 1368 2124 etJ'anetto
1383 2060 1706 2123 Hispanorum
1722 2077 1856 2109 more
1872 2060 2085 2110 insidens

303 2143 351 2190 in
374 2145 580 2193 vestibus
623 2145 909 2208 hispanicis;
935 2148 1132 2207 quartus
1168 2143 1450 2191 mantellum
1469 2143 1724 2206 pluvialem
1746 2159 1833 2206 pro
1856 2143 2080 2201 Domino,

304 2227 497 2289 quintus
520 2228 731 2275 valisiam
755 2227 1082 2286 cremisinam,
1111 2229 1273 2277 sextus
1302 2242 1469 2274 ensem
1491 2226 1540 2273 in
1561 2226 1732 2290 vagina
1757 2242 1868 2274 cum
1890 2227 2081 2274 manico

304 2327 361 2358 ex
383 2311 527 2374 perlis
548 2317 594 2359 et
612 2311 843 2374 preciosis
864 2309 1103 2374 lapidibus
1125 2309 1413 2373 composito,
1439 2309 1757 2357 estimationis
1779 2325 1864 2358 sex
1881 2309 2082 2357 millium

304 2393 605 2442 ducatorum.
660 2393 843 2457 Singuli
882 2392 1234 2457 pulcherrimos
1275 2407 1425 2455 equos
1467 2393 1736 2455 equitantes
1776 2392 2075 2452 deferebant,

304 2493 473 2525 omnes
494 2477 730 2525 bruchato
756 2492 902 2524 aureo
930 2476 1085 2524 vestiti
1108 2479 1154 2524 et
1176 2475 1396 2523 clenodia
1417 2480 1526 2523 ante
1550 2482 1718 2539 pectus
1748 2480 1795 2524 et
1816 2492 1962 2540 super
1980 2459 2077 2523 bir-

304 2560 417 2608 retis
449 2567 494 2608 et
526 2561 721 2624 capellis
749 2560 1024 2608 deferentes
1046 2575 1221 2623 magne
1253 2559 1588 2607 estimationis.
1616 2559 1844 2623 Princeps
1867 2564 1996 2607 veste
2018 2558 2077 2606 de

304 2644 461 2692 veluto
482 2644 673 2692 violatio
695 2644 890 2692 indutus
913 2646 1031 2701 erat,
1057 2643 1294 2690 collanam
1315 2642 1500 2691 habens
1523 2658 1581 2691 ex
1601 2642 1747 2706 perlis
1771 2647 1817 2690 et
1837 2642 2075 2706 lapidibus

303 2727 620 2775 estimationis
642 2743 726 2776 sex
753 2727 955 2774 millium
983 2726 1285 2785 ducatorum,
1320 2725 1568 2789 cingulum
1598 2741 1707 2773 cum
1740 2741 1854 2774 ense
1878 2725 2076 2773 estima-

302 2808 446 2856 tionis
486 2809 724 2872 ejusdem,
765 2809 953 2857 frenum
993 2814 1146 2858 totum
1187 2824 1245 2857 ex
1283 2809 1430 2872 perlis
1472 2814 1520 2856 et
1557 2809 1791 2873 preciosis
1835 2807 2077 2872 lapidibus

303 2892 624 2955 compositum
644 2892 815 2940 valoris
838 2893 982 2940 trium
1002 2893 1205 2940 millium
1227 2908 1283 2940 ac
1309 2896 1464 2940 totum
1494 2892 1605 2956 equi
1635 2892 1705 2940 sui
1732 2892 2077 2940 fornimentum

304 2979 523 3021 auratum
544 2974 717 3022 abante
740 2979 787 3022 et
808 2978 936 3022 retro
959 2979 1169 3038 gestans.

368 3057 698 3105 Precedebant
734 3058 961 3105 familiam
1002 3074 1137 3106 suam
1172 3058 1320 3106 salme
1361 3057 1584 3115 ducente,
1628 3070 1797 3104 omnes
1832 3055 2075 3120 coopertis

355 3242 387 3277 1.
412 3241 481 3276 Les
501 3252 597 3276 mss.
625 3241 693 3276 149
712 3241 859 3278 015160
885 3241 1046 3277 donnent
1065 3251 1135 3275 une
1155 3240 1288 3287 phrase
1314 3238 1375 3286 qui
1401 3240 1457 3274 est
1483 3237 1741 3274 certainement
1769 3250 1839 3274 une
1865 3239 2076 3275 annotation

303 3301 347 3335 de
369 3301 414 3337 P.
443 3301 487 3336 de
500 3299 643 3335 Grassis
661 3312 669 3336 ε
694 3315 710 3332 «
734 3300 772 3335 si
792 3299 860 3336 iste
884 3299 1043 3347 prelatus
1064 3298 1131 3334 fuit
1145 3299 1269 3346 dispar
1287 3302 1322 3334 et
1337 3297 1449 3342 solus,
1464 3297 1556 3333 beno
1571 3297 1637 3333 suit
1651 3310 1731 3333 cum
1749 3298 1818 3334 isto
1831 3298 1968 3346 prelato
1982 3298 2076 3346 prin-

307 3359 408 3407 cipis,
433 3359 489 3395 sin
519 3363 639 3395 autem
668 3358 854 3395 debuisset
874 3370 956 3395 esse
983 3370 1063 3394 cum
1083 3357 1199 3405 primo
1231 3356 1367 3405 prelato
1388 3357 1432 3393 de
1453 3356 1552 3393 curia
1571 3360 1606 3393 et
1632 3357 1903 3406 archiepiscopo
1930 3357 1976 3394 ad
1995 3357 2074 3405 ejus

305 3419 504 3458 dexteram.
522 3433 539 3451 »
