2202 3926
175 320 403 363 [Avi-i11494]
618 322 788 360 RERUM
821 324 1126 365 URBANARUM
1163 328 1510 369 COMMENTARH.
1894 340 1962 375 117

243 425 328 474 His
348 427 698 491 pronunciatis,
720 430 874 493 surgit
897 446 982 479 rex
1011 431 1091 495 qui
1118 448 1268 496 usque
1303 437 1413 483 tunc
1435 435 1667 484 continuo
1689 436 1736 484 in
1764 454 1852 487 suo
1874 441 1960 487 fal-

177 509 378 559 distorio
399 512 664 575 genuflexit
693 517 741 561 et
768 514 954 562 accedit
987 515 1148 580 legato
1179 521 1230 565 ut
1256 517 1416 582 ipsum
1449 534 1602 582 usque
1636 520 1698 568 ad
1729 521 1960 585 palatium

178 594 609 660 archiepiscopale,
636 597 683 645 in
706 613 800 661 quo
818 598 1171 662 hospitabatur,
1195 602 1420 651 associet.

244 680 372 727 Ordo
400 685 563 729 autem
594 681 938 746 processioniS,
964 682 1023 731 de
1057 699 1151 747 quo
1177 701 1332 749 supra
1366 686 1420 735 fit
1446 688 1650 748 menti0,
1675 694 1721 737 et
1754 705 1849 753 quo
1883 690 1961 737 alii

176 762 390 823 venient,
413 764 493 813 hic
515 764 633 814 erit:

244 848 434 897 Fratres
457 853 622 898 sancte
640 851 790 899 Marie
820 851 943 900 delle
964 852 1135 915 gratie.
1164 882 1229 889 —
1251 855 1451 903 Jesuati.
1484 884 1549 891 —
1580 858 1768 904 Fratres
1797 863 1962 907 sancte

178 931 328 981 Marie
350 933 474 981 delle
499 933 695 998 vergine
716 934 1084 983 cruciferorum.
1109 964 1173 971 —
1191 939 1383 986 Fratres
1405 942 1571 987 sancte
1589 940 1740 988 Marie
1759 941 1837 989 del
1856 944 1965 990 Car-

180 1016 329 1066 mino.
353 1045 417 1053 —
440 1019 630 1065 Fratres
652 1018 965 1066 eremitarum
998 1019 1151 1067 sancti
1182 1021 1454 1084 Augustini.
1483 1052 1548 1058 —
1575 1025 1766 1073 Fratres
1798 1031 1962 1075 sancte

177 1101 326 1149 Marie
350 1101 476 1149 della
497 1116 637 1160 nova,
662 1101 876 1150 minores
904 1101 1015 1150 dell'
1034 1105 1348 1154 osservantia.
1370 1135 1435 1142 --
1457 1108 1646 1155 Fratres
1666 1110 1818 1158 sancti
1838 1114 1963 1159 Lau-

177 1185 319 1233 rentii
341 1185 582 1234 minorum
605 1186 1012 1235 conventualium.
1038 1216 1100 1223 -
1118 1190 1308 1237 Fratres
1324 1191 1476 1239 sancti
1493 1192 1749 1241 Dominici.
1770 1224 1833 1230 ——
1848 1197 1963 1244 Fra-

178 1274 277 1317 tres
300 1269 454 1317 sancti
473 1270 601 1318 Petri
622 1270 684 1318 ad
698 1270 940 1335 Majellam
963 1271 1331 1322 Celestinorum.
1370 1303 1434 1310 -—
1451 1277 1641 1324 Fratres
1661 1279 1812 1326 sancti
1835 1280 1964 1327 Petri

177 1353 239 1401 ad
247 1355 394 1402 Aram
407 1354 754 1402 canonicorum
767 1354 1059 1419 regularium
1072 1356 1224 1405 sancti
1236 1358 1508 1421 Augustini.
1525 1389 1589 1395 —
1600 1363 1788 1409 Fratres
1801 1366 1963 1410 sancte

177 1437 326 1485 Marie
362 1438 539 1485 Montis
572 1438 802 1502 Virginis,
834 1439 1016 1487 ordinis
1053 1440 1437 1490 humiliatorum.
1475 1472 1539 1478 —
1572 1446 1764 1492 Fratres
1799 1451 1964 1495 sancte

176 1521 327 1570 Marie
357 1522 535 1571 Montis
564 1522 752 1572 Oliveti.
777 1553 842 1560 -—
864 1526 1055 1574 Fratres
1088 1525 1240 1574 sancti
1268 1527 1502 1588 Severini,
1529 1530 1683 1577 sancti
1715 1531 1964 1580 Benedicti

176 1607 515 1671 congregatios
542 1607 694 1656 sancti
719 1607 870 1657 Pauli.
902 1637 966 1644 -—
996 1608 1164 1658 Clerus
1193 1610 1395 1659 civitatis
1423 1613 1737 1676 Neapolitane
1769 1631 1855 1663 suo
1885 1632 1964 1663 or-

176 1690 304 1740 dine.
328 1721 392 1728 -
415 1691 575 1741 Salme
596 1692 742 1757 legati
763 1709 832 1741 xu
853 1693 926 1742 vel
948 1693 1094 1742 circa.
1124 1723 1189 1730 —
1217 1695 1432 1743 Curiales
1452 1696 1579 1760 regis
1605 1697 1887 1759 familiares,
1917 1705 1964 1748 et

175 1774 546 1840 aliissinferioreS.
579 1805 644 1812 —
673 1777 867 1826 Nobiles
893 1778 1195 1841 Neapolitani
1222 1783 1270 1827 et
1298 1780 1501 1828 curiales
1525 1782 1672 1846 regis,
1698 1812 1762 1819 —
1782 1783 1964 1833 Valisia

173 1858 336 1922 legati.
366 1888 431 1895 ——
459 1860 660 1908 Familia
684 1860 848 1924 legati.
880 1889 945 1896 —
977 1863 1190 1910 Barones
1224 1863 1444 1911 comites,
1479 1863 1750 1929 (Processio
1794 1866 1962 1915 ordine

178 1942 474 2005 supradicto,
499 1947 551 1991 ut
572 1943 713 1991 citius
733 1944 1034 2008 expediatur,
1058 1949 1286 2008 poterunt
1308 1951 1514 2009 quatuor
1536 1949 1677 2014 simul
1697 1949 1959 2014 incedere).

175 2057 240 2063 -
279 2029 405 2076 Crux
435 2027 582 2091 legati
623 2044 768 2091 quam
806 2033 1070 2092 sequentur
1111 2044 1282 2078 omnes
1314 2031 1534 2079 canonici
1573 2032 1874 2096 Neapolitani
1915 2036 1963 2081 et

177 2110 570 2176 archiepiscopus
590 2115 786 2175 paratus
812 2115 1024 2176 utsupra
1041 2113 1266 2161 diximus,

240 2199 449 2260 Legatus
471 2211 583 2244 cum
605 2212 719 2260 rege
742 2213 771 2244 a
789 2196 993 2245 sinistris
1015 2197 1105 2245 sub
1122 2197 1428 2246 baldachino.

239 2283 344 2330 Don
381 2281 654 2330 Fridericus
694 2281 753 2329 de
792 2280 1051 2345 Aragonia,
1094 2280 1241 2330 frater
1285 2282 1431 2346 regis,
1469 2298 1497 2330 a
1536 2282 1741 2330 sinistris
1774 2283 1961 2331 habens

172 2372 415 2415 oratorem
448 2366 576 2430 regis
619 2366 979 2430 Hispaniarum.
1005 2395 1068 2401 —-
1094 2366 1186 2414 Alii
1222 2367 1411 2430 regales
1442 2382 1531 2416 suo
1563 2366 1756 2427 ordine,
1786 2367 1960 2431 singuli

172 2449 410 2498 habentes
430 2466 459 2498 a
479 2450 684 2498 sinistris
700 2455 920 2499 oratores
943 2449 1147 2498 aliorum
1162 2450 1435 2515 principum
1453 2451 1548 2499 sive
1560 2455 1896 2515 potentatuum
1912 2451 1960 2499 in

175 2534 307 2582 curia
338 2533 466 2598 regis
495 2533 776 2594 existentes,
802 2537 865 2593 et,
892 2533 1164 2582 oratoribus
1195 2534 1550 2594 deficientibus,
1574 2534 1700 2583 inter
1721 2550 1773 2583 se
1794 2534 1893 2582 bini
1916 2538 1961 2582 et

175 2618 275 2666 bini
296 2618 522 2668 incedant
547 2635 557 2667 z
579 2618 751 2682 prelati
773 2633 885 2667 cum
905 2617 1066 2681 legato
1088 2619 1353 2679 venienteS,
1377 2619 1591 2683 singulos
1612 2618 1730 2666 alios
1748 2617 1959 2681 prelatos

176 2701 226 2750 in
247 2702 442 2750 sinistra
459 2702 716 2762 habentes,
739 2702 884 2751 etiam
903 2701 943 2750 si
965 2702 1043 2749 alii
1065 2702 1237 2766 prelati
1261 2703 1365 2750 aliis
1388 2703 1632 2766 digniores
1652 2701 1726 2749 vel
1741 2701 1958 2749 seniores

180 2786 388 2835 existant
401 2787 540 2851 juxta
568 2786 787 2834 ordinem
808 2786 1128 2850 promotionis
1150 2802 1344 2846 eorum;
1370 2802 1490 2850 quos
1506 2801 1597 2850 ego
1618 2789 1761 2849 prout
1782 2800 1960 2849 cogno-

175 2885 305 2931 vero,
332 2869 580 2919 ordinabo.
603 2870 819 2919 Prelatos
841 2875 1107 2934 sequantur
1131 2870 1209 2918 alii
1231 2870 1436 2934 regaleS.

242 2954 591 3003 Serenissimus
620 2954 897 3018 Alphonsus
926 2955 1086 3004 Sicilie
1112 2971 1213 3014 rex,
1239 2954 1487 3003 intellecto
1510 2955 1716 3003 adventu
1745 2953 1869 3002 Rmi.
1895 2955 1952 3001 D.

176 3039 429 3087 cardinalis
462 3039 640 3087 Montis
676 3038 867 3102 Regalis
898 3038 959 3086 ad
991 3038 1147 3102 ipsum
1182 3038 1535 3097 coronandum,
1561 3037 1641 3100 qui
1676 3037 1875 3085 recessit
1898 3051 1956 3084 ex

179 3122 306 3171 Urbe
338 3122 415 3170 die
443 3122 569 3186 jovis
601 3125 661 3170 24
692 3121 856 3185 aprilis
891 3123 1150 3186 presentiS,
1184 3122 1411 3171 eumdem
1442 3124 1632 3170 Rmum.
1659 3124 1717 3170 D.
1740 3121 1954 3184 legatum

178 3204 482 3253 convenienti
511 3206 698 3253 honore
731 3206 948 3270 recipere
979 3206 1162 3266 volens,
1200 3206 1388 3254 obviam
1422 3205 1466 3253 ei
1499 3204 1628 3252 misit
1667 3203 1953 3267 magnificos

177 3287 400 3336 dominos
439 3287 710 3336 Johannem
750 3289 1063 3338 Thomasium
1109 3289 1295 3337 Caraffa
1340 3288 1570 3336 comitem
1615 3286 1862 3344 Mataloni,
1906 3291 1952 3333 et

178 3371 488 3420 Franciscum
523 3371 770 3431 Turolum,
812 3373 1041 3421 comitem
1071 3372 1316 3430 Moutorii,
1348 3371 1428 3433 qui
1470 3371 1628 3434 ipsum
1659 3369 1873 3432 legatum
1903 3367 1951 3413 in

180 3456 367 3505 civitate
401 3452 571 3511 Fundi,
604 3452 733 3501 idem
763 3454 935 3503 deinde
966 3455 1248 3518 magnificos
1283 3456 1383 3501 DD.
1411 3452 1652 3501 Andream
1683 3450 1949 3498 Mattheum
