2202 3926
274 365 342 401 152
885 359 1117 396 JOHANNIS
1152 359 1447 403 BURCHARDI,
1849 357 1929 397 [Mai
1951 359 2045 398 1494]

270 465 499 514 a'dextris
522 469 568 513 et
590 479 757 527 regem
782 467 968 527 patrem
990 477 1128 509 suum
1148 477 1176 509 a
1197 460 1401 508 sinistris
1421 475 1430 517 ;
1456 458 1629 521 quibus
1657 456 1724 504 sic
1746 455 2042 517 sedentibus,

258 549 386 597 venit
413 552 466 596 R.
499 551 551 595 P.
585 551 641 595 D.
669 546 885 594 Julianus
921 544 1176 607 episcopus
1207 540 1483 604 Tropiensis
1510 538 1713 602 predicti
1745 539 2043 587 serenissimi

262 634 389 696 regis
417 632 691 695 capellanus
720 630 893 692 major,
915 627 1111 683 amictu,
1141 626 1265 683 alba,
1290 623 1502 686 cingulo,
1534 622 1658 670 stola
1686 627 1733 671 et
1751 623 1905 690 ‘mitra
1933 637 2044 686 pre-

262 717 405 764 ciosis
439 718 653 778 paratuS,
679 710 864 774 capello
895 724 1000 766 suo,
1026 706 1365 770 superpellicio
1394 711 1441 754 et
1467 707 1660 770 pluviali
1689 706 1902 767 indutus,
1928 711 2041 754 ante

264 800 422 862 ipsum
455 795 679 842 baculum
713 791 1007 855 pastoralem
1046 790 1289 849 deferens,
1322 790 1400 853 qui
1439 804 1604 838 coram
1643 790 1803 852 legato
1844 794 1892 837 et
1927 805 2042 852 rege

265 879 569 936 constitutuS,
595 875 814 939 deposita
831 874 973 921 mitra
993 889 1080 937 pro
1102 873 1373 922 reverentia
1392 874 1508 937 ipsis
1531 872 1768 930 facienda,
1789 872 1839 919 in
1868 876 2046 920 terram

265 959 541 1025 genuflexit.
561 961 681 1006 Tum
704 962 905 1021 accepta
923 957 1064 1005 mitra
1087 957 1203 1004 dixit
1225 972 1401 1021 sponse
1421 976 1430 1004 :
1451 957 1781 1004 Illustrissima
1801 955 2048 1003 Madonna

264 1043 456 1101 Sancia,
486 1041 629 1088 z‘olete
659 1041 732 1087 voi
751 1040 960 1103 piyliare
985 1056 1072 1102 per
1107 1047 1258 1086 vostro
1284 1038 1509 1102 legittimo
1539 1056 1670 1103 sposo
1701 1039 2048 1087 [illustrissimo

265 1127 467 1189 Siynore
486 1124 598 1171 Don
623 1122 841 1188 Joffredo
862 1122 1045 1185 Boryia
1067 1123 1149 1186 qui
1162 1125 1410 1184 presente?
1429 1123 1502 1170 Ad
1523 1139 1615 1186 que
1635 1123 1782 1171 verba
1801 1122 2048 1186 respondit

269 1209 370 1255 sine
393 1222 528 1254 mora
553 1223 562 1253 :
588 1206 758 1268 eoylio.
787 1207 890 1261 Quo
921 1204 1048 1252 facto
1081 1205 1208 1252 idem
1240 1204 1516 1268 episcopus,
1541 1207 1600 1253 ad
1625 1206 1779 1253 virum
1808 1221 2044 1264 reversus,

270 1290 386 1338 dixit
414 1307 423 1338 ε
456 1289 769 1336 illustrissimo
799 1288 1003 1351 Siynore
1031 1286 1248 1352 «soffredo
1283 1288 1427 1334 volete
1454 1288 1528 1335 voi
1548 1288 1756 1351 piyliare
1774 1304 1864 1352 per
1897 1296 2049 1336 vostra

269 1374 498 1437 leyittima
536 1388 670 1435 sposa
713 1380 755 1418 et
800 1371 1026 1434 moyliera
1066 1371 1095 1417 l'
1123 1370 1454 1418 Illustrissima
1490 1370 1738 1418 Madonna
1776 1371 1950 1418 Saneia
1995 1372 2050 1419 de

269 1455 519 1519 Arayoniu
552 1456 635 1518 qui
659 1454 915 1517 presente?
945 1454 1019 1501 Ad
1045 1469 1137 1516 que
1168 1453 1315 1501 verba
1345 1454 1490 1501 etiam
1523 1454 1625 1517 ipse
1660 1454 1908 1517 respondit
1945 1454 2047 1503 sine

272 1555 406 1588 mora
431 1555 440 1586 :
466 1539 633 1602 voylio.
659 1540 726 1585 Ex
745 1541 858 1585 tunc
879 1537 1010 1585 idem
1031 1539 1137 1584 Don
1157 1536 1396 1585 Joffredus
1418 1537 1623 1585 accessit
1643 1537 1703 1584 ad
1726 1553 1972 1601 sponsam,
1998 1543 2044 1585 et

272 1620 545 1686 episcopus,
580 1626 780 1684 accepta
811 1637 956 1668 manu
993 1620 1191 1668 dextera
1226 1621 1397 1668 Sancie
1426 1635 1622 1683 sponse,
1654 1621 1906 1684 conjunxit
1939 1636 2046 1669 eam

273 1707 469 1754 dextere
507 1705 671 1752 manui
705 1705 903 1751 Joflredi
935 1708 982 1752 et
1014 1704 1166 1752 altero
1195 1703 1390 1751 alterius
1427 1718 1625 1750 manum
1659 1704 1726 1751 sic
1750 1705 2044 1764 tenentibus,

274 1791 374 1853 ipse
399 1789 652 1852 episcopus
669 1788 786 1836 dixit
807 1792 904 1836 tres
923 1788 1186 1846 orationes,
1206 1786 1429 1835 videlicet
1448 1785 1582 1832 Deus
1599 1785 1899 1846 Habralzam,
1914 1787 2048 1835 Deus

272 1873 411 1920 Isaac
439 1881 522 1920 ete.
554 1872 815 1919 Benedicat
838 1888 914 1918 ros
938 1870 1071 1917 Deus
1098 1878 1183 1917 ete.
1211 1869 1408 1932 Respice
1437 1885 1692 1931 quesumus
1724 1870 1931 1917 Domine
1960 1879 2044 1918 ete.

274 1957 321 2003 in
362 1956 530 2003 ordine
572 1955 866 2018 sponsalium
905 1954 1113 2017 positas3
1155 1954 1328 2017 quibus
1364 1953 1596 2013 recitatis,
1632 1952 1864 2016 producto
1906 1969 2050 2017 super

274 2043 475 2100 utroque
504 2037 642 2099 signo
673 2037 846 2097 crucis,
869 2037 1086 2096 recessit,
1112 2037 1239 2086 facta
1264 2037 1394 2100 prius
1421 2036 1580 2100 legato
1612 2040 1659 2084 et
1683 2037 1802 2100 regi,
1827 2041 1878 2084 ut
1898 2037 2046 2100 prius,

274 2120 556 2169 reverentia.
581 2120 825 2168 Annulum
848 2136 1021 2184 sponse
1043 2135 1141 2168 non
1162 2120 1407 2183 imposuit,
1430 2119 1542 2182 quia
1559 2119 1749 2167 dicebat
1770 2135 1828 2168 ex
1849 2134 2051 2168 consue-

272 2202 436 2249 tudine
458 2202 771 2265 Neapolitana
791 2203 1022 2250 annulum
1045 2203 1090 2249 in
1112 2203 1257 2251 valvis
1280 2202 1486 2250 ecclesie
1505 2205 1615 2250 ante
1631 2202 2047 2251 intronizationem

275 2299 452 2348 sponso
475 2290 522 2333 et
541 2300 716 2348 sponse
740 2285 921 2349 imponi
944 2285 1076 2333 nullo
1101 2286 1246 2333 modo
1275 2285 1469 2333 debere.

338 2367 421 2413 His
465 2366 532 2413 sic
579 2367 808 2429 peractis,
852 2368 1045 2431 quidam
1093 2368 1308 2416 notarius
1352 2368 1695 2431 Neapolitanus
1742 2372 2047 2417 contractum

275 2448 566 2496 matrimonii
594 2449 868 2512 hujusmodi
895 2456 1115 2515 tempore
1145 2451 1272 2499 clare
1306 2451 1540 2500 memorie
1572 2450 1862 2499 Ferdinandi
1890 2451 2049 2501 Sicilie

275 2534 403 2596 regis
443 2533 740 2597 stipulatum,
772 2534 962 2597 publice
1001 2534 1145 2597 legit3
1186 2535 1320 2598 cujus
1361 2533 1550 2598 copiam
1586 2535 1642 2581 D.
1684 2533 1954 2596 Stephanus
1990 2535 2049 2583 de

276 2615 468 2675 Narnia,
497 2616 712 2664 notarius
742 2632 933 2665 camere
964 2617 1227 2680 apostolice
1247 2617 1295 2663 in
1324 2617 1543 2664 manibus
1566 2616 1771 2675 habenS,
1796 2617 2050 2680 diligenter

277 2716 386 2747 cum
409 2700 502 2747 alio
525 2700 743 2763 originali
775 2700 904 2762 quod
925 2700 1078 2747 dictus
1100 2700 1441 2763 Neapolitanus
1469 2699 1681 2747 notarius
1706 2699 1914 2762 legebat,
1938 2716 2049 2748 aus-

274 2783 512 2842 cultabat3
542 2783 590 2829 in
625 2799 719 2845 quo
750 2784 944 2846 quidem
980 2788 1230 2831 contractu
1259 2784 1386 2831 inter
1418 2783 1511 2831 alia
1543 2783 1671 2830 dicto
1703 2786 1809 2831 Don
1837 2783 2048 2832 Joffredo

273 2864 677 2927 promittebantur
702 2867 997 2930 principatus
1028 2883 1111 2915 sex
1129 2870 1177 2914 et
1195 2866 1470 2924 comitatus,
1495 2870 1699 2928 quatuor
1726 2866 1876 2915 millia
1902 2867 2048 2915 duca-

272 2951 430 2994 torum
465 2947 663 3009 singulis
699 2948 835 2995 annis
863 2949 1144 3007 inferentia,
1173 2952 1220 2997 et
1246 2949 1291 2995 in
1324 2964 1382 2995 eo
1417 2949 1758 2996 continebatur
1788 2949 1917 3011 quOd
1942 2949 2045 3014 ipse

278 3033 383 3078 Don
403 3029 641 3078 Joffredus
669 3030 793 3077 infra
819 3047 998 3079 annum
1023 3031 1297 3094 quindecim
1324 3030 1473 3078 millia
1496 3031 1779 3079 ducatorum
1805 3035 1852 3079 et
1872 3033 2049 3095 Jocalia

277 3113 448 3160 valoris
488 3113 657 3162 decem
695 3113 899 3161 millium
932 3114 1233 3174 ducatorum,
1268 3128 1443 3177 sponse
1479 3113 1667 3162 tradere
1708 3114 1932 3175 deberet;
1967 3117 2047 3179 qui
2084 3103 2087 3105 ‚

278 3200 551 3244 contractus
580 3197 667 3244 fuit
696 3197 754 3245 de
782 3212 904 3245 novo
932 3197 1058 3244 inter
1078 3203 1239 3260 partes
1265 3196 1505 3260 predictas
1539 3196 1789 3260 stipulatus
1821 3202 1868 3246 et
1897 3197 2048 3262 stipu-

277 3278 507 3326 lationem
553 3280 831 3344 hujusmodi
877 3283 933 3328 D.
984 3280 1256 3343 Stephanus
1303 3285 1351 3327 et
1395 3279 1515 3327 alius
1564 3280 1737 3328 notarii
1787 3281 2046 3345 supradicti

281 3362 450 3424 rogan.

346 3446 447 3500 Quo
478 3450 688 3507 peracto,
713 3451 961 3508 apportate
991 3446 1182 3495 fuerunt
1209 3451 1414 3511 quatuor
1437 3447 1563 3510 petie
1594 3446 1811 3495 brochati
1834 3446 2048 3494 diverso-
