2216 3886
313 337 381 370 372
925 333 1156 369 JOHANNIS
1190 331 1482 372 ssuacHARoi,
1753 336 1966 374 [xm-emmo
1989 336 2081 375 1499]

314 452 426 485 nem
460 438 706 500 regiminis
741 442 787 484 et
821 434 1248 483 administrationis
1283 449 1449 480 earum
1484 437 1538 481 R.
1579 438 1634 482 D.
1673 437 1724 482 P.
1760 435 1989 483 Johannis
2023 436 2082 483 (le

314 521 550 573 Marades,
580 521 624 567 in
659 519 883 567 extremis
912 517 1114 579 agentiS,
1146 517 1193 563 in
1221 516 1442 564 manibus
1471 518 1744 565 Sanctitatis
1776 533 1858 564 sue
1887 518 2078 576 factam,

316 608 452 651 Rmo.
488 606 543 650 D.
582 601 809 649 cardinali
842 599 1195 663 Segobricensi,
1234 599 1310 653 cui
1344 599 1582 648 beneficia
1615 600 1959 660 ecclesiastica,
1993 616 2083 663 que

317 686 471 733 dictus
501 687 555 731 D.
580 684 824 730 Johannes
846 682 1080 730 Tullensis
1100 682 1147 729 in
1171 682 1359 730 titulum
1388 683 1461 731 vel
1483 684 1819 732 commendam
1840 683 2083 731 obtinebat

317 773 362 815 et
398 784 483 830 per
519 766 894 829 resignationem
932 766 1150 829 ejusdem
1182 766 1401 814 vacantia
1438 767 1496 814 ad
1532 766 1676 815 vitam
1713 766 2082 814 commendavit.

320 852 469 899 Exivit
490 851 661 898 deinde
681 850 742 897 ad
759 865 1002 897 cameram
1023 848 1276 912 papagalli,
1302 849 1400 907 ubi,
1426 850 1637 913 acceptis
1658 850 1952 913 paramentis
1970 865 2087 897 con-

319 933 483 991 suetis,
504 932 632 980 venit
651 931 710 979 ad
728 930 960 994 capellam
979 931 1233 994 majorem,
1257 934 1302 978 et
1321 930 1534 978 interfuit
1553 931 1698 979 misse
1718 931 1922 979 solemni
1944 948 2086 995 quam

317 1016 573 1065 celebravit
600 1019 764 1062 Rmus.
798 1017 854 1062 D.
885 1014 1140 1062 cardinalis
1169 1030 1207 1060 s.
1234 1014 1397 1061 Crucis
1422 1032 1430 1061 :
1459 1029 1553 1062 non
1581 1014 1670 1062 fuit
1701 1030 1859 1062 sermo
1890 1016 2002 1079 quia
2029 1019 2083 1063 R.

320 1099 366 1145 in
388 1097 575 1144 Christo
609 1099 659 1144 P.
695 1099 751 1144 D.
785 1097 934 1155 Titus,
966 1096 1222 1159 episcopus
1250 1096 1534 1156 Castrensis,
1568 1098 1648 1160 qui
1680 1113 1954 1147 sermonem
1984 1098 2088 1162 ejus

315 1180 407 1226 diei
431 1195 482 1227 se
505 1179 740 1226 facturum
764 1183 1111 1242 acceptaverat,
1136 1194 1232 1226 non
1256 1182 1357 1227 erat
1377 1179 1426 1226 in
1449 1180 1591 1228 Urbe.
1619 1181 1725 1228 Alia
1746 1181 1908 1229 omnia
1928 1181 2090 1230 obser-

318 1269 420 1311 vata
441 1268 551 1310 sunt
572 1278 707 1311 more
730 1263 887 1311 solito.
915 1265 1031 1310 Cum
1054 1262 1256 1326 epistola
1277 1263 1540 1323 dicebatur,
1570 1264 1617 1311 in
1640 1265 1804 1325 missa,
1830 1267 1913 1313 SS.
1945 1268 2003 1313 D.
2029 1268 2083 1313 N.

320 1347 558 1394 mandavit
585 1346 702 1394 mihi
733 1347 861 1410 quod
889 1349 945 1394 R.
976 1347 1023 1393 in
1056 1346 1244 1394 Christo
1274 1349 1326 1394 P.
1361 1350 1418 1395 D.
1453 1349 1733 1407 Henricum,
1764 1349 2089 1412 archiepisco-

320 1446 433 1493 pum
455 1430 764 1477 Tarentinum
783 1446 925 1493 quem
944 1430 991 1476 in
1014 1430 1320 1478 assistentem
1342 1447 1482 1478 suum
1503 1432 1799 1495 acceptabat,
1822 1433 1881 1480 ad
1902 1437 2088 1482 ceteros

322 1514 599 1562 assistentes
626 1529 738 1561 suos
761 1514 991 1561 ducerem
1017 1517 1063 1562 et
1086 1513 1210 1560 inter
1236 1528 1318 1561 eos
1345 1513 1502 1561 locum
1527 1514 1614 1561 sibi
1639 1514 1850 1562 debitum
1872 1516 2089 1578 assigna—

322 1612 446 1656 rem3
472 1597 600 1660 quod
622 1598 723 1644 sine
747 1613 881 1644 mora
904 1597 1011 1645 feci.

387 1681 563 1728 Eadem
585 1682 679 1741 die,
704 1685 813 1744 post
832 1681 1000 1728 horam
1021 1696 1349 1740 vesperarum,
1375 1681 1501 1728 circa
1517 1681 1689 1728 horam
1711 1697 1810 1739 XXI,
1835 1683 1919 1729 SS.
1946 1684 2002 1728 D.
2029 1684 2084 1729 N.

320 1769 514 1829 paratus
544 1764 741 1823 amictu,
772 1764 894 1823 alba,
931 1763 1120 1826 cingulo
1153 1768 1199 1812 et
1221 1763 1342 1811 stola
1362 1763 1575 1811 violacea
1603 1768 1647 1811 et
1677 1779 1844 1827 cappa,
1875 1767 2092 1827 portatus

319 1849 365 1895 in
403 1846 534 1903 sede,
571 1846 698 1894 venit
732 1847 791 1893 ad
824 1847 1058 1909 capellam
1092 1846 1377 1910 predictam,
1413 1846 1493 1893 ubi
1523 1846 1737 1909 vesperis
1769 1850 1816 1893 et
1845 1846 2092 1894 matutinis

322 1931 658 1978 defunctorum
686 1929 917 1989 interfuit,
951 1930 998 1977 in
1039 1930 1211 1993 quibus
1249 1930 1368 1977 nihil
1408 1934 1478 1977 est
1514 1934 1767 1988 mutatum,
1808 1929 1893 1977 sed
1935 1930 2094 1977 omnia

325 2031 458 2062 more
497 2015 636 2063 solito
673 2014 945 2075 observata3
988 2014 1077 2061 illis
1114 2014 1277 2073 finitis,
1318 2014 1364 2061 in
1404 2015 1574 2062 eadem
1609 2014 1721 2063 sede
1758 2013 1818 2060 ad
1853 2027 2094 2060 cameram

329 2115 463 2146 suam
484 2099 622 2147 rediit
644 2098 966 2146 cardinalibus
989 2099 1144 2162 ipsum
1167 2102 1263 2146 tam
1286 2098 1444 2146 eundo
1463 2114 1607 2161 quam
1626 2099 1873 2147 redeundo
1895 2095 2097 2162 sequenss

325 2182 466 2229 tibus.

393 2267 616 2323 Sabbato,
650 2271 677 2313 2
706 2267 995 2325 novembris,
1027 2267 1074 2313 in
1103 2267 1565 2315 commemoratione
1589 2266 1858 2314 animarum
1880 2266 2095 2314 omnium

327 2350 540 2397 fidelium
575 2350 927 2410 defunctorum,
965 2353 1130 2397 Rmus.
1170 2353 1226 2397 D.
1264 2349 1517 2396 cardinalis
1552 2349 1806 2397 Gurcensis
1843 2349 2095 2397 celebravit

327 2433 522 2480 missam
546 2433 594 2479 in
615 2433 798 2496 capella
821 2434 1003 2496 majore
1026 2433 1206 2496 palatii,
1231 2433 1291 2480 ad
1313 2448 1455 2495 quam
1479 2436 1606 2496 Papa
1625 2433 1753 2480 venit
1774 2433 1822 2479 in
1847 2432 1961 2480 sede
1986 2447 2098 2495 por-

328 2522 466 2575 tatus,
492 2516 681 2580 pluviali
710 2517 859 2564 rubeo
882 2517 1084 2580 simplici
1114 2520 1325 2580 paratus,
1351 2520 1398 2564 et
1425 2516 1473 2562 in
1496 2516 1590 2563 fine
1621 2516 1768 2564 misse
1791 2515 1991 2563 absolvit
2017 2533 2025 2562 ε
2053 2520 2096 2562 et

327 2600 417 2648 alia
438 2600 600 2647 omnia
620 2604 730 2648 sunt
752 2600 1001 2648 observata
1020 2615 1154 2647 more
1178 2599 1336 2647 solito.

392 2683 569 2731 Eadem
601 2683 693 2742 die,
729 2687 785 2731 D.
819 2683 1065 2731 Johannes
1098 2683 1336 2743 Marades,
1373 2683 1487 2730 olim
1523 2682 1758 2730 Tullensis
1792 2688 1840 2729 et
1873 2681 2100 2745 Segobri-

329 2767 486 2813 censis
509 2767 821 2814 ecclesiarum
844 2767 1043 2825 electuS,
1070 2767 1148 2829 qui
1170 2767 1293 2826 heri,
1320 2767 1449 2814 circa
1465 2767 1636 2814 horam
1654 2783 1734 2813 xix
1753 2766 1974 2828 spiritum
1998 2765 2101 2811 red-

330 2850 447 2897 didit
468 2850 669 2897 creatori
700 2850 775 2913 (de
804 2851 942 2912 cujus
970 2850 1254 2897 contritione
1284 2854 1330 2896 et
1359 2850 1487 2896 bona
1513 2849 1608 2896 fine
1629 2849 1768 2910 plura
1796 2849 1922 2895 dicta
1953 2846 2097 2910 sunt),

332 2934 389 2980 de
413 2949 618 2994 ⁴camera
652 2949 737 2980 sua
769 2933 815 2979 in
852 2932 1047 2995 palatiO,
1087 2933 1135 2978 in
1169 2948 1261 2994 qua
1293 2938 1511 2979 mortuus
1546 2936 1635 2988 est,
1672 2934 1888 2994 portatus
1921 2930 2007 2977 fuit
2042 2929 2101 2977 ad

333 3015 587 3064 ecclesiam
621 3017 672 3062 B.
707 3014 855 3062 Marie
887 3014 945 3061 de
976 3017 1097 3062 Pace
1133 3014 1454 3077 sepeliendus,
1488 3019 1680 3078 paratus
1712 3013 1933 3061 omnibus
1962 3028 2101 3076 para-

335 3099 509 3147 mentis
531 3098 905 3162 pontificalibus,
937 3113 1014 3145 me
1040 3097 1238 3160 jubente
1262 3101 1307 3145 et
1328 3097 1536 3156 volente,
1559 3097 1672 3144 licet
1697 3112 1791 3144 non
1822 3101 1949 3145 esset
1976 3095 2102 3159 epis-

334 3199 482 3246 copus
522 3185 852 3239 consecratus,
894 3184 1091 3244 propter
1126 3180 1255 3243 quod
1289 3196 1440 3244 cappa
1479 3196 1622 3244 supra
1658 3180 1909 3228 rochetum
1945 3179 2101 3243 parari

336 3268 539 3316 debebat
569 3282 679 3315 cum
701 3265 793 3314 alio
820 3264 1003 3311 habitu.
1037 3268 1379 3313 Precesserunt
1406 3279 1533 3324 eum,
1564 3267 1673 3327 post
1694 3264 1944 3327 religiosos
1966 3277 2103 3311 men-

336 3353 568 3413 dicantes,
602 3351 832 3400 intortitia
860 3368 934 3399 XL.
969 3351 1126 3399 Secuti
1160 3357 1270 3400 sunt
1301 3367 1410 3400 eum
1442 3349 1697 3397 familiares
1726 3347 1795 3394 sui
1824 3350 1870 3393 et
1898 3361 2102 3392 consan-

338 3436 517 3496 guinei.
543 3436 716 3483 funesti
741 3436 931 3484 circiter
950 3451 1060 3493 xxv,
1092 3435 1214 3483 inter
1241 3451 1360 3498 quos
1389 3439 1522 3481 erant
1549 3433 1707 3496 plnres
1735 3428 2098 3492 consanguinei,
