2202 3900
267 269 337 304 332
885 265 1117 303 ιΙΟΗΑΝΝΙΞ
1152 264 1446 307 BURCHARDI,
1772 264 2046 308 [Janvier1497]

268 370 452 417 riorum
484 373 575 428 est,
607 367 834 432 suscepit,
873 373 920 417 et
945 373 1055 432 post
1082 382 1251 416 omnes
1280 366 1397 414 alios
1425 365 1781 429 protonotarios
1800 366 1851 414 in
1876 368 2044 417 ultimo

267 453 375 500 loco
398 452 484 500 sibi
510 452 671 500 debito
691 452 881 500 locavit.

336 535 474 583 Feria
505 535 687 598 quinta,
722 539 748 583 5
779 533 1006 598 januarii,
1046 533 1236 579 fuerunt
1274 545 1472 593 vespere
1510 529 1751 578 solemnes
1787 530 1834 578 in
1864 531 2049 594 capella

270 618 502 682 predicta,
537 620 665 680 Papa
693 621 943 679 presente3
976 614 1132 677 vigilia
1162 613 1250 660 fuit
1280 612 1562 676 Epiphanie,
1599 629 1799 678 vespere
1826 613 2048 662 videlicet

271 700 487 764 ejusdem
508 698 688 746 mensis
710 698 757 744 in
777 698 898 746 festo
920 696 1202 761 Epiphanie.
1229 700 1394 744 Rmus.
1417 699 1473 745 D.
1494 697 1749 745 cardinalis
1769 714 1807 746 s.
1833 699 2047 763 Dionysii

271 781 529 830 celebravit
549 780 746 827 missam
770 779 1039 828 solemnem
1060 780 1108 827 in
1130 781 1300 828 eadem
1322 780 1524 844 capella,
1549 783 1679 844 Papa
1699 784 1922 844 presente
1944 782 2044 845 qui,

272 864 420 911 missa
450 862 603 921 finita,
634 862 811 910 creavit
842 862 1045 910 militem
1077 879 1115 909 S.
1151 863 1280 910 Petri
1311 864 1624 927 magnificum
1653 852 1710 911 D'.
1742 864 2048 913 Theodorum

273 948 433 993 Bucca
464 945 522 994 de
557 945 776 1009 Neapoli,
814 946 1046 994 Romanie
1075 945 1288 994 nobilem
1322 962 1331 993 :
1367 961 1642 995 sermonem
1675 946 1789 994 fecit
1822 946 1871 993 in
1903 945 2052 994 missa

273 1033 556 1093 procurator
577 1029 756 1076 ordinis
778 1029 917 1077 beate
936 1029 1101 1077 Marie.

344 1112 481 1160 Feria
501 1112 730 1171 secunda,
756 1115 783 1159 9
804 1112 1032 1176 januarii,
1058 1112 1146 1160 fuit
1168 1111 1346 1160 sactum
1368 1113 1706 1161 consistorium
1727 1112 1775 1160 in
1797 1128 1891 1176 quo
1913 1116 1967 1160 R.
1994 1115 2045 1160 P.

278 1199 334 1244 D.
359 1195 653 1259 Augustinus
675 1195 733 1243 de
756 1195 983 1255 Guarino,
1013 1195 1333 1244 subdiaconus
1355 1196 1665 1260 apostolicus,
1693 1199 1944 1259 promotus
1965 1195 2054 1243 suit

279 1280 340 1328 ad
366 1279 621 1328 ecclesiam
644 1278 1040 1330 Tricaricensem,
1066 1280 1201 1343 cujus
1225 1280 1480 1344 episcopus
1508 1295 1662 1343 nuper
1682 1279 1768 1327 fuit
1795 1295 1822 1327 a
1842 1278 2051 1342 quodam

276 1363 558 1411 interfectus
591 1378 600 1409 :
633 1362 802 1410 eadem
836 1361 912 1409 die
945 1365 1113 1425 gentes
1142 1362 1417 1411 invaserunt
1447 1367 1659 1411 castrum
1689 1362 1936 1410 Bracciani
1965 1377 2054 1424 per

277 1461 443 1494 muros
471 1461 582 1493 cum
612 1445 771 1504 scalis,
808 1448 855 1493 et
882 1445 1076 1493 fuerunt
1104 1445 1182 1493 alii
1212 1446 1351 1509 pauci
1383 1462 1440 1494 ex
1469 1445 1652 1494 eisdem
1681 1444 1902 1508 gentibus
1927 1443 2053 1492 inte-

278 1529 471 1593 rempti,
498 1528 703 1577 etmulti
730 1528 979 1587 vulnerati,
1009 1532 1054 1576 e't
1077 1529 1195 1576 nihil
1216 1530 1542 1593 profecerunt.

345 1612 484 1660 Feria
519 1611 732 1660 secunda
765 1612 907 1675 hujus
944 1611 1125 1659 mensis
1158 1611 1383 1674 januarii,
1423 1611 1550 1659 circa
1586 1610 1848 1660 secundam
1882 1610 2054 1658 horam

281 1695 436 1745 noctis
464 1695 650 1760 peperit
682 1694 1001 1743 illustrissima
1025 1694 1220 1742 domina
1249 1695 1441 1743 ducissa
1466 1695 1741 1754 Mediolani,
1771 1709 1893 1742 uxor
1922 1694 2056 1741 illus-

283 1779 481 1827 trissimi
506 1781 563 1826 D.
593 1778 821 1826 Ludovici
845 1778 980 1826 ducis
1005 1778 1282 1837 Mediolani,
1307 1778 1404 1825 filia
1427 1777 1733 1826 illustrissimi
1754 1779 1811 1824 D.
1836 1775 2056 1824 Herculis

281 1862 415 1909 ducis
429 1861 647 1910 Ferrarie
667 1861 907 1924 quoddam
921 1866 1208 1920 monstrum,
1223 1877 1281 1909 ex
1300 1876 1394 1924 quo
1410 1865 1564 1924 partu,
1584 1861 1688 1924 ipsa
1699 1860 1908 1919 ducissa,
1929 1859 2059 1906 circa

280 1946 452 1993 horam
481 1944 735 2008 septimam
767 1944 985 2008 ejusdem
1014 1945 1170 1992 noctis
1196 1944 1290 1992 vita
1317 1944 1481 1992 functa
1507 1944 1612 2003 fuit,
1644 1948 1691 1992 et
1713 1942 1790 1991 die
1818 1941 2055 2005 sequenti,

283 2029 387 2092 ejus
415 2028 617 2076 cadaver
647 2044 705 2076 ex
732 2031 890 2076 castro
918 2027 1135 2091 predicto
1162 2027 1432 2076 honorifice
1454 2030 1694 2091 portatum
1721 2025 1783 2074 ad
1802 2024 2058 2096 ecclesiam

282 2112 563 2161 monasterii
586 2112 682 2160 sive
711 2116 975 2160 conventus
1003 2111 1136 2159 ducis
1162 2111 1310 2159 Marie
1339 2102 1397 2159 de
1420 2110 1593 2159 Gratiis
1621 2109 1670 2157 in
1696 2113 1835 2173 porta
1861 2107 2060 2159 Vercel-

282 2196 380 2243 lina
410 2194 775 2254 Mediolanensi,
807 2199 855 2243 et
883 2194 1060 2243 ibidem
1086 2194 1349 2258 sepultum;
1381 2198 1649 2242 monstrum
1672 2207 1781 2240 vero
1810 2192 1859 2240 in
1886 2190 2059 2240 eodem

285 2283 443 2328 castro
467 2282 710 2327 retentum
731 2278 818 2338 (1).

338 2429 370 2463 1.
401 2441 419 2460 «
441 2426 548 2462 Anno
570 2425 704 2463 Christi
730 2425 1084 2471 MCDLXXXXVII,
1107 2425 1251 2462 Beatrix
1278 2424 1442 2462 Herculis
1463 2425 1565 2461 (lucis
1596 2422 1768 2461 Ferrariae
1789 2422 1863 2459 fllia
1881 2433 1923 2458 ac
1942 2421 2061 2458 Ludo-

288 2486 355 2523 vici
377 2486 518 2523 Sfortiae
539 2485 735 2523 Mediolani
756 2485 859 2522 ducis
881 2497 984 2530 uxor,
1000 2486 1070 2521 hoc
1089 2497 1198 2530 anno,
1214 2484 1319 2521 tertio
1339 2485 1491 2521 ianuarii
1512 2498 1556 2522 ex
1571 2484 1705 2522 infelici
1720 2487 1827 2532 partu
1841 2495 1947 2520 suum
1966 2482 2062 2519 diem

288 2546 419 2583 clausit
438 2550 652 2591 extremum,
674 2545 818 2582 duobus
839 2549 924 2593 post
949 2556 988 2582 se
1014 2545 1110 2581 natis
1132 2544 1304 2581 masculis
1326 2544 1481 2590 relictis;
1504 2557 1585 2592 qua>
1612 2548 1689 2581 erat
1707 2544 1745 2581 in
1769 2541 1915 2580 iuvenili
1941 2545 2061 2586 aetate,

288 2607 445 2642 formosa
470 2617 511 2642 ac
536 2605 632 2653 nigri
659 2605 802 2650 coloris,
824 2616 999 2641 novarum
1024 2603 1180 2641 vestium
1207 2603 1400 2650 inventrix,
1428 2603 1491 2640 diu
1521 2608 1703 2652 noctuque
1730 2607 1832 2640 stans
1858 2601 1895 2637 in
1921 2600 2063 2637 choreis

289 2678 331 2701 ac
356 2664 496 2701 deliciis
526 2675 534 2700 ε
558 2676 785 2712 summopere
811 2676 833 2701 a
858 2663 1042 2700 Ludovico
1069 2663 1253 2700 colebatur
1272 2663 1356 2699 licet
1381 2663 1586 2700 Lucretiam
1606 2675 1651 2700 ex
1671 2662 1908 2701 Cribellorum
1931 2658 2066 2697 familia

292 2725 327 2760 in
355 2724 595 2761 concubinam
619 2724 839 2772 recepisset;
867 2736 948 2771 quae
983 2735 1042 2760 res
1071 2735 1290 2772 quamquam
1313 2723 1455 2759 viscera
1478 2722 1646 2771 coniugis
1666 2721 1935 2767 commovisset,
1965 2730 2066 2757 amor

291 2788 413 2820 tamen
434 2784 480 2820 ab
501 2795 543 2820 ea
565 2795 638 2820 non
658 2783 882 2820 discedebat.
906 2783 1090 2819 Habuerat
1116 2786 1151 2819 et
1176 2783 1396 2828 Ludovicus,
1416 2787 1499 2819 ante
1527 2795 1688 2827 uxorem,
1711 2781 1881 2818 Ceciliam
1900 2792 1965 2828 pro
1984 2779 2064 2816 eius

292 2842 508 2888 concubina,
536 2854 643 2890 quam
670 2842 885 2890 desponsari
911 2841 1020 2878 iussit
1046 2841 1118 2878 filio
1139 2842 1291 2878 Joannis
1318 2841 1416 2878 Petri
1438 2841 1660 2889 Bergamini.
1683 2840 1866 2888 Exequias
1888 2837 2064 2875 Beatricis

293 2902 367 2938 dux
384 2913 466 2937 cum
485 2900 643 2937 maximo
663 2901 759 2937 fastu
781 2906 815 2938 et
835 2900 1010 2948 impensis
1031 2900 1066 2935 in
1087 2900 1241 2937 ecclesia
1256 2904 1390 2937 sanctae
1411 2900 1534 2937 Mariae
1556 2899 1759 2936 Gratiarum
1779 2897 1917 2935 ordinis
1937 2896 2067 2945 praedi-

295 2965 457 2997 catorum
485 2959 658 2996 celebrari
684 2959 806 3003 iussit,
834 2963 982 3006 eratque
1003 2959 1156 2995 ecclesia
1175 2959 1312 3007 repleta
1339 2959 1453 2995 cereis
1469 2958 1700 3011 'ardentibus
1730 2958 1865 2995 Omnes
1892 2955 2011 2993 clerici
2031 2959 2067 2993 et

295 3020 424 3057 fratres
445 3018 557 3056 totius
583 3018 779 3056 Mediolani
805 3018 998 3054 comitatus
1019 3018 1064 3054 ad
1091 3030 1152 3055 eas
1173 3018 1346 3066 exequias
1368 3022 1629 3064 convenerant;
1652 3029 1778 3054 omnes
1806 3020 1966 3053 oratores
1992 3019 2067 3052 tam

296 3078 407 3114 Italiae
429 3077 631 3127 principum
648 3090 756 3126 quam
774 3082 809 3114 et
828 3077 1014 3114 civitatum
1034 3077 1123 3113 inibi
1143 3078 1300 3114 suerunt.
1322 3076 1523 3125 Sepulturae
1542 3076 1675 3113 tradita
1694 3076 1731 3112 in
1753 3076 1878 3112 eadem
1899 3073 2065 3116 ecclesia,

220 3148 225 3151 *
296 3137 333 3172 in
367 3137 506 3185 capella
536 3136 685 3182 maiori,'
704 3148 769 3185 per
795 3136 944 3173 brachia
971 3139 1127 3184 quatuor
1160 3147 1270 3183 supra
1301 3139 1445 3173 terram.
1467 3134 1567 3171 Vixit
1588 3135 1737 3171 Maurus
1759 3145 1823 3182 per
1849 3144 1983 3170 annum
2014 3131 2068 3169 uti

297 3195 491 3244 religiosus
510 3200 611 3233 veste
632 3196 794 3242 lucubra,
816 3201 852 3233 et
869 3195 973 3244 quasi
991 3195 1049 3232 bis
1075 3195 1113 3231 in
1138 3195 1366 3232 hebdomada
1391 3195 1667 3232 celebrabantur
1692 3193 1812 3231 officia
1837 3204 1902 3241 pro
1926 3194 2068 3228 mortua

298 3267 409 3292 uxore
429 3268 492 3304 per
511 3268 660 3302 annum,
681 3256 872 3293 ieiunando
892 3255 929 3292 in
950 3255 1074 3292 eadem
1095 3254 1153 3291 die
1175 3267 1245 3303 qua
1264 3259 1404 3292 mortua
1421 3259 1490 3300 est,
1514 3259 1548 3291 et
1562 3253 1666 3302 quasi
1684 3253 1780 3290 omni
1798 3252 1854 3288 die
1875 3263 1956 3287 cum
1975 3249 2067 3298 ipsis

297 3314 469 3351 fratribus
503 3315 691 3352 habitabat
719 3327 726 3352 :
756 3314 927 3364 capellam
958 3325 1142 3362 magnam,
1170 3314 1327 3351 claustra
1353 3315 1438 3359 duo,
1467 3318 1514 3359 et,
1544 3313 1631 3361 quid
1664 3316 1722 3349 est
1754 3310 1915 3349 omnium
1948 3319 2067 3346 rerum

298 3374 547 3423 praestantius,
569 3374 846 3422 pulcherrimam
867 3373 1067 3412 sacristiam
1088 3372 1162 3410 fieri
1183 3373 1304 3420 iussit,
1319 3372 1486 3421 gemmis,
1509 3384 1596 3410 auro
1617 3375 1653 3409 et
1672 3374 1824 3419 argento
1844 3382 1886 3407 ac
1902 3367 2068 3407 vestibus
