2202 3926
175 314 283 356 [Avril
304 316 399 355 1494]
615 314 785 354 RERUM
818 314 1119 354 URBANARUM
1152 316 1506 357 COMMENTARH.
1896 322 1966 357 119

243 437 265 462 «
301 417 578 468 Excellente
609 417 784 482 Signor
813 419 963 467 Conte
995 418 1154 466 d’Alifi
1185 422 1245 469 V.
1281 420 1329 467 S.
1365 418 1540 478 ordini,
1577 419 1669 468 che
1701 421 1746 468 al
1781 426 1962 470 mastro

176 501 301 551 delle
324 501 588 550 cerimonie
616 501 650 550 li
678 501 748 550 sia
774 501 968 566 tagliato
998 501 1316 551 incontinenti
1345 519 1408 551 un
1431 503 1674 567 giuppone
1696 502 1742 550 di
1768 507 1889 561 seta,
1915 509 1962 551 et

176 585 266 634 che
290 585 448 635 subito
470 585 540 634 510
560 585 698 646 1011ος
725 589 772 635 01
799 585 979 651 perche
1005 586 1038 634 il
1066 586 1378 635 serenissimo
1408 602 1460 635 re
1488 586 1551 635 ha
1573 586 1793 634 ordinato
1816 586 1959 634 cheli

176 669 246 718 sia
265 669 443 718 donato
465 686 530 718 un
551 673 713 719 manto
734 670 781 718 di
803 670 1111 720 ciambelotto
1133 686 1224 720 con
1245 671 1291 718 lo
1314 670 1565 735 cappuciO,
1590 670 1635 718 io
1656 671 1721 718 ho
1743 669 1910 718 scritto
1933 685 1962 717 a

176 752 313 817 Luigi
342 753 468 802 della
497 756 638 803 Petra
668 755 757 803 che
789 754 836 803 10
870 754 1026 803 debba
1058 754 1158 815 sare
1190 755 1388 818 tagliare
1421 754 1598 803 subit0.
1631 757 1681 802 Io
1707 753 1885 802 vedero
1914 753 1959 800 di

176 851 466 900 recuperare
500 838 546 885 lo
577 838 860 887 memoriale
891 838 1127 903 espeditO,
1162 843 1209 887 et
1238 838 1284 886 lo
1316 839 1548 887 mandero
1580 838 1674 887 alla
1701 839 1750 886 S.
1779 840 1838 887 V.
1871 837 1963 886 alla

175 920 317 983 quale
341 920 407 968 mi
429 922 766 970 raccomandO.

242 1023 264 1048 «
304 1006 356 1052 In
384 1005 626 1068 Capuana,
653 1006 715 1052 30
735 1003 897 1067 aprilis
919 1004 1430 1051 MCCCCLXXXXIIII.

657 1107 678 1131 «
715 1087 773 1138 Al
795 1086 991 1135 servizio
1014 1085 1138 1134 della
1159 1087 1207 1134 S.
1231 1089 1291 1136 V.
1318 1086 1566 1134 Leonardo
1589 1088 1758 1148 Come,

652 1191 674 1215 «
712 1170 912 1219 Alfonso
934 1170 1121 1219 fratello
1144 1170 1456 1234 soprascritto

652 1274 674 1298 «
711 1254 747 1302 Il
766 1258 927 1303 vostro
949 1255 1099 1302 Conte
1121 1253 1297 1302 d’Alifi.
1334 1273 1356 1297 »

236 1339 415 1402 Vigore
439 1338 668 1387 schedula
690 1338 1013 1402 suprascripte
1036 1353 1181 1400 quam
1202 1337 1535 1401 Belleguardie
1558 1337 1802 1388 balistario
1824 1339 1951 1404 regis

168 1422 423 1487 assignavi,
457 1422 549 1471 illis
582 1422 756 1487 quibus
791 1425 980 1486 oportet
1014 1421 1355 1486 presentande,
1391 1421 1542 1471 missa
1567 1423 1627 1470 ad
1652 1438 1730 1471 me
1759 1422 1955 1473 fuerunt

166 1508 276 1553 ante
324 1505 453 1555 diem
495 1506 821 1555 coronationis
874 1521 1018 1570 supra
1068 1505 1345 1570 deputatam
1397 1506 1568 1571 diplois
1619 1523 1678 1555 ex
1734 1507 1954 1555 setonino

164 1588 356 1638 violatio
387 1593 435 1639 et
455 1589 738 1638 mantellum
769 1604 880 1638 cum
914 1604 1001 1637 suo
1030 1588 1258 1653 capuccio
1292 1589 1505 1649 suffulto,
1544 1606 1603 1638 ex
1643 1589 1954 1639 ciambelotto

165 1671 315 1721 rubeo
355 1673 414 1722 de
455 1688 620 1738 grana,
664 1672 713 1720 in
751 1673 864 1722 totis
904 1672 1129 1737 expensis
1165 1673 1292 1737 regis
1326 1673 1543 1737 laborata
1580 1679 1627 1726 01
1668 1674 1821 1735 110110,
1864 1690 1951 1739 pro

164 1756 336 1820 quihus
356 1757 476 1806 nihil
495 1758 689 1822 penitus
718 1757 934 1822 expensi.

234 1842 437 1901 Statuta,
474 1845 526 1890 ut
553 1841 865 1905 premittitur,
907 1856 994 1905 per
1032 1841 1396 1891 serenissimum
1428 1859 1596 1907 regem
1629 1844 1715 1892 die·
1747 1857 1951 1891 corona-

167 1924 311 1972 tionis
344 1939 448 1984 sue,
485 1928 534 1973 et
565 1925 695 1989 (10οᾱ
727 1925 814 1972 501)
847 1924 1009 1974 officio
1042 1926 1341 1974 ascensionis
1373 1927 1504 1976 illam
1536 1927 1639 1976 fieri
1673 1927 1946 1986 affectabat,

167 2021 258 2071 ego
280 2006 438 2055 sciens
461 2010 652 2056 Rmum.
679 2010 736 2057 D.
757 2007 972 2072 legatum
993 2009 1358 2058 coronationem
1379 2010 1659 2074 hujusmodi
1681 2010 1769 2058 sub
1788 2009 1949 2058 officio

164 2091 311 2141 misse
333 2107 372 2140 5.
398 2091 599 2156 Spiritus
620 2092 780 2141 facere
807 2092 1097 2154 decrevisse,
1120 2093 1179 2143 de
1201 2109 1294 2158 quo
1317 2099 1425 2144 0010
1445 2110 1692 2144 recessum
1710 2110 1873 2144 meum
1891 2110 1950 2143 ex

163 2175 281 2224 urbe
304 2177 457 2224 Roma
483 2179 620 2224 Rma.
656 2176 931 2226 Dominatio
957 2193 1042 2226 sua
1067 2175 1186 2226 mihi
1207 2179 1406 2227 verbum
1428 2178 1608 2228 fecerat
1629 2183 1677 2227 01
1698 2179 1757 2227 ab
1777 2177 1948 2242 hujus-

165 2258 295 2309 modi
327 2260 577 2324 proposito
614 2276 701 2308 suo
737 2261 914 2325 ipsum,
951 2262 1082 2326 quod
1108 2267 1272 2311 tamen
1303 2262 1416 2311 satis
1446 2263 1790 2312 inconveniens
1825 2266 1944 2320 erat,

163 2343 398 2393 divertere
418 2359 516 2393 000
540 2345 691 2409 potui,
716 2344 808 2393 nisi
829 2346 890 2394 ad
910 2349 1100 2395 Rmam.
1125 2347 1518 2396 Dominationem
1543 2363 1698 2407 suam,
1720 2362 1812 2411 que
1834 2351 1947 2395 tunc

163 2436 323 2500 Gapue
352 2439 471 2495 erat,
496 2435 746 2500 proprium
777 2431 1007 2483 nuncium
1038 2431 1301 2492 mitterem,
1331 2447 1420 2496 per
1445 2447 1591 2496 quem
1613 2431 1672 2480 de
1699 2429 1948 2496 premissis

162 2523 339 2568 statuto
368 2523 416 2568 et
442 2518 603 2568 officio
631 2519 819 2568 reddidi
850 2517 1125 2566 certiorem.
1156 2517 1253 2566 Sed
1278 2519 1416 2566 Rma.
1448 2516 1744 2576 DominatiO,
1776 2516 1949 2580 hujus-

162 2603 291 2651 modi
313 2619 340 2651 a
359 2619 437 2652 me
465 2619 577 2667 egre
598 2603 778 2663 ferens,
802 2601 1051 2666 rescripsit
1077 2605 1128 2650 ut
1150 2601 1254 2650 sine
1274 2618 1411 2650 mora
1431 2602 1492 2651 ad
1517 2602 1676 2667 ipsum
1704 2601 1938 2651 venirem.

227 2686 442 2749 Equitavi
479 2687 624 2751 igitur
650 2691 668 2735 1
703 2687 779 2736 die
804 2686 918 2735 maii
955 2701 1119 2734 versus
1145 2686 1305 2750 ipsum
1333 2702 1476 2750 quem
1509 2702 1598 2751 per
1621 2686 1714 2734 duo
1742 2685 1946 2734 miliaria

161 2770 236 2818 vel
263 2770 392 2819 circa
412 2774 459 2819 et
480 2770 605 2820 ultra
622 2773 852 2820 Aversam
883 2769 1057 2834 reperi,
1089 2773 1137 2819 et
1160 2770 1323 2819 omnia
1343 2770 1387 2819 ei
1418 2769 1616 2834 exposui
1638 2784 1803 2818 coram
1832 2784 1947 2833 rege

161 2857 282 2903 acta.
306 2856 450 2903 Grato
473 2854 634 2903 animo
651 2854 903 2904 videbatur
923 2870 952 2903 a
968 2870 1046 2903 me
1069 2854 1314 2919 suscipere
1338 2859 1386 2903 et
1406 2854 1767 2903 excusationem
1787 2870 1947 2903 meam

161 2938 430 2998 admittere,
457 2938 543 2987 sed
569 2939 629 2987 de
657 2954 744 2988 suo
764 2939 1012 3004 proposito
1041 2939 1276 2988 desistere
1306 2939 1478 2998 noluit,
1510 2944 1558 2988 et
1578 2939 1775 2988 missam
1797 2939 1947 3004 Spiri-

161 3025 235 3068 tus
265 3022 416 3069 sancti
447 3022 576 3071 dicta
606 3022 682 3071 die
711 3023 1021 3072 Ascensionis
1052 3039 1103 3072 se
1132 3023 1392 3084 dicturum,
1429 3038 1529 3072 non
1556 3023 1716 3083 aliam,
1749 3024 1945 3072 omnino

162 3102 384 3153 firmavit.
422 3106 580 3155 Retuli
616 3111 729 3155 tunc
762 3110 899 3156 Rme.
937 3107 1264 3157 Dominationi
1295 3124 1380 3157 sue
1410 3123 1579 3172 regem
1607 3124 1760 3172 usque
1795 3125 1944 3173 prope

163 3191 380 3235 sanctum
413 3190 677 3239 Antonium
713 3195 847 3240 extra
878 3191 1119 3242 civitatem
1154 3193 1519 3257 Neapolitanam
1553 3193 1740 3242 obviam
1772 3199 1944 3242 ventu-

163 3286 286 3330 rum,
327 3274 375 3319 et
410 3272 554 3334 quod,
593 3289 707 3338 rege
744 3275 1027 3324 adveniente
1071 3281 1118 3325 et
1156 3279 1299 3340 caput
1334 3277 1608 3340 detegente,
1655 3277 1803 3325 etiam
1840 3277 1941 3339 ipse

160 3351 348 3415 legatus
370 3359 514 3418 caput
535 3355 782 3420 detegeret
802 3363 866 3419 et,
880 3359 990 3408 data
1007 3360 1097 3407 sibi
1115 3376 1390 3419 manu,non
1408 3360 1708 3423 permitteret
1727 3360 1815 3408 sibi
1835 3374 1940 3408 eam

163 3433 453 3495 deosculari,
485 3437 570 3485 sed
590 3454 757 3504 regem
779 3442 839 3489 ad
859 3443 957 3490 oris
978 3443 1198 3491 osculum
1227 3444 1481 3507 reciperet,
1513 3460 1654 3494 cruce
1676 3444 1725 3492 10
1746 3441 1941 3491 introitu
