2202 3926
145 352 227 394 [Mai
249 352 341 392 ¹494]
589 350 757 388 RERUM
789 350 1094 389 URBANARUM
1127 350 1475 390 COMMENTARH.
1858 355 1921 390 121

144 454 356 518 episcopi
393 453 621 502 Aversani
658 453 746 501 sibi
779 457 1050 518 porrectam
1087 453 1330 502 osculatus
1364 458 1462 513 est3
1503 458 1603 501 tum
1635 454 1722 501 sub
1759 453 1923 502 balda-

142 537 303 596 chino,
348 537 643 600 precedente
680 537 1009 602 processione,
1047 537 1177 586 venit
1213 538 1272 586 ad
1309 538 1567 587 ecclesiam
1607 539 1920 596 Aversanam‚

143 623 249 668 Don
286 620 530 669 Friderico
569 636 762 686 semper
800 621 860 669 ad
895 620 1001 684 ejus
1040 621 1284 670 sinistram
1324 622 1589 686 equitante.
1633 623 1686 668 In
1717 620 1924 669 ecclesia

140 701 327 765 legatus
360 703 564 767 aspersit
595 719 666 762 se,
692 702 865 752 deinde
894 705 998 750 Don
1020 702 1317 751 Fridericum
1349 708 1394 750 et
1428 703 1545 751 alios
1571 720 1580 751 :
1606 703 1833 768 imposuit
1854 704 1923 752 in-

141 802 359 845 censum,
389 787 476 836 fuit
505 787 782 836 incensatus
807 803 816 834 :
842 786 954 834 dicti
988 802 1133 850 super
1161 802 1271 835 eum
1295 786 1514 835 versiculi
1543 791 1590 836 et
1618 787 1796 847 oratio;
1829 787 1922 835 alia

141 874 302 918 autem
332 885 420 933 pro
452 870 629 918 sanctis
661 872 802 917 Petro
829 873 875 916 et
899 869 1045 916 Paulo
1074 871 1303 932 apostolis
1332 872 1546 935 patronis
1576 873 1781 921 ecclesie
1810 888 1920 921 cum

142 952 357 1001 oratione
397 969 486 1016 per
520 952 699 1000 dictum
738 951 981 1000 vicarium.
1024 953 1420 1003 Benedictionem
1456 961 1617 1004 autem
1654 956 1786 1004 dedit
1819 957 1919 1021 ipse

138 1036 326 1099 legatus
361 1039 408 1084 et
438 1034 760 1098 indulgentias
793 1035 935 1083 trium
969 1051 1222 1095 annorum,
1258 1053 1375 1100 quas
1406 1037 1455 1084 in
1487 1038 1636 1086 latino
1666 1039 1922 1102 publicavit

140 1117 532 1181 archiepiscopus
554 1116 871 1176 Patracensis‚
898 1133 955 1165 eo
976 1133 1112 1166 more
1133 1125 1276 1183 prout
1292 1120 1339 1167 in
1357 1120 1461 1168 aliis
1485 1121 1753 1169 civitatibus
1768 1138 1920 1186 usque

139 1202 259 1249 istuc
292 1200 489 1249 fecerat.
527 1200 630 1247 Dixi
664 1204 920 1264 propterea
954 1202 1113 1250 eidem
1153 1201 1520 1267 archiepiscopo
1555 1204 1683 1267 quod
1715 1205 1775 1252 ad
1809 1221 1919 1253 eum

137 1300 234 1333 non
251 1284 497 1348 spectabat
511 1284 919 1347 indulgentiarum
933 1283 1210 1348 hujusmodi
1229 1284 1508 1348 publicati0‚
1531 1287 1615 1334 sed
1634 1287 1693 1334 ad
1712 1280 1920 1350 aliquem

138 1366 439 1430 capellanum
472 1366 547 1415 vel
584 1366 870 1414 canonicum
909 1366 1036 1413 illius
1075 1367 1280 1416 ecclesie
1322 1368 1371 1416 in
1409 1384 1502 1432 qua
1536 1376 1697 1418 essent
1733 1371 1920 1419 denun-

136 1450 324 1506 ciande,
356 1453 403 1497 et
429 1449 558 1512 quod
593 1465 691 1497 non
724 1449 772 1496 in
803 1448 952 1498 latino
994 1448 1080 1497 sed
1115 1449 1165 1497 in
1203 1450 1385 1514 vulgari
1421 1466 1646 1500 sermone
1684 1452 1919 1501 deberent

134 1533 459 1597 pronunciari.

186 1617 458 1666 >Publicatis
488 1618 813 1682 indulgentiis,
839 1618 1066 1666 mulieres
1092 1622 1139 1666 et
1168 1618 1254 1666 viri
1281 1619 1576 1667 tumultuose
1597 1625 1831 1668 venerunt
1859 1622 1919 1669 ad

135 1701 452 1750 osculandum
480 1717 651 1750 manus
681 1702 843 1766 legati,
877 1703 1004 1766 quod
1035 1703 1182 1751 etiam
1212 1702 1374 1750 facere
1405 1703 1691 1767 inceperunt
1722 1704 1782 1752 ab
1813 1705 1916 1768 ejus

134 1784 329 1833 introitu
347 1786 406 1834 ad
424 1786 696 1846 ecclesiam,
721 1791 768 1834 et
785 1787 1181 1835 continuaverunt
1197 1801 1350 1849 usque
1372 1786 1433 1834 ad
1451 1787 1700 1835 introitum
1716 1787 1777 1835 ad
1790 1788 1917 1852 pala-

137 1868 255 1916 tium
276 1868 551 1933 episcopale
571 1884 659 1932 pro
687 1870 965 1932 receptione
989 1886 1074 1917 sua
1095 1874 1331 1933 paratum.
1357 1869 1490 1917 ldem
1513 1870 1658 1918 etiam
1679 1887 1706 1918 a
1734 1871 1913 1935 populo

138 1951 183 1998 in
213 1951 317 1999 aliis
344 1952 613 2000 civitatibus
644 1952 781 2015 regni
818 1952 996 1999 factum
1033 1951 1181 2000 fuisse
1215 1951 1286 1999 sui
1322 1951 1441 1998 mihi
1471 1952 1755 2000 retulerunt.
1793 1957 1913 2001 Des-

134 2034 296 2083 cendit
316 2035 375 2083 ad
395 2035 624 2099 palatium
652 2035 781 2084 idem
809 2035 1081 2093 cardinalis,
1113 2050 1142 2082 a
1172 2037 1277 2082 Don
1306 2034 1550 2083 Friderico
1579 2040 1626 2083 et
1655 2035 1760 2083 aliis
1782 2052 1913 2084 asso-

134 2106 286 2165 ciatus
314 2133 466 2180 nsque
487 2118 548 2165 ad
578 2134 820 2166 cameram
855 2133 1006 2176 suam,
1038 2117 1136 2174 ubi,
1168 2116 1367 2164 dimisso
1393 2116 1572 2179 legato,
1604 2126 1912 2167 recesserunt

133 2214 320 2248 omnes.
357 2202 458 2263 Ego
495 2200 656 2258 etiam,
692 2200 857 2248 habita
889 2217 917 2248 a
950 2201 1111 2263 legato
1149 2200 1361 2258 licentia,
1405 2200 1526 2248 redii
1564 2202 1815 2265 Neapolim
1852 2202 1912 2250 ad

131 2283 449 2332 ordinandum
472 2283 651 2332 ibidem
678 2284 1009 2348 receptionem
1037 2299 1192 2343 suam,
1227 2284 1340 2347 quia
1364 2284 1535 2332 eadem
1558 2284 1633 2332 die
1663 2290 1765 2332 erat
1786 2287 1911 2333 Nea-

130 2365 279 2429 polim
299 2373 551 2426 venturus3
586 2368 671 2416 sed
699 2368 806 2416 heri
833 2372 1094 2431 antequam
1124 2367 1308 2416 exirem
1333 2368 1604 2431 Neapolim,
1637 2367 1748 2416 dedi
1776 2368 1914 2417 sche-

131 2449 267 2497 dulas
295 2450 671 2510 intimationum,
702 2451 915 2515 prelatis,
941 2454 996 2499 R.
1023 2453 1079 2499 D.
1104 2450 1231 2499 Julio
1254 2451 1483 2515 episcopo
1505 2451 1755 2515 Tropiensi
1777 2452 1911 2515 regio

130 2532 378 2596 capellano
399 2534 571 2598 majori
597 2539 644 2583 et
668 2535 799 2583 clero
822 2550 876 2582 ac
901 2534 1140 2597 religiosis
1168 2534 1371 2583 civitatis
1397 2535 1711 2598 Neapolitane
1733 2535 1912 2584 facien-

129 2614 316 2674 darum,
340 2618 396 2664 R.
422 2618 475 2664 P.
501 2619 556 2664 D.
582 2617 777 2666 Nicolao
796 2617 1004 2666 Antonio
1022 2618 1249 2676 Marensi,
1273 2621 1328 2666 R.
1353 2618 1701 2681 archiepiscopi
1721 2621 1909 2682 Neapo-

131 2697 261 2746 litani
282 2699 457 2748 vicario
480 2701 712 2763 generali,
738 2717 939 2764 quarum
961 2706 1100 2749 tenor
1120 2701 1227 2749 talis
1249 2705 1323 2749 est
1348 2717 1357 2748 :
1408 2735 1410 2738 ψ

199 2802 221 2826 «
258 2782 512 2831 Intimetur
531 2783 754 2831 omnibus
776 2784 1150 2848 archiepiscopis
1173 2789 1220 2832 et
1242 2784 1482 2848 episcopis
1502 2785 1550 2832 in
1573 2785 1761 2834 civitate
1782 2789 1820 2835 N
1827 2801 1908 2835 ea—

128 2866 339 2930 politana
359 2867 650 2927 constitutis,
682 2868 809 2931 quod
838 2868 1047 2917 crastina
1068 2868 1161 2927 die,
1194 2868 1322 2916 circa
1345 2867 1516 2915 horam
1542 2872 1630 2928 xx.
1652 2872 1819 2917 Rmus.
1846 2872 1902 2918 D.

128 2949 383 2998 cardinalis
401 2951 576 2999 Montis
598 2952 788 3016 Regalis
811 2952 1075 3015 apostolice
1095 2951 1221 2999 sedis
1242 2951 1430 3015 legatus
1452 2950 1645 3000 intrabit
1667 2952 1905 3001 civitatem

128 3033 488 3095 Neapolitanam
515 3038 773 3098 propterea
797 3036 943 3084 velint
970 3035 1020 3082 in
1047 3051 1216 3084 eorum
1237 3037 1477 3085 mantellis
1503 3036 1662 3100 longis
1689 3052 1799 3085 cum
1824 3053 1905 3086 ca-

128 3116 279 3179 puciis
303 3119 364 3165 ad
390 3119 566 3168 collum
593 3121 850 3169 tranversis
878 3120 1048 3170 eadem
1072 3121 1150 3168 die
1178 3120 1306 3168 circa
1325 3119 1497 3168 horam
1519 3120 1757 3168 decimam
1779 3123 1906 3167 octa-

127 3214 233 3247 vam
263 3199 312 3246 in
342 3200 546 3250 ecclesia
574 3204 889 3267 Neapolitana
916 3219 1086 3252 omnes
1119 3203 1396 3262 convenire,
1426 3203 1553 3251 unde
1581 3203 1723 3250 simul
1754 3218 1903 3265 usque

128 3281 188 3330 ad
209 3286 429 3330 sanctum
449 3284 844 3336 Julianumextra
863 3292 1050 3352 portam
1073 3291 1346 3352 Capuanam
1366 3287 1483 3346 bini,
1507 3287 1605 3335 bini
1628 3286 1898 3349 equitaturi,

129 3369 176 3413 et
196 3364 409 3428 legatum
430 3365 609 3415 ibidem
628 3371 885 3433 recepturi,
913 3371 1209 3434 dignioribus
1231 3385 1424 3432 semper
1443 3369 1830 3432 precedentibus,

197 3468 220 3492 «
256 3449 507 3497 Intimetur
533 3450 662 3499 clero
689 3467 744 3499 ac
772 3453 995 3501 omnibus
1025 3453 1332 3501 monasteriis
1361 3455 1408 3500 et
1434 3451 1746 3499 conventibus
1774 3452 1898 3496 Nea-
