2216 3886
204 343 314 383 [Mars
332 343 425 384 1499]
650 342 819 382 RERUM
852 340 1155 380 URBANARUM
1182 340 1530 379 COMMENTARII.
1917 347 1989 382 517

273 444 524 493 Dominica
545 444 812 509 palmarum
833 447 1125 512 nuncupata,
1150 458 1242 507 que
1263 442 1352 491 fuit
1373 445 1435 490 24
1462 442 1576 491 dicti
1604 443 1786 509 mensis
1806 446 1982 505 martii,

208 529 293 577 SS.
317 530 374 576 D.
400 530 457 577 N.
481 532 675 592 paratus
703 543 838 577 more
868 528 1028 587 solit0,
1051 527 1179 576 venit
1206 527 1267 575 ad
1299 527 1534 591 capellam
1561 527 1802 591 majorem·
1823 529 1985 592 palatii

206 615 253 658 et
278 611 525 659 benedixit
547 611 732 676 palmas
754 610 899 660 etiam
930 615 1067 659 extra
1094 610 1363 659 cancellum
1390 626 1479 674 per
1501 610 1715 659 diversos
1737 615 1911 670 tentas,
1939 617 1986 661 et

205 694 413 758 receptis
440 694 539 743 suis
569 695 628 743 de
655 695 878 744 manibus
905 695 1029 743 Rmi.
1055 697 1113 743 D.
1135 693 1391 743 cardinalis
1417 694 1717 757 Neapolitani
1744 694 1985 744 distribuit

205 775 310 823 aliis
340 792 476 826 more
510 777 675 837 solito;
709 793 880 826 omnes
923 778 1094 842 prelati
1132 777 1284 842 parati
1327 793 1480 841 usque
1521 779 1583 826 ad
1616 778 1983 843 penitentiarios

206 859 435 909 inclusive
464 865 512 909 et
541 866 760 910 oratores
788 862 934 910 etiam
966 861 1074 910 laici
1101 854 1372 910 habuerunt
1404 877 1563 909 ramos
1597 862 1844 911 olivarum.
1870 865 1986 911 Post

204 943 610 1003 distributionem,
640 944 929 1008 magnificus
955 947 1010 993 D.
1042 944 1293 1004 Oliverius,
1318 960 1524 1008 magnus
1544 945 1776 1009 magister
1795 945 1985 994 Britan-

203 1026 301 1085 nie,
326 1031 488 1076 orator
519 1026 685 1091 regine
713 1028 931 1087 Francie‚
959 1028 1150 1077 ducisse
1179 1028 1442 1087 Britannie,
1470 1028 1602 1077 dedit
1630 1044 1805 1092 aquam
1827 1029 1986 1077 mani⁴

202 1111 291 1158 bus
323 1114 469 1175 Pape.
504 1115 670 1160 Rmus.
694 1114 750 1159 D.
777 1111 1031 1160 cardinalis
1059 1111 1327 1172 celebrans,
1358 1117 1558 1176 recepta
1589 1128 1676 1161 sua
1701 1113 1879 1177 palma,
1903 1113 1985 1161 ivit

202 1194 263 1242 ad
291 1194 630 1255 faldistorium,
663 1195 743 1244 ubi
778 1196 1010 1260 depositis
1043 1196 1239 1260 planeta
1271 1199 1317 1244 et
1353 1196 1549 1256 amictu,
1583 1201 1780 1261 recepta
1812 1213 1981 1260 cappa,

202 1278 390 1342 accepit
407 1278 622 1327 sandalia
639 1283 687 1328 et
704 1279 798 1327 alia
815 1284 1115 1343 paramenta,
1140 1294 1277 1328 more
1297 1279 1457 1327 solito.

217 1411 220 1414 Α
269 1362 550 1410 Passionem
569 1362 792 1411 dixerunt
813 1368 910 1411 tres
933 1362 1148 1426 Hispani,
1174 1362 1370 1425 quidam
1392 1378 1542 1411 senex
1560 1362 1610 1410 in
1635 1377 1754 1411 voce
1777 1378 1985 1427 evange-

198 1445 325 1506 liste,
350 1445 488 1505 alius,
517 1450 687 1495 cantor
716 1446 899 1511 capelle
920 1450 1084 1495 nostre
1115 1446 1164 1494 in
1195 1461 1313 1495 voce
1341 1446 1495 1510 judei,
1519 1450 1566 1495 et
1597 1449 1655 1494 D.
1680 1446 1895 1510 Raphael
1925 1447 1985 1495 de

199 1531 358 1589 Mena,
383 1533 431 1578 et
464 1530 695 1579 diaconus
726 1530 929 1595 capelle,
959 1531 1008 1578 in
1043 1545 1156 1580 voce
1191 1530 1385 1589 Christi,
1420 1530 1544 1579 bene
1576 1529 1818 1579 vociferati
1849 1534 1986 1578 erant

200 1628 388 1674 omnes,
410 1614 516 1662 etsi
544 1618 772 1663 accentus
804 1619 851 1663 et
878 1619 1074 1663 cantum
1105 1614 1290 1677 capelle
1319 1614 1655 1663 observassent
1683 1613 1982 1677 simpliciter,

201 1700 477 1745 cantassent
496 1698 677 1761 optime
697 1714 707 1756 ;
733 1698 818 1747 sed
839 1713 1029 1746 morem
1048 1698 1306 1761 hispanum
1335 1697 1605 1746 miscebant
1626 1701 1792 1746 nostro
1818 1715 1828 1745 ε
1859 1698 1984 1746 male

201 1779 419 1828 sonabat.
443 1780 604 1830 Verba
630 1801 652 1824 «
669 1781 801 1845 flevit
821 1798 997 1840 amare,
1023 1782 1176 1829 emisit
1194 1782 1414 1845 spiritum
1437 1801 1460 1825 »
1487 1785 1655 1829 contra
1676 1782 1985 1845 sepulchrum

203 1866 515 1912 cantaverunt
546 1880 715 1913 omnes
745 1865 897 1913 tribus
932 1865 1128 1913 vocibus
1163 1865 1462 1924 suavissime,
1491 1865 1574 1913 ubi
1605 1865 1755 1929 parati
1790 1865 1985 1913 fuerunt

199 1947 496 2008 paramentis
515 1947 758 1997 violaceis.
779 1949 885 1997 Alia
903 1949 1156 1998 observata
1177 1954 1286 1996 sunt
1306 1964 1442 1997 more
1465 1948 1624 1996 solito.

264 2032 431 2078 Rmus.
476 2033 532 2078 D.
570 2031 826 2079 cardinalis
860 2031 1206 2096 Neapolitanus
1242 2047 1356 2079 usus
1393 2036 1467 2080 est
1505 2047 1683 2095 magna
1714 2032 1980 2096 diligentia,

198 2112 327 2174 quod
348 2114 432 2161 SS.
458 2116 517 2161 D.
541 2116 598 2162 N.
623 2114 852 2178 equitavit
877 2115 954 2164 die
983 2115 1192 2164 crastina
1218 2115 1279 2163 ad
1306 2115 1564 2163 ecclesiam
1587 2115 1798 2164 Minerve
1820 2116 1882 2163 ad
1901 2130 1983 2163 ce-

194 2195 481 2243 lebrandum
502 2196 681 2246 ibidem
698 2198 876 2246 festum
898 2198 1275 2247 annuntiationis
1297 2199 1344 2246 b.
1366 2199 1516 2247 Marie
1535 2199 1730 2264 virginis
1750 2217 1760 2257 ;
1785 2198 1872 2248 sed
1891 2200 1977 2247 SS.

195 2281 252 2326 D.
276 2281 332 2328 N.
354 2280 503 2328 voluit
523 2280 567 2329 ei
589 2282 841 2330 assentire.

259 2363 439 2412 Eadem
459 2365 620 2428 itaque
639 2365 717 2414 die
736 2365 868 2426 lune,
890 2369 949 2415 25
972 2366 1085 2415 dicti
1102 2366 1284 2416 mensis
1306 2368 1484 2427 martii,
1508 2367 1558 2415 in
1579 2383 1674 2431 qua
1695 2366 1781 2416 fuit
1799 2367 1978 2416 festum

193 2446 570 2495 annuntiationis
591 2448 639 2496 b.
664 2449 813 2497 Marie
841 2449 1054 2513 virginis.
1081 2453 1248 2498 Rmus.
1277 2453 1335 2498 D.
1359 2454 1522 2511 Josue,
1549 2451 1804 2515 episcopus
1827 2452 1979 2498 Ascu-

192 2528 347 2590 lanus,
373 2530 631 2580 celebravit
657 2532 863 2580 missam·
885 2532 1155 2581 solemnem
1183 2533 1232 2580 in
1259 2534 1387 2582 dicta
1416 2534 1624 2582 ecclesia
1644 2534 1876 2591 Minerve,
1900 2533 1977 2580 cui

196 2611 519 2662 interfuerunt
539 2630 639 2662 xvn
667 2615 954 2676 cardinales,
984 2616 1207 2665 videlicet
1235 2617 1596 2680 Neapolitanus,
1625 2634 1663 2665 s.
1695 2617 1976 2676 ClementiS,

195 2697 586 2758 Beneventanus,
621 2699 846 2757 Ursinus,
883 2716 922 2747 s.
961 2699 1213 2760 Praxedis,
1248 2716 1287 2747 s.
1325 2700 1565 2765 Dionysii,
1603 2700 1974 2760 Alexandrinus,

197 2796 236 2827 s.
263 2780 445 2840 Crucis,
468 2782 744 2843 Gurcensis,
767 2783 1129 2848 Agrigentinus,
1156 2784 1402 2844 Senensis,
1426 2800 1464 2832 S.
1489 2784 1701 2848 Georgii,
1722 2784 1973 2845 Columna,

193 2863 446 2924 Ascanius,
479 2865 708 2926 Medices,
734 2882 773 2914 s.
809 2867 1022 2915 Severini
1058 2872 1105 2916 et
1139 2868 1411 2916 Farnesius.
1439 2870 1564 2925 Quot
1592 2868 1786 2916 fuerunt
1815 2868 1975 2932 puelle

197 2946 358 2995 dotate
379 2952 461 2995 aut
478 2963 570 3011 que
591 2949 681 2998 alie
710 2951 988 2999 ceremonie
1011 2951 1279 3012 observate,
1305 2951 1470 3000 nescio
1496 2950 1608 3014 quia
1633 2967 1729 2998 non
1761 2951 1971 3009 interfui,

197 3029 257 3076 ad
287 3029 382 3077 hoc
414 3030 626 3080 officium
658 3049 810 3096 usque
838 3034 900 3082 ad
932 3035 1130 3084 missam
1158 3036 1401 3100 inceptam
1434 3038 1658 3093 vocatus3
1691 3038 1890 3098 propter
1919 3049 1977 3081 ea

196 3225 284 3262 clefs
312 3227 550 3275 pontificales.
569 3229 697 3268 C'etait
717 3231 767 3268 lui
788 3231 895 3269 livrer
914 3231 1053 3270 l’Italie.
1076 3245 1095 3266 »
1116 3232 1301 3278 Michelet,
1323 3234 1419 3269 Hist.
1443 3233 1487 3268 de
1506 3233 1655 3272 France,
1678 3234 1704 3267 t.
1727 3229 1807 3275 vlt,
1832 3241 1867 3278 p.
1892 3230 1973 3266 104.

199 3285 332 3331 (Paris,
361 3287 480 3334 1855).
515 3289 605 3326 Jean
637 3291 682 3326 de
717 3291 888 3337 Poitiers,
918 3291 1090 3338 seigneur
1108 3292 1159 3328 ’de
1188 3291 1461 3336 Saint-Vallier,
1489 3293 1651 3338 protesta
1677 3288 1975 3325 solennellernent

195 3355 266 3391 que
292 3345 324 3381 le
351 3347 421 3383 don
443 3347 492 3383 du
511 3348 628 3385 duche
653 3349 698 3386 de
716 3350 940 3387 Valentinois
966 3362 1036 3398 que
1062 3350 1094 3387 le
1121 3351 1173 3387 roi
1199 3351 1321 3388 venait
1345 3351 1390 3386 de
1415 3349 1502 3386 faire
1528 3352 1549 3385 a
1575 3349 1686 3385 Cesar
1712 3348 1860 3396 Borgia,
1887 3363 1906 3381 «
1928 3360 1973 3383 ne

199 3407 265 3452 put
289 3405 391 3442 nuire
409 3408 429 3442 a
457 3418 523 3443 son
550 3407 672 3444 droit:
696 3423 714 3441 η
735 3409 827 3458 Voy.
850 3409 894 3447 N.
918 3409 1099 3454 Chorrier,
1120 3412 1216 3448 Hist.
1239 3413 1361 3455 ῃέηέν.
1390 3410 1433 3445 de
1460 3408 1653 3455 Dauphim‘
1680 3407 1801 3454 (1672,
1824 3407 1976 3451 in-fol.)‚

201 3467 227 3499 t.
252 3463 295 3504 ΙΙ,
318 3475 354 3511 p.
377 3465 460 3502 499.
