2248 3906
301 333 370 368 408
902 325 1137 363 JOHANNIS
1172 325 1467 374 BURCHARDI,
1802 334 1964 374 [Octobrc
1987 340 2081 382 1497]

299 432 524 482 eumdem
551 435 747 496 pontem
769 436 815 480 et
840 446 926 495 per
946 447 984 478 s.
1010 431 1208 479 Mariam
1238 432 1499 480 Minervam
1521 433 1808 494 Rotundam,
1839 451 1926 499 per
1952 438 2072 497 viam

299 516 461 563 Turris
492 514 764 578 Sanguinee
795 518 927 561 recta
956 513 1029 560 via
1060 529 1226 562 versus
1255 514 1508 562 ecclesiam
1538 532 1577 563 s.
1612 516 1736 564 Celsi
1767 533 1854 580 per
1882 527 2077 582 pontem

300 616 339 647 s.
369 599 539 662 Angeli
571 597 709 645 rediit
738 598 796 643 ad
826 596 1073 659 palatium,
1108 596 1430 645 cardinalibus
1461 598 1586 647 inter
1613 599 1767 663 ipsum
1800 606 1998 664 pontem
2030 610 2078 655 et

282 681 552 743 *ecclesiam
582 695 620 726 s,
651 678 800 726 Marie
822 677 1150 741 transpontine
1177 677 1450 727 licentiatis.
1482 682 1647 729 Rmus.
1681 684 1736 729 D.
1770 698 1808 730 s.
1842 685 2070 735 Praxedis

299 763 414 810 dixit
434 762 551 809 mihi
574 761 621 808 in
644 760 849 809 ecclesia
869 760 1085 824 predicta
1105 777 1182 808 me
1204 761 1320 809 alias
1343 762 1431 809 sibi
1453 763 1628 812 dixisse
1647 764 1795 828 quod,
1821 768 1950 831 Papa
1971 770 2073 819 sine

299 846 438 893 mitra
456 845 718 909 equitante,
743 844 1009 892 cardinales
1031 843 1209 892 debent
1231 858 1340 891 eum
1364 845 1498 907 sequi
1521 849 1567 894 et
1587 845 1653 905 id,
1676 846 1770 895 hoc
1792 863 1952 909 mane,
1978 866 2075 899 non

298 944 530 977 servasse.
555 927 797 990 Respondi
818 927 864 974 id
888 943 945 975 ex
973 942 1083 974 meo
1106 926 1297 974 defectu
1324 943 1420 975 non
1443 929 1706 991 procedere
1729 917 1813 978 sed
1837 946 1896 979 ex
1916 934 2076 996 ponti-

297 1012 401 1059 ficis
429 1011 669 1059 voluntate
695 1010 775 1073 qui
803 1010 921 1057 mihi
947 1009 1194 1058 videbatur
1213 1009 1468 1058 inclinatus
1490 1011 1550 1059 ad
1570 1011 1919 1062 observandum
1946 1015 2075 1064 hunc

297 1095 542 1159 equitandi
582 1094 798 1142 modum.
842 1093 1164 1142 Interfuerunt
1204 1094 1593 1156 quartuordecim
1631 1096 1896 1146 cardinales
1934 1114 2077 1163 supra

297 1179 547 1238 nominati,
573 1182 620 1227 et
641 1193 816 1241 magna
836 1177 1050 1241 gentium
1079 1192 1340 1236 armorum,
1367 1177 1581 1240 equitum
1604 1182 1651 1227 et
1677 1179 1893 1242 peditum
1916 1182 2070 1245 copia.

360 1262 699 1326 Superioribus
733 1261 920 1319 diebus,
951 1260 1078 1308 venit
1106 1260 1165 1308 ad
1194 1261 1371 1309 Urbem
1403 1261 1571 1309 relatio
1602 1263 1730 1324 quod
1759 1263 1836 1312 die
1867 1265 2070 1324 sabbati,

293 1347 462 1394 ultima
488 1346 668 1394 mensis
697 1344 982 1409 septembris
1012 1344 1230 1407 proxime
1259 1344 1493 1407 preteriti,
1527 1346 1875 1408 proclamatum
1903 1347 2072 1396 fuisset

294 1430 483 1493 publice
517 1445 605 1493 pei
630 1429 869 1476 civitatem
900 1427 1264 1491 Neapolitanam
1294 1427 1473 1476 bellum
1500 1427 1627 1477 inter
1656 1429 1960 1519 Federicum,
1992 1447 2069 1478 re-

294 1528 404 1576 gem
425 1513 793 1576 Neapolitanum
815 1515 861 1559 et
882 1511 1146 1575 principem
1170 1510 1370 1559 Salerni.

361 1597 499 1644 Feria
527 1595 753 1644 secunda.
780 1599 806 1642 9
832 1594 1012 1642 mensis
1035 1593 1261 1652 octobliS,
1288 1594 1377 1642 fuit
1397 1598 1638 1643 secretum
1661 1596 1999 1645 consistorium
2019 1598 2066 1645 in

291 1696 386 1744 quo
416 1680 566 1746 lectus
598 1679 685 1726 suit
713 1693 969 1741 processus
997 1682 1164 1725 contra
1199 1680 1253 1725 D.
1291 1677 1705 1737 Bartholomeum,
1740 1679 2068 1743 archiepisco-

289 1780 403 1828 pum
426 1762 753 1834 Cusentinpm,
788 1762 870 1808 SS.
897 1763 953 1808 D.
979 1760 1129 1819 nostri
1152 1760 1481 1819 secretarium,
1511 1761 1719 1821 habitus,
1752 1751 1799 1810 et
1826 1762 2067 1811 confessio

288 1863 374 1911 per
401 1862 510 1894 eum
541 1846 668 1893 sacta
694 1860 748 1893 ac
775 1845 938 1908 plures
966 1844 1148 1891 minute
1178 1843 1408 1904 brevium,
1442 1849 1492 1892 ut
1519 1844 1785 1905 dicebatur,
1821 1845 1923 1893 sine
1946 1846 2066 1894 scitu

286 1933 332 1978 ct
352 1930 594 1993 volun-tate
618 1930 701 1977 SS.
729 1931 784 1975 D.
812 1930 867 1976 N'.
893 1943 1015 1991 pape
1042 1927 1393 1990 expeditorum.

351 2016 405 2060 Et
440 2014 515 2061 die
544 2011 791 2070 mercurii,
830 2015 878 2058 11
914 2010 1133 2075 ejusdem
1160 2011 1359 2070 mensis,
1395 2010 1442 2058 in
1478 2011 1571 2059 alio
1603 2017 1790 2060 secreto
1824 2013 2063 2061 consisto-

284 2097 370 2156 rio,
403 2098 486 2145 SS.
519 2099 576 2143 D.
602 2099 783 2153 noster,
809 2109 907 2142 non
936 2094 994 2142 de
1016 2093 1218 2141 consilio
1246 2094 1578 2153 cardinalium,
1610 2095 1658 2142 in
1686 2096 1929 2159 presentia
1955 2096 2063 2160 plu-

284 2181 515 2228 rimorum
545 2179 842 2242 prelatorum
875 2193 930 2225 ac
965 2180 1255 2224 RRmorum.
1290 2181 1496 2240 patrum,
1531 2180 1587 2224 D.
1624 2180 1677 2225 P.
1711 2179 2060 2243 archiepiscopi

283 2262 551 2326 Regiensis,
581 2261 705 2310 alme
731 2260 869 2308 Urbis
892 2259 1244 2323 gubernatoris,
1271 2276 1326 2308 ac
1347 2260 1474 2308 Petri
1503 2260 1561 2308 de
1583 2261 1822 2320 Vicentia,
1848 2262 2061 2326 episcopi

284 2336 638 2404 Cesenatensis,
675 2344 805 2392 curie
839 2359 1093 2392 causarum
1126 2358 1317 2392 camere
1351 2343 1613 2406 apostolice
1650 2345 1889 2408 generalis
1927 2345 2063 2393 audi-

283 2430 414 2488 toris,
458 2428 902 2477 commissariorum
942 2442 1085 2475 cause
1124 2426 1237 2474 dicti
1277 2426 1630 2491 archiepiscopi
1671 2428 1918 2476 Cusentini
1964 2429 2061 2477 sive

284 2517 453 2561 contra
482 2527 593 2560 eum
624 2527 710 2575 per
740 2511 911 2558 fiscum
942 2515 1092 2569 mote,
1125 2525 1180 2558 ac
1211 2513 1311 2557 DD.
1346 2511 1611 2573 Burgundi,
1643 2511 1814 2574 Angeli
1842 2512 1901 2560 de
1929 2513 2062 2560 Cesis

284 2599 331 2644 et
372 2595 574 2643 aliorum
612 2594 958 2642 advocatorum’
996 2598 1041 2642 et
1078 2597 1445 2656 procuratorum
1483 2592 1586 2640 fisci
1627 2597 1673 2642 et
1712 2594 2062 2658 archiepiscopi

285 2678 508 2742 predicti,
547 2677 651 2725 tulit
685 2676 974 2726 sententiam
1009 2681 1174 2724 contra
1207 2679 1262 2724 D.
1298 2675 1712 2740 archiepiscopum
1747 2678 2060 2726 Cusentinum

288 2762 556 2820 absentem,
586 2760 632 2807 in
654 2760 925 2808 carceribus
947 2759 1091 2808 castri
1116 2776 1154 2807 s,
1176 2759 1345 2822 Angeli
1367 2759 1632 2818 detentum,
1653 2775 1740 2822 per
1759 2776 1903 2823 quam
1925 2776 2061 2809 eum-

289 2845 399 2892 dem
425 2843 738 2892 secretarium
760 2858 900 2891 suum
927 2842 1343 2905 archiepiscopatu
1373 2846 1420 2889 et
1442 2842 1664 2890 omnihus
1686 2842 1788 2890 aliis
1810 2842 2060 2890 beneficiis

286 2927 481 2991 privavit
510 2931 558 2974 et
582 2926 640 2974 ab
669 2926 799 2973 omni
828 2925 992 2973 ordine
1023 2924 1246 2988 deposuit
1272 2928 1318 2972 et
1344 2924 1618 2988 degradavit
1647 2940 1702 2973 ac
1731 2925 2060 2988 pronunciavit

286 3011 415 3059 curie
434 3010 638 3059 seculari
661 3009 972 3069 tradendum3
995 3009 1303 3057 committens
1322 3007 1663 3056 commissariis
1680 3007 1911 3072 predictis
1930 3008 2059 3071 quod

284 3099 453 3143 contra
480 3094 702 3142 eumdem
723 3093 977 3156 privatum,
1011 3092 1283 3156 depositum
1312 3095 1425 3151 etc.,
1450 3095 1591 3155 prout
1619 3091 1677 3140 de
1695 3092 1824 3156 jure,
1849 3091 1910 3140 ad
1934 3092 2058 3142 ulte—

283 3178 411 3226 riora
439 3176 774 3241 procederent.
810 3174 898 3232 Qui
930 3174 1265 3234 commissarii,
1297 3174 1374 3223 die
1403 3174 1608 3233 veneris,
1646 3177 1701 3232 13
1735 3174 1847 3223 dicti
1878 3173 2057 3223 mensis

283 3260 510 3317 octobris,
535 3260 583 3307 in
605 3264 764 3309 castro
792 3276 831 3307 s.
861 3258 1029 3322 Angeli
1055 3258 1320 3318 constituti,
1350 3258 1619 3322 predictum
1648 3258 1761 3306 olim
1793 3259 2057 3323 archiepis-

284 3359 459 3408 copum
494 3344 822 3404 Cusentinum,
856 3358 1019 3391 coram
1049 3342 1118 3391 eis
1150 3341 1468 3406 personaliter
1499 3342 1832 3400 constitutum,
1865 3341 1925 3390 ad
1956 3341 2057 3389 ins-

285 3427 485 3476 tantiam
505 3429 561 3474 D.
582 3427 781 3475 Mariani
800 3426 1046 3486 Cocchini,
1066 3425 1385 3490 procuratoris
1405 3424 1580 3473 fiscalis
1598 3425 1776 3474 ibidem
1795 3423 2050 3489 presentis,
