2228 3938
157 304 367 347 [Decembre
387 304 482 343 1492]
608 300 779 338 RERUM
813 300 1117 337 URBANARUM
1150 299 1503 336 COMMENTARII.
1908 304 1950 339 31

160 405 307 455 etiam
339 403 515 452 intuitu
555 403 756 467 reliquie
798 402 1016 467 predicte
1050 403 1249 451 ‘ostense
1291 401 1455 461 fuere,
1500 401 1581 464 qui
1613 401 1775 450 locum
1812 420 1952 452 suum

77 499 80 504 '
159 488 418 553 pristinum
443 488 629 546 habuit,
659 487 882 536 videlicet
907 487 1034 536 inter
1060 486 1325 534 Ascanium
1352 489 1400 534 et
1427 484 1582 533 sancti
1614 486 1828 534 Severini
1854 488 1952 536 dia-

160 588 310 622 conos
332 572 620 622 cardinales.
647 571 863 621 Ostensis
894 570 1109 635 reliquiis
1129 569 1379 634 predictiS‚
1405 571 1495 618 SS.
1518 572 1577 617 D.
1602 571 1659 617 N.
1686 570 1951 618 associatus

160 657 221 705 ab
258 657 482 706 omnibus
527 656 852 706 cardinalibus
883 654 1113 720 predictis
1146 659 1196 703 et
1227 656 1284 702 D.
1320 653 1585 714 FridericO,
1624 653 1687 701 ad
1718 653 1951 717 palatium

161 756 381 790 reversus
413 745 487 790 est
526 756 615 805 per
643 756 790 789 novas
835 755 1069 798 cameraS,
1112 738 1162 786 in
1196 753 1403 802 quarum
1431 740 1620 801 quarta,
1655 742 1812 786 vestes
1853 738 1950 787 sive

161 829 448 874 ornamenta
467 840 606 873 sacra
631 824 812 872 dimisit
838 822 1036 872 omnino
1064 821 1253 881 attrita3
1284 825 1332 871 et
1350 837 1438 886 pro
1466 837 1581 885 rege
1607 821 1949 885 Hispaniarum

159 908 208 956 in
230 908 380 957 missa
398 908 616 972 predicta
635 908 831 955 fuerunt
850 907 942 955 hec
961 907 1024 971 (1)
1048 924 1057 953 :

978 1035 1158 1084 Oratio.

221 1138 348 1187 Deus
373 1139 456 1203 qui
480 1139 720 1187 charitatis
749 1138 873 1186 dona
885 1154 975 1202 per
991 1138 1202 1203 qratiam
1226 1154 1266 1185 s.
1291 1136 1502 1201 Spiritus
1525 1144 1712 1186 tuorum
1733 1139 1948 1188 cordibus

151 1222 370 1286 fidelium
403 1223 678 1288 infundisti,
710 1223 770 1270 da
792 1222 980 1287 famulo
1014 1229 1092 1270 tuo
1117 1221 1424 1270 Ferdinando
1451 1221 1556 1285 reyi
1574 1220 1663 1285 pro
1693 1239 1785 1287 quo
1816 1231 1947 1271 tuam

156 1306 465 1370 deprecamur
482 1307 777 1355 clementiam
797 1307 997 1354 salutem
1017 1306 1185 1354 mentis
1207 1313 1254 1353 et
1269 1305 1492 1369 corporis,
1518 1313 1574 1353 ut
1591 1313 1632 1353 te
1654 1313 1747 1354 tota
1775 1307 1944 1355 virtute

155 1391 329 1455 diliyat
348 1399 395 1439 et
411 1408 500 1456 que
523 1390 605 1439 tibi
610 1391 791 1455 placita
811 1398 928 1438 sunt
946 1398 1040 1438 tota
1061 1390 1305 1438 dilectione
1319 1389 1557 1454 perficiat.

218 1475 448 1524 *Miserere
467 1491 740 1540 quesumus,
763 1474 986 1535 Domine,
1009 1474 1197 1540 famulo
1216 1481 1294 1522 tuo
1308 1473 1614 1522 Ferdinando
1635 1474 1740 1538 reyi
1746 1490 1835 1538 pro
1854 1491 1944 1539 quo

153 1559 240 1607 hoc
258 1559 545 1623 sacrificium
571 1558 725 1605 laudis
754 1565 830 1605 tue
850 1557 1093 1623 offerimus
1114 1557 1372 1621 majestati,
1403 1565 1459 1605 ut
1473 1573 1567 1621 per
1584 1556 1708 1605 lianc
1733 1568 1946 1606 sanctam

151 1643 358 1708 qratiam
379 1642 713 1690 incolumitatis
728 1642 935 1690 obtineat
951 1650 999 1690 et
1008 1650 1163 1691 eterne
1175 1641 1474 1690 beatitudinis
1490 1641 1694 1707 qloriam
1709 1642 1940 1707 acquirat.

218 1725 318 1773 Per
342 1725 624 1784 Dominum,
649 1732 756 1783 etc.,
777 1725 956 1772 Amen.

930 1856 1146 1904 Oremus.

226 1956 397 2005 Omnia
418 1956 576 2004 divina
604 1957 800 2004 libantes
827 1957 1052 2019 mysteria
1076 1974 1349 2021 quesumus,
1379 1958 1602 2017 Domine,
1629 1966 1687 2005 ut
1706 1957 1789 2005 lzec
1814 1958 1944 2005 salu·

155 2040 276 2087 taria
295 2046 591 2087 sacramenta
607 2038 911 2086 Ferdinando
930 2039 1118 2103 famulo
1135 2046 1212 2086 tuo
1232 2039 1335 2103 reqi
1348 2039 1609 2103 proficiant
1632 2039 1698 2086 ad
1703 2040 1943 2103 prosperi-

156 2130 295 2170 tatem
317 2130 362 2170 et
376 2139 546 2186 pacem
564 2139 656 2187 pro
683 2122 825 2185 cujus
853 2123 1172 2171 incolumitate
1196 2123 1278 2171 bec
1305 2131 1382 2171 tue
1404 2123 1656 2171 obtulimus
1670 2123 1934 2187 majestati.

152 2207 253 2254 Per
270 2206 534 2254 Dominum
557 2214 787 2265 nostrum,
813 2213 899 2253 etc.
925 2206 1103 2254 Amen.

217 2307 398 2355 Eadem
421 2306 517 2366 die,
541 2308 623 2355 SS.
645 2308 703 2354 D.
728 2307 785 2354 N.
813 2321 1057 2354 cameram
1078 2306 1317 2371 papagalli
1339 2306 1507 2355 exiens
1529 2307 1774 2356 commisit
1796 2308 1933 2367 mihi,

153 2395 204 2438 ut
238 2389 500 2454 magnifico
534 2392 642 2437 Don
672 2388 884 2438 Joffredo
915 2389 976 2455 (2)
1013 2390 1206 2454 Borgia,
1246 2389 1524 2438 Sanctitatis
1558 2406 1644 2440 sue
1674 2391 1939 2440 secundum

152 2489 348 2523 carnem
371 2472 536 2537 nepoti
568 2488 627 2521 ex
654 2486 823 2520 sorore
855 2487 941 2519 sua
967 2472 1147 2521 carnali
1179 2477 1312 2534 nato,
1350 2473 1514 2521 locum
1545 2473 1711 2522 darem
1740 2473 1790 2521 in
1817 2474 1937 2522 solio

153 2573 238 2607 suo
265 2562 375 2622 post
401 2556 780 2605 illustrissimum
810 2558 867 2603 D.
899 2556 1130 2606 comitem
1157 2556 1367 2606 Pitiliani
1389 2557 1607 2607 Ecclesie
1629 2557 1937 2622 capitaneum

153 2642 432 2707 generalem
454 2645 502 2690 et
523 2641 696 2690 ducem
725 2641 863 2699 Sore,
892 2640 1131 2702 similiter,
1166 2645 1212 2690 et
1237 2641 1286 2689 in
1314 2641 1474 2690 eundo
1501 2641 1563 2690 ad
1592 2641 1850 2690 ecclesiam
1881 2657 1937 2689 ac

151 2725 283 2773 illinc
310 2724 560 2773 redeundo
589 2729 636 2772 et
661 2722 765 2770 aliis
792 2722 998 2787 publicis
1029 2724 1367 2785 conventibus;
1405 2726 1535 2789 quod
1562 2729 1610 2773 et
1645 2725 1753 2773 feci.
1779 2724 1937 2773 Finita

152 2807 318 2869 missa,
344 2809 427 2856 SS.
449 2811 508 2856 D.
531 2809 588 2856 N.
611 2806 662 2855 in
682 2823 875 2856 camera
893 2823 979 2856 sua
999 2812 1189 2857 secreta
1209 2809 1268 2858 de
1290 2809 1607 2857 cardinalium
1628 2808 1854 2867 consilio,
1884 2812 1936 2856 ut

151 2891 301 2940 moris
323 2895 414 2950 est,
435 2890 639 2956 prefecit
660 2894 716 2939 R.
743 2894 795 2940 P.
821 2894 877 2941 D.
898 2891 1172 2941 Johannem
1190 2896 1346 2958 Lopez
1364 2880 1602 2941 datarium
1616 2879 1759 2941 suum
1781 2892 1937 2941 eccle-

152 2975 222 3025 sie
243 2975 495 3036 Perusine,
518 2991 607 3040 per
638 2975 824 3024 obitum
854 2976 982 3026 bone
1012 2977 1248 3026 memorie
1283 2977 1565 3043 Hieronymi
1592 2976 1791 3025 Balhani
1814 2976 1937 3041 epis-

201 3133 234 3171 1.
259 3132 357 3171 Telle
376 3138 434 3171 est
451 3133 486 3170 la
505 3133 608 3179 lecon
629 3134 678 3170 du
697 3145 788 3171 mss.
816 3133 911 3170 5522
932 3136 968 3170 et
987 3134 1036 3170 du
1060 3145 1150 3171 mss.
1175 3132 1295 3182 Chigi.
1325 3133 1374 3170 Le
1397 3145 1488 3171 mss.
1509 3132 1563 3181 {de
1589 3132 1762 3170 Florence
1782 3133 1878 3180 (149)
1902 3138 1937 3170 et

151 3201 185 3238 le
208 3192 302 3228 5160
329 3194 490 3230 donnent.
512 3204 522 3230 ;
544 3208 564 3228 ι(
645 3204 748 3230 sacra
773 3193 911 3230 dimisit
932 3205 940 3230 :
963 3193 1077 3230 oratio
1105 3205 1148 3230 ac
1180 3197 1333 3240 secreta,
1360 3197 1397 3230 et
1421 3197 1506 3242 post
1536 3193 1839 3238 communionem,
1870 3205 1936 3241 pro

149 3261 237 3298 rege
256 3250 523 3298 Hispaniarum,
544 3252 583 3288 in
603 3252 720 3288 missa
738 3252 914 3300 predicta,
936 3251 1031 3290 lecta
1047 3253 1194 3290 fuerunt
1210 3253 1278 3289 hec
1295 3264 1304 3289 ε
1327 3267 1362 3290 ».

198 3311 233 3347 2.
261 3310 371 3346 Jot't're
385 3309 470 3346 etait
482 3310 514 3346 le
526 3311 585 3348 fils
599 3312 649 3348 du
662 3323 769 3360 pape.
781 3311 1056 3360 Burchard,qui
1070 3311 1103 3349 le
1114 3305 1275 3360 designe'
1283 3311 1328 3348 ici
1343 3324 1480 3349 comme
1491 3324 1608 3350 neveu
1619 3311 1861 3349 d'Alexandre
1869 3310 1932 3355 Vl,

142 3365 317 3418 'l’appelle
338 3367 483 3406 ailleurs
502 3369 535 3406 le
555 3370 613 3407 fils
634 3371 683 3407 du
701 3382 808 3420 pape.
830 3372 952 3421 Voyez
966 3370 1002 3408 la
1013 3373 1132 3409 Revuc
1146 3373 1208 3409 des
1224 3373 1408 3419 questions
1422 3373 1654 3420 historiques,
1669 3373 1774 3417 1881,
1787 3383 1823 3419 p.
1839 3372 1930 3415 378;

151 3433 188 3466 et
206 3429 241 3466 la
259 3432 344 3466 note
368 3430 400 3473 ¹,
422 3439 457 3475 p.
479 3429 563 3473 275,
585 3432 613 3466 t.
635 3429 652 3465 Ι
671 3430 716 3466 de
737 3435 832 3467 cette
853 3431 938 3469 edit.
