2202 3900
134 294 409 336 [sannen-1497]
580 297 749 334 RERUM
782 297 1084 335 URBANARUM
1118 297 1468 335 COMMENTARII.
1844 302 1913 338 353

200 397 469 457 Dominica,
503 402 558 447 15
582 399 811 462 januarii,
833 395 1002 464 gentes
1033 416 1125 464 que
1147 403 1282 448 extra
1308 399 1625 447 Braecianum
1646 405 1804 448 castra
1823 403 1909 449 ob-

135 480 405 539 servabant,
443 481 758 530 Braccianum
790 483 947 547 ipsum
980 499 1066 548 per
1097 498 1261 532 muros
1293 499 1404 532 cum
1439 484 1579 531 scalis
1613 483 1905 542 invaserunt,

130 563 304 612 iterum
331 564 513 628 absque
538 566 744 630 profictu
772 571 819 616 et
850 584 959 615 cum
987 583 1162 632 magno
1191 567 1386 616 damno.
1417 567 1659 615 interfecti
1689 568 1819 615 enim
1849 584 1907 618 ex

131 647 360 695 Suizzeris
389 653 526 697 erant
546 666 607 697 XL
627 654 674 698 et
696 655 833 699 erant
853 668 914 699 Lx
932 650 1184 706 vulnerati,
1209 651 1412 699 aliarum
1434 666 1547 700 vero
1575 652 1792 715 gentium
1813 653 1908 701 cir-

121 731 250 778 ·citer
268 736 463 779 centum
483 734 679 791 mortui,
701 738 750 782 et
766 734 873 798 plus
891 734 1123 783 vulnerati
1146 738 1193 782 et
1215 734 1336 782 adeo
1359 734 1549 782 confusi
1579 735 1707 798 quod
1731 737 1904 785 exinde

129 818 174 860 et
198 818 456 877 propterea
479 814 704 862 Carolum
727 815 785 864 de
809 816 1009 875 Ursinis,
1037 816 1187 863 filium
1211 816 1491 865 bastardum
1513 819 1567 865 D.
1592 819 1792 867 Gentilis
1814 822 1904 868 Ur-

128 895 235 955 sini,
261 901 309 943 et
333 896 633 946 Vitellotium
654 898 881 947 Vitellum
911 899 969 947 de
997 899 1195 948 Civitate
1224 900 1415 949 Castelli
1444 916 1556 948 cum
1582 902 1835 966 armigeris
1857 907 1904 951 et

124 979 366 1042 peditibus
412 980 604 1029 circiter
646 981 883 1042 ducentis,
926 983 1005 1046 qui
1045 983 1094 1030 in
1132 999 1416 1031 succursum
1459 984 1708 1033 Bracciani
1740 985 1904 1034 venie-

124 1063 255 1123 bant,
274 1064 344 1116 ,ab
366 1065 559 1129 incepto
579 1081 726 1129 opere
748 1065 980 1114 desistere
1003 1066 1274 1130 oportebat.

187 1149 516 1196 Deseruerunt
561 1149 707 1212 igitur
745 1154 914 1212 gentes
954 1155 1117 1198 nostre
1165 1155 1375 1200 castrum
1409 1152 1677 1212 Braeciani,
1714 1157 1901 1217 postea,

125 1234 178 1278 21
211 1232 438 1296 januarii,
471 1233 579 1280 ituri
616 1232 802 1281 obviam
839 1233 1009 1282 Carolo
1037 1239 1082 1282 et
1117 1234 1362 1283 Vitellotio
1397 1240 1443 1284 et
1478 1236 1703 1300 gentibus
1741 1253 1906 1301 supra-

123 1315 264 1363 dictis
289 1316 368 1381 (1).

191 1400 479 1448 Nunciatum
501 1405 573 1448 est
594 1400 669 1447 his
690 1400 859 1448 diebus
889 1399 1049 1447 Gallos
1070 1399 1119 1447 in
1142 1416 1318 1464 magno
1349 1418 1553 1450 numero
1576 1403 1698 1451 citra
1714 1386 1906 1452 mon-tes

124 1484 313 1532 venisse
335 1488 398 1542 et,
430 1487 484 1532 13
513 1483 656 1548 hujus
684 1483 865 1532 mensis
884 1483 1111 1547 januarii,
1137 1484 1380 1533 civitatem
1402 1486 1710 1535 Casalensem
1741 1487 1907 1534 ditioni

124 1585 208 1616 sue
244 1568 512 1632 subegisse,
545 1584 600 1617 ac
639 1571 695 1616 18
725 1567 946 1632 ejusdem
979 1568 1448 1628 mensis,‚Gentilem
1483 1569 1708 1617 Ursinum
1744 1570 1826 1629 (2),
1860 1571 1909 1617 in

125 1652 315 1700 civitate
358 1652 674 1715 Neapolitana
719 1651 848 1699 diem
891 1652 1123 1700 clausisse
1161 1657 1456 1711 extremum;
1495 1657 1543 1700 et
1582 1653 1629 1701 in
1670 1659 1909 1702 conventu

126 1735 266 1784 beate
288 1735 436 1783 Mat-ie
460 1736 563 1783 Alle
578 1737 742 1783 Grotte
766 1734 947 1782 ordinis
963 1751 1208 1782 servorum
1227 1735 1367 1784 beate
1388 1735 1557 1796 Marie,
1579 1739 1713 1786 extra
1728 1739 1912 1801 Neapo-

127 1819 230 1878 lini,
258 1835 399 1867 suum
421 1819 626 1867 cadaver
647 1818 976 1867 ecclesiastice
996 1819 1242 1882 sepulture
1266 1819 1516 1868 traditum.

190 1903 330 1950 Feria
364 1902 522 1962 tertia,
562 1905 621 1949 24
663 1902 844 1951 mensis
875 1902 1102 1966 januarii,
1140 1902 1334 1950 habitus
1375 1907 1446 1950 est
1491 1903 1745 1951 conflictus
1782 1903 1908 1952 inter

128 1991 297 2050 gentes
331 1988 486 2050 Pape,
520 1985 804 2035 Ursinorum
839 1990 887 2035 et
919 1986 1224 2035 Vitelliorum
1264 2002 1413 2050 prope
1454 1986 1771 2034 Braecianum
1812 1986 1909 2034 sive

131 2073 397 2119 Bassanum
425 2075 471 2119 et
499 2074 712 2118 castrum
734 2069 1010 2128 Surianum,
1038 2074 1086 2118 et
1114 2070 1476 2117 succubuerunt
1497 2074 1666 2134 gentes
1694 2069 1909 2118 Ecclesie

84 2209 93 2215 „
130 2170 240 2201 cum
276 2169 453 2218 magno
487 2153 726 2202 dedecore
763 2157 811 2201 et
832 2153 1042 2217 jactura.
1080 2155 1187 2200 Dux
1215 2152 1550 2201 Urbinatensis
1581 2157 1626 2201 et
1648 2152 1910 2222 Feltrensis

128 2242 295 2303 captus
332 2242 431 2296 est;
467 2237 772 2286 Switensium
803 2236 976 2284 mortui
1017 2240 1127 2284 sunt
1160 2236 1352 2284 circiter
1379 2235 1572 2285 ducenti
1603 2240 1651 2283 et
1683 2235 1825 2292 ultra,
1865 2239 1910 2283 et

130 2323 254 2371 inter
276 2337 360 2370 eos
381 2323 438 2369 D.
469 2320 707 2384 Georgius
729 2320 787 2368 de
818 2318 1143 2383 Rinolspergh
1173 2319 1455 2368 Cistetensis
1478 2323 1526 2367 et
1548 2318 1910 2382 Ratisponensis

129 2411 175 2454 et
207 2405 408 2454 aliarum
439 2403 755 2453 ecclesiarum
783 2403 1060 2460 canonicus,
1085 2402 1409 2451 cubicularius
1437 2404 1522 2451 SS.
1548 2405 1607 2450 D.
1630 2405 1687 2450 N.
1712 2417 1834 2465 pape
1863 2406 1911 2449 et

127 2489 367 2537 dictorum
402 2488 701 2536 Switentium
743 2487 962 2551 provisor
994 2502 1078 2534 seu
1123 2486 1543 2549 superintendens,
1577 2486 1626 2533 in
1658 2485 1911 2548 presbyte-

128 2579 259 2622 ratus
287 2572 454 2621 ordine
482 2572 794 2628 constitutus;
825 2575 872 2618 et
899 2570 1104 2617 aliorum
1135 2570 1259 2618 forte
1289 2574 1427 2617 erant
1456 2569 1678 2627 trecenti,
1703 2572 1751 2616 et
1772 2567 1909 2615 multi

129 2655 389 2714 vulnerati3
427 2670 596 2702 omnes
639 2653 863 2702 machine
905 2657 1068 2701 nostre
1112 2668 1200 2716 per
1236 2653 1435 2701 Ursinos
1472 2658 1610 2716 capte
1650 2656 1698 2699 et
1739 2657 1909 2714 gentes

130 2744 293 2790 nostre
316 2739 512 2787 omnino
532 2737 746 2802 disperse
770 2735 856 2796 (3).

197 2823 337 2872 Feria
373 2822 564 2887 quinta,
601 2824 662 2869 26
695 2819 925 2885 januarii,
963 2818 1271 2868 reconciliata
1308 2818 1398 2866 fuit
1438 2834 1527 2882 per
1556 2821 1611 2866 R.
1637 2818 1692 2865 'in
1720 2816 1908 2866 Christo

129 3019 216 3045 auro
235 3007 410 3045 confectis
431 3006 622 3044 ecclesiam
640 3005 792 3043 dotavit.
815 3020 831 3039 n
857 3004 1016 3051 Muralti,
1032 3004 1210 3047 Annalia,
1230 3002 1356 3048 Milan,
1379 3002 1484 3047 1861,
1506 3013 1592 3050 pag.
1614 3003 1674 3038 54.
1691 3001 1783 3050 Voy.
1807 3001 1908 3038 aussi

130 3068 283 3112 Sanuto,
304 3069 440 3112 Βίανίἰ,
459 3071 486 3104 t.
509 3067 538 3112 I,
560 3065 628 3103 col.
653 3066 766 3103 457-8
786 3069 822 3102 et
842 3066 924 3103 491.
976 3098 980 3101 .

176 3128 210 3163 1.
238 3126 331 3174 Voy.
354 3126 507 3172 Sanuto,
527 3127 665 3168 Diarii,
688 3130 714 3163 t.
739 3127 765 3170 Ι,
789 3125 857 3163 col.
880 3126 1001 3170 468-9,
1025 3125 1094 3161 473
1114 3123 1268 3172 passim.

173 3187 209 3223 2.
241 3200 259 3219 «
347 3184 457 3222 Como
477 3185 510 3221 el
531 3185 659 3233 signor
676 3185 843 3234 Virginio
864 3185 986 3222 Orsini
1005 3196 1067 3222 era
1091 3188 1207 3220 morto
1227 3183 1250 3218 li
1271 3193 1292 3218 a
1311 3180 1439 3228 Napoli
1460 3180 1497 3215 in
1518 3179 1641 3217 Castel
1660 3180 1698 3216 di
1717 3179 1842 3234 l'ono
1862 3181 1908 3216 da

127 3250 262 3289 cataro,
279 3249 315 3281 et
334 3244 436 3281 multi
450 3244 625 3292 judicono
647 3245 746 3282 fusse
766 3246 958 3281 manchato
980 3245 1026 3281 da
1045 3247 1159 3280 morte
1179 3241 1350 3279 violenta.
1374 3254 1393 3273 »
1415 3240 1568 3283 Sanuto,
1591 3238 1659 3275 col.
1682 3239 1764 3275 484.

173 3307 208 3343 3.
236 3306 338 3342 Dans
357 3308 451 3341 cette
471 3307 675 3348 renoentre,
698 3303 731 3339 16
751 3304 821 3339 duc
847 3304 891 3339 de
913 3302 1051 3340 Gandie
1070 3302 1124 3338 fut
1150 3300 1273 3337 blesse
1293 3310 1339 3334 au
1359 3298 1507 3345 visage;
1532 3297 1555 3332 il
1577 3309 1616 3333 se
1638 3309 1750 3334 sauva
1771 3300 1792 3333 a
1811 3298 1910 3334 Ron-

128 3365 282 3414 siglione
309 3375 397 3401 avec
420 3363 453 3399 le
482 3362 594 3410 legat,
616 3362 738 3399 Pierre
758 3362 803 3399 de
825 3364 940 3408 Luna,
962 3366 998 3398 et
1017 3360 1166 3397 Fabrice
1194 3358 1370 3395 Colonna.
1393 3355 1488 3404 Voy.
1511 3354 1770 3407 Guicciardini,
1785 3355 1815 3405 1,
1843 3357 1904 3399 Ill,

132 3426 189 3461 cb.
212 3435 366 3468 xxxvnl,
387 3423 448 3459 an.
473 3421 577 3466 1497,
601 3424 636 3458 et
655 3421 810 3468 Sanuto,
827 3421 895 3459 col.
919 3421 1040 3459 4956.

325 3520 358 3544 τ.
382 3519 418 3543 11.
1682 3500 1728 3533 23
