2248 3906
357 333 423 368 428
957 327 976 364 J
980 326 1188 363 OHANNIS
1221 324 1515 370 BURCHARDI,
1851 326 2005 367 [Janvier
2026 327 2119 367 1498]

358 431 592 480 dinalibus
615 430 832 494 superius
854 430 899 476 in
924 428 1139 491 exequiis
1164 428 1289 474 bone
1320 425 1553 473 memorie
1575 426 1826 474 cardinalis
1847 430 2118 478 Parmensis

358 514 639 571 nominatis;
672 518 718 561 et
745 513 868 561 ultra
899 513 1003 559 illos
1025 509 1280 558 cardinalis
1309 508 1537 555 Senensis
1567 508 1831 557 celebrans.
1864 513 1917 558 In
1945 513 2120 561 oratio-

358 613 470 646 nem
508 597 714 653 Inclimss
759 603 862 653 ete„
905 593 1022 640 dixit
1058 592 1123 639 Ut
1161 591 1367 638 amimam
1400 590 1575 655 famuli
1608 590 1840 640 Johannis
1865 594 2117 657 principis,-

358 679 484 725 idem
521 677 636 724 fecit
669 681 778 739 post
813 674 1221 723 communionem.
1262 675 1390 736 Papa
1425 674 1474 721 in
1506 674 1602 722 fine
1638 675 1783 724 misse
1821 676 2037 736 absolvit,
2075 684 2122 727 et

358 760 611 824 presbyter
630 759 746 806 dixit
771 774 780 806 :
804 758 998 805 Famulz'
1019 758 1086 804 tzcz'
1110 755 1342 804 Johamzis
1356 757 1610 820 prinez'pz‘37·
1633 758 1724 806 alia
1746 759 1995 808 observata
2015 766 2123 810 sunt

353 858 489 891 more
520 842 676 909 solito,
709 841 821 890 licet
851 840 1033 904 capelle
1060 839 1301 903 pontificis
1329 840 1628 888 consuetudo
1658 857 1752 890 non
1789 842 1849 890 sit
1880 842 2124 906 primoge-

353 926 463 974 nitis
499 940 668 988 regum
703 925 875 972 missas
910 922 1189 987 hujusmodi
1227 923 1470 971 celebrare
1512 942 1520 971 :
1562 927 1692 988 Papa
1726 930 1888 974 tamen
1925 926 2122 974 omnino

354 1007 502 1055 voluit
532 1007 624 1055 hec
655 1007 757 1055 fieri
794 1011 845 1055 ut
879 1006 1119 1054 videretur
1149 1006 1250 1070 regi
1284 1011 1331 1055 et
1364 1007 1529 1070 regine
1559 1008 1910 1072 Hispaniarum,
1942 1009 2000 1058 de
2029 1026 2122 1073 quo

353 1096 493 1138 natus
525 1095 597 1139 est
619 1106 703 1139 seu
733 1090 891 1154 potius
919 1090 1006 1137 sub
1029 1105 1123 1152 quo
1152 1105 1284 1153 rege,
1309 1105 1419 1137 cum
1446 1106 1530 1138 rex
1558 1091 1660 1154 ipse
1683 1096 1731 1138 et
1751 1107 1954 1155 regnum
1984 1094 2123 1141 Cata-

352 1174 480 1222 lonie
509 1174 603 1221 sive
630 1173 850 1223 Valentie
879 1172 1141 1227 obtinebat,
1174 1173 1223 1220 in
1250 1189 1344 1236 quo
1374 1173 1591 1236 pontifex
1621 1179 1693 1222 est
1724 1174 1929 1237 genitus,
1960 1175 2124 1239 singu-

352 1257 516 1305 lariter
535 1257 806 1305 inclinatus.

419 1342 521 1388 Hoc
542 1355 700 1398 mane,
722 1345 943 1404 tempora
969 1344 1016 1388 et
1037 1355 1155 1388 aura
1175 1345 1388 1389 extreme
1412 1346 1457 1388 et
1478 1347 1640 1405 preter
1667 1342 1860 1390 solitum
1887 1346 1995 1390 sunt
2015 1358 2123 1390 mu-

353 1427 465 1471 tata.
491 1426 612 1472 Nam
641 1423 735 1470 hoc
756 1439 898 1471 mane
926 1423 1104 1486 incepit
1127 1423 1327 1487 ningere
1355 1425 1541 1472 fortiter
1565 1430 1612 1472 et
1639 1428 1739 1473 tota
1766 1425 1843 1474 die
1871 1426 2122 1474 continua-

353 1507 432 1565 vit,
458 1506 629 1569 dieque
654 1507 873 1570 sequenti
899 1507 1068 1555 fortius
1091 1511 1138 1555 et
1164 1507 1228 1554 ita
1254 1523 1405 1570 usque
1432 1508 1491 1555 ad
1523 1511 1578 1555 19
1611 1508 1754 1572 hujus
1781 1508 2008 1556 inclusive
2030 1524 2124 1571 qua

354 1590 531 1653 glacies
553 1590 730 1654 incepit
752 1590 942 1638 dissolvi
977 1609 986 1638 z
1020 1591 1153 1638 nives
1184 1595 1347 1638 tamen
1367 1595 1647 1639 manserunt
1666 1606 1752 1654 per
1778 1591 1957 1640 Urbem
1975 1591 2121 1654 longo

354 1677 571 1737 tempore
599 1678 762 1737 preter
790 1679 1098 1732 consuetum3
1132 1673 1180 1720 in
1208 1674 1339 1721 curia
1370 1675 1495 1721 Rmi.
1530 1677 1586 1721 D.
1618 1674 1873 1721 cardinalis
1894 1674 2121 1722 Senensis

354 1771 504 1818 usque
527 1755 587 1803 ad
608 1759 662 1803 21
690 1756 847 1804 martii
874 1756 1090 1819 proxime
1117 1757 1349 1819 preteriti,
1380 1756 1510 1819 quod
1537 1744 1646 1819 post
1674 1757 1853 1805 sactum
1873 1756 1951 1805 hic
1972 1771 2123 1804 anno-

355 1839 448 1887 tavi
474 1855 483 1887 :
509 1839 618 1886 alibi
643 1839 819 1888 diutius
838 1839 913 1887 vel
934 1840 1122 1888 brevius
1142 1855 1230 1902 pro
1250 1839 1343 1887 loci
1367 1839 1694 1902 dispositione.

419 1921 556 1969 Feria
585 1921 741 1981 tertia,
775 1925 831 1969 16
862 1922 1044 1969 mensis
1065 1922 1291 1985 januarii,
1319 1924 1375 1969 R.
1399 1921 1447 1969 in
1469 1921 1655 1969 Christo
1684 1924 1736 1969 P.
1769 1924 1825 1969 D.
1855 1921 2117 1982 Johannes,

350 2005 606 2068 episcopus
629 2005 1035 2068 Carthaginensis,
1061 2005 1356 2054 serenissimi
1379 2005 1506 2068 regis
1528 2009 1574 2053 et
1594 2005 1760 2068 regine
1784 2005 2119 2068 Hispaniarum

346 2092 525 2147 orator,
550 2088 807 2136 celebravit
834 2089 1030 2136 missam
1061 2088 1301 2152 publicam
1326 2104 1412 2152 pro
1434 2088 1595 2136 anima
1614 2088 1858 2151 quondam
1887 2088 2119 2136 Johannis

347 2171 576 2234 principis
615 2176 662 2219 et
698 2171 1003 2234 primogeniti
1037 2172 1384 2234 predictorum,
1425 2171 1500 2219 cni
1537 2171 1855 2219 interfuerunt
1893 2171 2118 2219 undecim

350 2254 515 2301 RRmi.
557 2256 657 2302 DD.
699 2254 982 2313 cardinales,
1025 2254 1243 2303 videlicet
1284 2273 1293 2302 ε
1333 2254 1691 2317 NeapolitanuS,
1735 2255 2114 2313 Beneventanus,

351 2352 390 2383 s.
417 2336 660 2396 Praxedis,
686 2353 724 2384 s.
752 2337 931 2396 Crucis,
967 2337 1239 2395 Perusinus,
1275 2337 1519 2395 Senensis,
1551 2352 1589 2384 s.
1623 2336 1832 2400 Georgii,
1863 2336 2114 2395 Ascanius,

349 2419 651 2478 Valentinus,
682 2420 936 2468 Cesarinus
964 2425 1011 2468 et
1039 2420 1212 2484 Borgia
1239 2423 1286 2468 et
1312 2419 1405 2467 dux
1433 2420 1714 2468 Pomeranie
1743 2424 1790 2468 et
1812 2419 2115 2480 Stetinensis,

350 2502 429 2565 qui
462 2517 630 2550 omnes
661 2503 889 2551 sederunt
917 2503 965 2550 in
987 2502 1154 2561 choro,
1186 2502 1236 2549 in
1264 2516 1460 2550 scamno
1494 2501 1736 2549 ordinario
1764 2502 1941 2550 ibidem
1961 2503 2117 2566 posito

352 2585 412 2633 ad
450 2585 689 2633 sinistram
725 2586 963 2644 intrantis,
998 2585 1220 2633 videlicet
1252 2585 1302 2632 in
1334 2599 1484 2632 cornu
1521 2585 1769 2648 evangelii.
1810 2587 1863 2632 ln
1898 2586 2117 2649 opposito

348 2669 659 2717 cardinalium
688 2669 845 2733 posita
876 2669 1068 2717 fuerunt
1096 2668 1232 2731 plura
1253 2683 1447 2715 scamna
1473 2683 1560 2731 pro
1581 2667 1775 2731 prelatis
1802 2668 1869 2716 ita
1888 2674 1939 2716 ut
1958 2669 2046 2732 ipsi
2068 2669 2116 2715 in

347 2752 415 2800 eis
438 2751 661 2800 sedentes
683 2752 1003 2800 cardinalibus
1031 2751 1202 2799 faciem
1223 2755 1481 2798 verterent.
1517 2750 1817 2799 Gubernator
1846 2751 1984 2799 Urbis
2005 2766 2115 2799 cum

347 2834 558 2897 quinque
580 2835 684 2882 aliis
713 2835 905 2898 prelatis
934 2834 1056 2882 sedit
1081 2834 1129 2880 in
1157 2848 1354 2880 scamno
1376 2832 1606 2880 eminenti
1628 2833 1943 2881 cardinalium
1971 2833 2114 2880 simili

348 2917 395 2963 in
411 2916 560 2964 latere
578 2917 872 2980 prelatorum
887 2935 896 2974 ;
919 2920 967 2964 et
983 2916 1060 2963 alii
1077 2914 1244 2978 prelati
1262 2929 1358 2962 non
1373 2914 1587 2962 habueru
1595 2920 1642 2962 nt
1658 2931 1802 2978 supra
1816 2915 1936 2964 alios
1953 2915 2113 2964 locum

350 2999 461 3063 quia
477 3005 725 3059 venerunt,
751 3014 848 3047 non
864 3004 961 3046 uta
984 3001 1112 3061 Papa
1132 2997 1263 3044 missi
1285 2997 1370 3044 sed
1391 3012 1501 3044 cum
1522 2997 1776 3046 Valentino
1801 2999 1959 3061 ipsum
1980 3013 2115 3047 asso-

347 3084 549 3131 ciantes,
574 3084 696 3130 Ante
719 3082 937 3137 chorum,
962 3081 1021 3128 ab
1042 3079 1254 3128 inferiori
1274 3080 1422 3142 gradu
1443 3079 1503 3127 ad
1520 3079 1720 3128 chorum
1741 3081 2034 3130 ascendente
2053 3081 2114 3129 ad

346 3182 429 3214 sex
462 3165 666 3229 palmos,
696 3164 902 3228 positum
933 3164 1019 3211 suit
1046 3167 1254 3211 castrum
1283 3162 1458 3210 doloris
1487 3163 1727 3226 quoddam
1757 3179 1902 3227 super
1928 3163 2112 3212 colum-

344 3248 418 3295 nis
441 3251 662 3310 quatuor,
687 3247 746 3294 ab
768 3247 899 3295 omni
925 3251 1060 3311 parte
1088 3246 1206 3295 duas
1234 3262 1411 3295 cannas
1438 3247 1621 3296 habens
1652 3247 1931 3307 altitudinis,
1967 3247 2110 3295 etiam

346 3332 548 3378 duarum
572 3346 834 3379 cannarum
858 3329 1066 3393 quelibet
1093 3329 1316 3377 columna
1343 3334 1389 3378 et
1415 3330 1623 3394 desuper
1649 3334 1828 3379 tectum
1849 3328 2109 3378 altitudinis

347 3416 484 3463 unius
525 3431 678 3464 canne
719 3431 829 3463 cum
870 3414 1081 3462 dimidia.
1129 3414 1224 3462 Sub
1267 3418 1425 3462 castro
1465 3413 1742 3477 hujusmodi
1782 3415 2109 3461 constructum
