2202 3900
272 361 341 396 342
872 354 1106 392 JOHANNIS
1142 353 1436 402 BURCHARDI,
1731 359 1937 399 [Decembre
1958 366 2053 408 1496]

271 460 553 510 Mantellum
572 465 617 509 et
636 460 952 524 capuccinum
972 460 1146 508 retinui
1164 477 1250 523 pro
1274 459 1435 508 officio
1458 463 1640 521 nostro,
1663 461 1749 509 sed
1767 463 1823 510 D.
1841 463 2049 515 ‚Iohanni

272 545 330 592 de
351 547 558 592 Herrera
584 544 667 591 SS.
695 545 750 589 D.
777 545 833 590 N.
856 557 979 605 pape
1008 542 1302 590 cubiculario
1326 548 1512 591 secreto
1535 548 1583 591 et
1597 543 1773 606 prefati
1795 545 2052 595 cardinalis

272 627 461 674 sincero
485 625 730 683 servitore,
756 624 894 671 nobis
926 624 1115 671 dicente
1138 625 1418 673 mantellum
1441 626 1695 674 cardinalis
1717 643 1813 675 non
1835 644 1943 678 esse
1966 631 2052 679 sed

271 710 410 758 electi
435 707 716 765 Stabiensis,
739 706 969 754 auditoris
993 710 1095 755 rote
1118 709 1174 755 D.
1196 709 1390 756 Antonii
1412 709 1595 770 Flores,
1618 710 1843 775 quodque
1873 728 2050 775 procu-

269 797 459 841 raturus
494 794 622 838 esset
654 789 792 836 nobis
822 789 1021 852 largiter
1054 789 1295 851 satisfieri,
1326 793 1609 841 mantellum
1642 809 1751 841 cum
1786 796 2051 859 capuccino

267 874 545 939 hujusmodi
578 873 669 936 ipsi
704 875 756 920 D.
781 872 987 920 Johanni
1016 874 1074 921 de
1097 876 1305 923 Herrera
1332 875 1482 924 libere
1500 877 1771 940 presentavi
1800 881 1847 926 et
1867 878 2048 926 dimisi.

270 959 600 1007 ordinavimus
631 958 679 1005 in
706 957 832 1005 dicto
860 957 1156 1005 monasterio
1190 958 1352 1006 locum
1379 959 1691 1022 capitularem
1731 961 1968 1024 spalleriis
2005 968 2052 1011 et

269 1042 441 1107 tapetis
465 1042 624 1090 ornari
653 1041 831 1089 debere
854 1057 942 1104 pro
970 1040 1175 1103 collegio
1203 1041 1517 1091 cardinalium
1546 1044 1826 1107 receptione
1856 1049 1904 1092 et
1933 1059 2050 1092 con-

268 1126 567 1190 gregatione.
588 1124 952 1172 lnformavimus
976 1123 1269 1172 cardinalem
1289 1124 1346 1173 de
1370 1125 1570 1190 singulis
1589 1142 1675 1190 per
1696 1142 1806 1175 eum
1829 1127 2050 1191 agendis,

269 1215 315 1258 et
337 1210 395 1258 ab
419 1226 476 1258 eo
499 1208 807 1257 recessimus.
1823 1214 1827 1221 ’

335 1293 472 1341 Feria
511 1291 740 1349 secunda,
782 1294 837 1338 19
870 1290 1159 1351 decembris,
1193 1292 1358 1339 RRmi.
1394 1295 1492 1341 DD.
1528 1293 1793 1342 cardinales
1826 1295 1874 1342 in
1909 1311 2050 1344 mane

270 1378 545 1444 equitarunt
585 1375 645 1423 ad
686 1374 1034 1422 monasterium
1077 1374 1215 1423 beate
1257 1373 1406 1424 Marie
1447 1379 1573 1424 Nove
1614 1377 1673 1424 ad
1715 1378 2048 1441 recipiendum

269 1465 461 1509 Rmum.
495 1463 551 1507 D.
584 1458 877 1507 cardinalem
911 1457 1167 1521 prefatum,
1203 1459 1281 1521 qui
1313 1459 1355 1506 in
1391 1460 1513 1523 pede
1547 1460 1783 1508 scalarum
1818 1462 1946 1510 venit
1981 1463 2048 1511 eis

269 1544 455 1591 obviam
484 1543 531 1590 in
563 1558 715 1606 cappa
737 1541 964 1592 violacea,
991 1546 1037 1588 et
1060 1541 1246 1590 reduxit
1277 1558 1360 1591 eos
1386 1559 1536 1606 usque
1558 1543 1618 1591 ad
1638 1544 1799 1591 locum
1823 1545 2049 1609 capitula-

268 1643 371 1676 rem
398 1642 486 1691 pro
518 1625 893 1689 congregatione
925 1624 1239 1672 cardinalium
1264 1631 1483 1687 paratum
1512 1641 1647 1674 more
1680 1626 1819 1673 solito
1845 1644 1854 1675 ε
1882 1628 2046 1691 viginti

267 1711 590 1759 cardinalibus
619 1709 761 1756 simul
789 1708 1094 1770 congregatis
1125 1724 1233 1756 cum
1262 1724 1402 1768 novo,
1429 1709 1732 1757 ascendimus
1763 1725 1914 1773 equos
1936 1711 2046 1759 ituri

272 1795 331 1842 ad
359 1793 588 1857 palatium
621 1811 628 1839 :
665 1780 982 1854 equitavimus
1009 1806 1095 1854 per
1122 1808 1159 1837 s.
1191 1791 1475 1850 Adrianum,
1504 1809 1542 1839 s.
1573 1795 1805 1851 Marcum,
1830 1794 2047 1843 Pellicia-

270 1877 388 1924 riam
413 1877 551 1940 juxta
578 1875 774 1923 domum
803 1874 1042 1921 Dominici
1061 1874 1118 1921 de
1141 1873 1359 1920 Maximis
1390 1873 1450 1921 ad
1476 1889 1699 1938 campum
1727 1875 1865 1924 Flore
1891 1876 2047 1925 diver-

266 1964 439 2018 tenteS,
464 1960 573 2007 inde
607 1962 738 2006 recta
765 1957 839 2004 via
859 1957 919 2004 ad
941 1974 978 2005 S.
1006 1960 1226 2017 Petrum;
1253 1957 1507 2005 cardinalis
1532 1960 1787 2022 Capuanus
1819 1960 2046 2024 equitavit

265 2043 312 2089 in
336 2043 502 2090 ultimo
523 2042 630 2090 loco
654 2042 778 2089 inter
799 2044 1005 2088 RRmos.
1029 2043 1129 2089 DD.
1157 2043 1423 2090 Senensem
1445 2045 1492 2089 et
1513 2043 1790 2098 Ascanium,
1816 2043 2045 2093 diaconos

266 2125 551 2185 cardinales,
578 2140 729 2188 usque
762 2124 884 2171 ultra
905 2130 1102 2187 pontem
1126 2142 1163 2172 s.
1189 2125 1359 2188 Angeli
1380 2140 1529 2188 prope
1555 2125 1811 2173 ecclesiam
1833 2143 1871 2174 s.
1896 2127 2045 2175 Marie

264 2197 632 2271 Transpon'tine,
655 2207 819 2255 RRmi.
847 2209 946 2254 DD.
974 2225 1012 2255 s.
1039 2208 1253 2256 Severini
1276 2212 1322 2255 et
1344 2207 1401 2254 de
1427 2208 1644 2267 Medicis,
1670 2208 1858 2257 diaconi
1888 2209 2044 2257 cardi—

263 2292 415 2348 nales,
450 2296 739 2355 receperunt
773 2291 900 2339 inter
933 2306 984 2338 se
1021 2291 1235 2338 medium
1273 2291 1451 2339 dictum
1485 2291 1795 2349 cardinalem,
1828 2291 2042 2354 legatum

264 2377 572 2437 Capuanum3
604 2373 1028 2421 vicecancellarius
1065 2379 1112 2421 et
1144 2375 1410 2422 cardinales
1445 2374 1615 2438 prefati
1651 2364 1945 2423 diverterunt
1979 2375 2039 2422 ad

262 2458 509 2505 dexteram
533 2472 620 2520 per
648 2456 790 2504 aliam
809 2458 952 2515 viam,
978 2457 1038 2504 ad
1059 2457 1288 2521 palatium
1312 2458 1440 2516 ituri,
1467 2462 1656 2505 ceteros
1680 2458 2033 2521 prevenientes,

265 2540 341 2586 ubi
366 2542 448 2588 SS.
477 2543 533 2587 D.
559 2545 778 2587 nostrum
801 2541 850 2587 in
871 2556 1064 2588 camera
1086 2540 1388 2588 invenerunt.

326 2623 524 2671 Interim
561 2628 943 2696 supervenerunt
975 2624 1119 2671 etiam
1152 2623 1227 2670 alii
1263 2623 1549 2682 cardinales,
1586 2623 1784 2671 dimisso
1818 2623 1865 2670 in
1896 2639 2041 2687 parva

262 2707 446 2769 capella
466 2707 619 2770 prime
639 2707 747 2753 aule
771 2707 928 2770 palatii
954 2707 1195 2754 cardinale
1218 2708 1444 2769 Capuano
1467 2722 1576 2754 cum
1600 2706 1789 2754 RRmis.
1816 2709 1917 2755 DD.
1939 2707 2040 2754 Gri-

262 2805 403 2838 mano
447 2794 494 2836 et
533 2790 788 2848 Farnesio,
824 2790 1038 2837 diaconis
1082 2790 1428 2848 cardinalibuS,
1467 2790 1624 2852 ipsum
1665 2790 2032 2838 associantibus.

262 2872 483 2920 Pontifex
502 2878 699 2935 paratus
718 2891 851 2921 more
876 2875 1015 2922 solito
1038 2870 1181 2922 etiarn
1199 2874 1390 2937 pluviali
1414 2879 1459 2922 et
1479 2875 1618 2921 mitra
1637 2874 1888 2937 preciosis,
1909 2874 2037 2922 venit

261 2956 320 3003 ad
348 2957 535 3004 tertiam
567 2957 723 3004 aulam
751 2973 838 3019 pro
867 2957 1154 3005 consistorio
1186 2957 1376 3020 publico
1413 2961 1651 3020 paratam3
1684 2957 1765 3004 ubi
1792 2957 1916 3005 facta
1947 2944 2035 3005 sibi

259 3055 286 3085 a
308 3039 629 3087 cardinalibus
648 3040 917 3088 reverentia
936 3044 1183 3098 consueta,
1209 3039 1432 3086 omnibus
1451 3040 1594 3088 etiam
1612 3040 1798 3088 duobus
1821 3041 2034 3089 diaconis

258 3123 592 3170 assistentibus
624 3139 733 3170 cum
765 3123 937 3171 ceteris
968 3123 1288 3170 cardinalibus
1317 3138 1450 3170 more
1480 3123 1619 3170 solito
1648 3124 1944 3184 sedentibus,
1972 3126 2028 3172 D.

259 3206 433 3252 Paulus
464 3206 522 3253 de
553 3206 745 3265 Planca,
769 3206 1024 3254 advocatus
1054 3205 1413 3265 consistorialiS,
1446 3207 1696 3269 proposuit
1725 3207 2032 3255 commissio-

258 3304 367 3335 nem
393 3305 401 3335 :
429 3305 523 3351 qua
544 3289 746 3351 signata,
772 3292 829 3337 D.
853 3290 1068 3337 ‚Iustinus
1091 3289 1148 3337 de
1171 3289 1351 3346 Valori,
1376 3289 1631 3336 advocatus
1656 3289 1758 3338 fisci
1781 3290 2031 3353 proposuit

257 3372 397 3418 aliam
418 3376 462 3417 et
482 3376 589 3434 post
614 3388 723 3419 eum
746 3376 801 3420 D.
820 3373 1029 3436 Angelus
1052 3373 1109 3419 dc
1134 3373 1265 3419 Cesis
1287 3372 1500 3431 tertiam3
1523 3389 1615 3435 qua
1632 3373 1842 3437 incepta,
1862 3373 2026 3421 RRmi.

258 3457 356 3501 Di).
383 3455 610 3501 Senensis
639 3460 684 3502 et
714 3455 1133 3503 vicecancellarius
1157 3456 1402 3504 exiverunt
1424 3456 1762 3503 consistorium
1785 3455 1844 3504 ad
1866 3454 2030 3517 capel-
