2202 3926
251 325 316 359 178
854 323 1087 360 JOHANNIS
1120 322 1414 367 BURCHARDI,
1824 327 1906 366 [Mai
1929 327 2024 367 1494]

318 427 370 472 In
390 440 533 473 mane
555 425 794 488 sequenti,
817 425 930 474 licet
961 432 1089 474 esset
1116 426 1217 473 dies
1246 441 1284 472 s.
1312 425 1503 487 Georgii
1535 425 1732 482 festum,
1754 425 1916 487 palatii
1937 426 2026 473 suit

252 507 494 572 publicum
513 508 855 556 consistorium
871 508 919 554 in
937 508 1112 571 palatio
1131 506 1395 570 apostolico
1414 505 1542 568 apud
1559 509 1778 553 sanctum
1798 508 1991 554 Petrum
2011 525 2020 554 :

253 590 418 637 RRmi.
443 593 544 638 DD.
569 591 836 638 cardinales
865 591 913 637 in
945 590 1061 637 urbe
1089 593 1342 652 presentes
1371 592 1606 636 venerunt
1633 588 1693 635 ad
1713 589 1891 637 dictum
1913 603 2026 637 con-

251 677 444 721 ventum
475 673 535 719 ad
561 672 897 720 honorandum
931 671 1157 719 eumdem
1186 674 1377 718 Rmum.
1409 673 1467 719 D.
1501 672 1813 730 Gurcensem,
1838 676 1885 720 et
1912 686 2023 721 eum

252 755 312 801 ad
344 755 571 816 palatium
604 753 873 816 predictum
910 752 1267 801 associaverunt
1299 768 1434 801 more
1463 752 1632 812 solito3
1670 753 1750 800 ubi
1784 769 1813 802 a
1844 756 1926 802 SS.
1961 757 2021 804 D.

253 841 418 884 nostro
436 836 497 884 ad
518 835 671 899 pedis,
697 851 868 883 manus
891 840 936 883 et
952 835 1048 882 oris
1067 836 1285 884 osculum
1301 839 1373 884 est
1386 840 1630 899 receptus,
1649 840 1697 884 et
1718 835 1891 885 deinde
1913 836 2024 886 dato

252 919 340 966 sibi
373 923 482 983 post
511 922 703 967 Rmum.
731 921 786 966 D.
813 918 1106 966 cardinalem
1138 918 1586 982 Carthaginiensem
1610 919 1738 978 loco,
1759 921 2024 969 associatus

252 1002 312 1049 ad
343 1018 537 1065 parvam
574 1001 810 1064 capellam
841 1001 919 1049 ubi
954 1002 1262 1050 decantatum
1296 1006 1370 1050 est
1402 1018 1429 1050 a
1459 1002 1734 1050 cantoribus
1764 1003 1939 1051 nostris
1963 1003 2028 1051 Te

251 1083 411 1131 Deum
444 1084 711 1144 laudamus,
738 1088 785 1132 et
814 1099 902 1147 per
928 1085 1221 1134 cardinalem
1251 1086 1617 1149 Neapolitanum
1646 1102 1810 1134 versus
1841 1091 1888 1136 et
1915 1102 2025 1136 ora-

251 1167 405 1215 tiones
444 1167 494 1215 in
533 1168 779 1216 creatione
809 1183 1038 1216 novorum
1074 1168 1391 1216 cardinalium
1425 1169 1662 1228 (Iohanne
1694 1169 1862 1230 Maria,
1894 1171 2026 1219 socio

252 1266 380 1310 meo,
403 1250 453 1298 id
480 1250 732 1299 ordinante
763 1251 889 1299 male
919 1255 966 1299 et
993 1252 1367 1315 inadvertenter)
1386 1270 1396 1310 ;
1418 1251 1592 1300 deinde
1623 1254 1802 1301 reversi
1824 1254 1884 1302 ad
1910 1269 2028 1303 cou-

252 1334 515 1393 sistorium,
541 1335 706 1383 datum
734 1339 806 1383 est
834 1335 1070 1399 capellum
1092 1335 1251 1384 eidem
1279 1335 1509 1383 cardinali
1537 1336 1788 1397 Gurcensi,
1812 1341 1861 1386 et
1890 1353 2025 1385 asso-

252 1417 403 1466 ciatus
423 1422 496 1467 est
517 1418 578 1467 ad
599 1419 795 1466 domum
814 1418 1122 1466 habitationis
1144 1434 1227 1466 sue
1250 1433 1385 1466 more
1408 1418 1564 1467 solito,

320 1502 459 1552 Feria
496 1503 676 1566 quinta,
710 1506 769 1551 24
804 1502 1023 1566 ejusdem
1056 1502 1236 1550 mensis
1263 1502 1442 1565 aprilis,
1478 1502 1565 1566 fuit
1598 1502 1743 1551 etiam
1778 1501 2024 1566 publicum

253 1586 594 1634 consistorium
625 1602 684 1634 ex
716 1602 810 1650 quo
845 1587 1107 1635 associatus
1149 1586 1237 1634 fuit
1270 1589 1437 1634 RmuS.
1472 1590 1529 1634 D.
1562 1585 1816 1634 cardinalis
1848 1585 2024 1633 Montis

255 1669 465 1732 Regalis,
481 1669 668 1732 legatus
685 1685 712 1716 a
728 1669 879 1718 latere
895 1670 955 1718 ad
973 1669 1304 1717 coronandum
1320 1668 1684 1717 serenissimum
1701 1668 2023 1731 Alphonsum,

255 1752 415 1800 Sicilie
437 1767 621 1815 regem,
638 1753 887 1816 Neapolim
908 1754 1058 1801 iturus
1075 1769 1162 1816 per
1179 1767 1347 1801 omnes
1363 1751 1631 1799 cardinales
1649 1755 1760 1798 tunc
1775 1755 2026 1814 presentes

254 1850 405 1898 usque
427 1835 487 1882 ad
509 1835 750 1883 Coliseum
768 1836 865 1895 ubi,
889 1836 1087 1884 dimisso
1110 1835 1214 1898 ipso
1235 1835 1414 1898 legato,
1433 1830 1526 1881 iter
1541 1849 1680 1881 suum
1695 1833 2022 1892 continuante,

252 1919 498 1967 redierunt
519 1919 786 1967 cardinales
809 1919 869 1967 ad
890 1919 1060 1967 domos
1083 1934 1209 1966 suas.

318 2002 456 2050 Feria
494 2007 645 2060 sexta,
679 2006 706 2049 2
740 2001 869 2059 maii,
902 2004 986 2050 SS.
1026 2005 1082 2050 D.
1119 2006 1283 2049 noster
1313 2002 1444 2049 misit
1475 2006 1672 2066 gentem
1705 2001 1930 2050 bellicam
1963 2001 2023 2049 ad

253 2087 472 2133 Castrum
503 2089 612 2133 ante
646 2083 827 2131 Ostiam
861 2083 1136 2132 Tiberinam
1170 2099 1281 2131 cum
1317 2083 1555 2131 machinis
1590 2083 1687 2131 suis
1720 2083 1782 2132 ad
1812 2082 2024 2132 obsidio-

252 2183 384 2227 nem,
409 2184 551 2230 quam
574 2166 740 2231 paucis
763 2166 936 2213 deinde
963 2165 1131 2213 diebus
1155 2165 1243 2213 sibi
1267 2165 1537 2229 subjugavit
1560 2169 1645 2230 (1).

317 2251 456 2297 Feria
474 2254 656 2312 quarta,
679 2253 702 2295 7
723 2249 853 2307 maii,
873 2248 1063 2296 fuerunt
1082 2265 1281 2312 vespere
1301 2248 1542 2296 solemnes
1564 2247 1612 2294 in
1631 2247 1816 2310 capella
1835 2249 2018 2312 majore

253 2333 432 2396 palatii,
463 2334 590 2395 Pape
624 2335 867 2393 presente,
895 2335 942 2378 et
975 2331 1051 2379 die
1085 2332 1322 2394 sequenti,
1354 2331 1474 2379 sesto
1510 2329 1801 2378 ascentionis
1831 2329 2024 2378 Domini

253 2415 403 2462 nostri
435 2417 477 2461 J.
514 2413 707 2473 Christi,
747 2417 911 2461 Rmus.
950 2416 1005 2461 D.
1044 2414 1298 2462 cardinalis
1333 2414 1482 2462 sancti
1514 2412 1730 2477 Dionysii
1763 2412 2024 2461 celebravit

253 2499 450 2546 missam
471 2499 737 2548 solemnem
759 2499 807 2546 in
829 2499 1027 2547 basil1ca
1050 2499 1199 2546 sancti
1223 2498 1368 2556 Petri,
1395 2500 1523 2561 Papa
1550 2502 1777 2560 presente
1801 2513 1812 2544 :
1839 2511 2025 2545 sermo-

252 2598 364 2630 nem
394 2582 508 2630 fecit
536 2586 593 2630 D.
624 2582 854 2630 Martinus
891 2583 949 2630 de
988 2582 1162 2641 Viano,
1196 2581 1470 2644 capellanus
1514 2579 1636 2628 Rmi.
1675 2582 1732 2628 D.
1769 2579 2024 2630 cardinalis

253 2665 403 2714 sancti
424 2665 632 2728 Georgii.
1064 2717 1067 2719 ,

315 2749 471 2796 Finita
490 2749 655 2808 missa,
681 2750 764 2796 SS.
785 2751 842 2796 D.
862 2751 1027 2796 noster
1046 2747 1095 2795 in
1115 2746 1223 2796 loco
1244 2746 1435 2811 publice
1453 2744 1822 2805 benedictioniS,
1841 2744 2019 2809 populo

253 2831 537 2880 solemniter
577 2832 839 2891 benedixit,
873 2831 933 2879 ad
966 2847 1109 2894 quem
1145 2831 1306 2879 locum
1339 2830 1497 2893 ipsum
1531 2829 1831 2878 associarunt
1863 2826 2019 2875 cardi-

246 2914 382 2963 nales
404 2918 451 2960 et
468 2914 638 2976 prelati
657 2915 704 2961 in
727 2930 892 2962 eorum
915 2914 1097 2977 cappis,
1124 2929 1257 2961 more
1280 2912 1441 2960 solito.

314 2996 453 3053 Feria
473 3001 625 3054 sexta,
655 3001 711 3043 16
734 2997 865 3054 maii,
889 3001 1125 3044 venerunt
1149 2996 1209 3043 ad
1231 2996 1409 3044 Urbem
1432 2997 1636 3058 quatuor
1657 2996 1873 3042 oratores
1889 2991 2018 3056 regis

249 3076 450 3135 Fa‘ancie
471 3075 552 3139 qui
574 3075 768 3123 fuerunt
788 3091 816 3123 a
835 3076 1028 3123 familiis
1044 3078 1170 3139 Pape
1193 3080 1239 3124 et
1261 3076 1477 3124 omnium
1499 3073 1811 3123 cardinalium
1832 3074 2017 3138 recepti

295 3250 328 3286 1.
359 3264 376 3282 «
404 3249 472 3285 Adi
497 3248 613 3296 primo
639 3247 674 3284 di
700 3248 848 3297 Maggio
878 3249 982 3286 1494.
1012 3249 1053 3285 Si
1079 3249 1213 3298 partiro
1240 3249 1275 3286 di
1301 3250 1416 3286 Roma
1440 3252 1493 3286 tre
1524 3248 1720 3286 bombarsle
1747 3261 1812 3298 per
1835 3248 1969 3286 andare
1995 3259 2018 3285 a

169 3302 173 3312 ”
245 3308 359 3345 OstIa.
383 3308 410 3344 E
431 3309 490 3343 adi
509 3309 649 3344 2detto
669 3307 705 3343 vi
725 3308 819 3344 ando
840 3308 863 3344 il
885 3308 996 3345 Conte
1017 3308 1162 3345 Niccola
1181 3310 1228 3345 da
1241 3308 1439 3356 Pitigliano
1459 3320 1526 3345 con
1547 3308 1649 3353 fanti,
1666 3320 1684 3344 e
1706 3307 1841 3344 Cavalli
1861 3319 1880 3344 e
1897 3307 2014 3343 Guas-

243 3366 361 3406 tatori.
385 3382 403 3401 >⁹
426 3370 533 3415 Ditem*
551 3370 683 3405 Szmesi
702 3368 738 3404 di
758 3368 958 3417 Allegretto
977 3368 1180 3417 Allegretti,
1203 3368 1269 3407 col.
1291 3369 1362 3404 8⁴29
1381 3369 1473 3406 dans
1494 3370 1643 3414 Murat.,
1664 3368 1749 3405 Rer.
1764 3368 1846 3404 Ital.
1859 3367 2012 3412 Script„

215 3453 217 3459 ,
243 3431 268 3464 ι,
291 3427 424 3465 XXIII.
