2202 3926
318 324 364 359 65
924 325 1156 362 JOHANNIS
1191 326 1482 372 BURCHARDI,
1867 328 1978 368 [Avril
2001 329 2099 369 1493]

321 426 506 490 capella
531 428 716 492 majore
751 428 912 492 palatii
933 433 1189 490 consueta;
1222 430 1299 478 cui
1322 432 1405 479 SS.
1444 432 1501 477 D.
1528 432 1709 487 noster,
1736 434 1930 492 paratus
1960 446 2095 480 more

317 516 567 571 consueto,
593 511 808 561 interfuit
828 517 876 561 et
895 528 992 561 non
1014 511 1314 561 consecravit
1338 527 1496 574 neque
1519 509 1756 558 distribuit
1774 510 1921 560 hodie
1938 527 2093 576 agnus

316 593 403 641 Dei
427 593 489 642 ad
505 594 599 642 hoc
621 611 680 643 ex
700 595 843 643 certis
866 595 1022 643 causis
1052 599 1227 642 motuS.
1250 596 1355 642 Non
1384 593 1472 641 fuit
1494 608 1672 652 sermO,
1699 598 1747 641 et
1769 595 1932 644 omnia
1953 611 2088 645 more

319 682 552 726 consueto
578 683 688 725 sunt
710 678 981 725 observata.

381 760 518 808 Feria
548 764 732 823 quarta,
774 763 832 807 23
871 759 983 807 dicti
1018 758 1199 807 mensis
1235 758 1416 822 aprilis,
1453 757 1583 805 circa
1616 757 1788 807 horam
1823 776 1916 821 xiv,
1950 766 2006 811 R.
2042 763 2091 811 in

313 843 499 891 Christo
522 845 575 891 P.
599 846 656 891 D.
681 843 940 902 Marianus,
966 842 1219 906 episcopus
1247 841 1598 900 GlandatensiS,
1627 842 1912 892 cancellarie
1944 861 2088 909 apos-

318 926 460 974 tolice
491 942 683 990 regens,
718 930 870 976 Rome
900 927 948 974 in
976 926 1119 974 domo
1149 941 1232 974 sue
1261 925 1399 974 solite
1425 925 1739 974 habitationis
1765 930 1812 975 et
1840 927 2098 979 residentie

317 1008 446 1058 diem
483 1010 654 1059 clausit
696 1015 983 1069 extremum,
1031 1011 1168 1073 cujus
1202 1009 1364 1058 anima
1399 1009 1672 1072 requiescat
1701 1009 1751 1056 in
1783 1027 1919 1074 pace.
1951 1012 2098 1077 Cujus

318 1109 488 1157 corpus
535 1094 705 1142 eadem
757 1094 831 1142 die
886 1098 994 1158 post
1050 1094 1222 1142 horam
1262 1109 1576 1157 vesperarum
1617 1097 1862 1155 portatum
1904 1094 1994 1143 fuit
2039 1095 2101 1143 ad

317 1176 571 1225 ecclesiam
593 1177 732 1225 beate
754 1177 903 1226 Marie
925 1177 984 1225 de
1016 1177 1199 1240 Populo
1222 1175 1514 1224 associatum
1536 1191 1563 1224 a
1583 1177 1776 1225 familiis
1799 1167 2094 1228 RRmorum.

316 1263 417 1308 DD.
454 1261 754 1325 Neapolitani
793 1266 840 1311 et
871 1261 1099 1309 Senensis
1140 1260 1456 1309 cardinalium
1497 1275 1552 1309 ac
1585 1260 1689 1308 aliis
1726 1260 2009 1322 curialibus,
2051 1267 2100 1312 et

316 1342 496 1393 ibidem
519 1345 777 1410 sepultum.

380 1429 513 1478 Idem
547 1435 888 1480 testamentum
921 1447 1062 1480 suum
1099 1431 1212 1481 fecit
1246 1432 1386 1495 cujus
1420 1429 1717 1479 executionis
1752 1431 1957 1481 instituit
1987 1448 2101 1497 pre..

315 1514 439 1562 fatos
461 1515 557 1564 RR.
584 1517 681 1564 DD.
705 1516 1072 1580 Neapolitanum
1094 1520 1142 1565 et
1163 1517 1430 1564 Senensem
1452 1514 1736 1563 cardinales.
1758 1515 1969 1579 Exequie
1991 1517 2097 1580 ejus

315 1596 477 1648 habite
515 1604 625 1648 sunt
656 1600 705 1648 in
737 1599 865 1648 dicta
901 1599 1124 1658 ecclesia,
1165 1598 1241 1647 die
1267 1598 1398 1657 lune,
1433 1600 1491 1646 29
1530 1597 1643 1645 dicti
1678 1597 1873 1646 mensis.
1903 1598 2099 1648 Missam

314 1679 570 1729 celebravit
585 1685 640 1729 R.
666 1681 715 1728 in
737 1681 925 1730 Christo
945 1684 997 1729 P.
1024 1683 1079 1729 D.
1102 1679 1313 1739 Gabriel,
1341 1680 1599 1743 episcopus
1621 1679 1925 1744 Adjacensis.

378 1764 518 1812 Feria
531 1765 713 1828 quinta,
737 1769 795 1813 25
815 1764 927 1813 dicti
946 1764 1128 1813 mensis
1149 1763 1331 1828 aprilis,
1351 1763 1530 1811 festum
1549 1779 1587 1810 s.
1608 1764 1756 1811 Marci
1779 1764 2093 1828 evangeliste,

319 1848 401 1895 SS.
422 1852 478 1896 D.
504 1851 559 1897 N.
585 1853 780 1913 paratus
802 1849 999 1907 amictu,
1023 1848 1149 1907 alba,
1174 1847 1386 1912 cingulo,
1412 1846 1646 1911 capucino
1666 1847 1724 1895 de
1743 1847 1900 1896 veluto
1913 1863 2102 1897 creme-

316 1931 421 1980 sino
459 1937 505 1981 et
540 1933 661 1981 stola
691 1932 912 1997 preciosa
945 1948 1092 1980 aurea
1126 1948 1235 1980 cum
1268 1931 1432 1995 perlis,
1469 1930 1844 1994 precedentibus
1873 1947 2017 1980 cruce
2052 1935 2099 1981 et

315 2016 654 2076 cardinalibus,
691 2016 916 2080 equitavit
947 2016 1007 2064 ad
1041 2015 1297 2065 ecclesiam
1326 2031 1362 2063 s.
1394 2015 1542 2062 Marci
1571 2030 1659 2078 per
1684 2014 1807 2063 viam
1841 2017 1995 2079 Pape;
2019 2015 2099 2063 ubi

314 2106 570 2164 postquam
598 2100 848 2148 descendit
882 2116 940 2147 ex
969 2115 1093 2163 equo
1125 2098 1186 2146 ad
1212 2097 1486 2157 ecclesiam,
1521 2098 1764 2146 osculatus
1798 2103 1871 2146 est
1905 2114 2098 2147 crucem

313 2198 400 2246 per
437 2185 628 2230 Rmum.
678 2186 735 2230 D.
785 2183 1080 2230 cardinalem
1122 2183 1518 2229 Beneventanum
1561 2180 1650 2229 sibi
1687 2181 1929 2239 oblatam;
1983 2181 2099 2230 fecit

313 2266 581 2314 orationem
619 2269 728 2313 ante
766 2265 943 2323 altare3
978 2270 1110 2323 tunc,
1161 2263 1380 2327 deposito
1430 2263 1683 2327 capucino,
1722 2268 1911 2313 retenta
1951 2264 2093 2323 stola,

314 2349 500 2412 accepit
518 2349 724 2413 pluviale
746 2349 951 2397 rubeum
972 2348 1247 2412 preciosum
1272 2351 1319 2395 et
1338 2346 1529 2394 mitram
1548 2347 1819 2411 preciosam
1838 2352 1886 2396 et
1906 2347 2098 2396 mitram

313 2432 599 2495 simplicem,
625 2432 889 2496 genuflexit
917 2433 966 2479 in
987 2430 1273 2487 faldistorio,
1298 2434 1345 2478 et
1367 2434 1590 2478 cantores
1624 2430 1850 2480 dixerunt
1869 2431 2097 2480 letaniam

312 2515 507 2564 brevem
539 2533 548 2563 ε
580 2533 672 2579 qua
698 2516 851 2575 finita,
886 2515 1091 2564 surrexit
1112 2514 1345 2578 pontifex,
1380 2518 1427 2561 et
1454 2514 1568 2578 fecit
1598 2514 1958 2564 confessionem
1989 2530 2098 2563 cum

313 2598 604 2657 celebrante,
628 2600 851 2648 videlicet
871 2615 982 2648 cum
1004 2602 1143 2647 Rmo.
1171 2601 1227 2645 D.
1254 2597 1497 2645 cardinale
1519 2598 1695 2645 Montis
1718 2598 1928 2662 Regalis.
1953 2598 2100 2646 Missa

309 2682 435 2730 dicta
453 2689 526 2732 est
547 2683 606 2732 de
629 2685 806 2749 Spiritu
838 2690 1022 2743 sancto,
1058 2686 1186 2747 Papa
1215 2683 1283 2730 sic
1311 2681 1523 2739 volente,
1549 2685 1596 2729 et
1615 2685 1726 2744 post
1748 2682 2016 2730 orationem
2038 2681 2096 2729 de

312 2765 488 2828 Spiritu
510 2772 675 2815 sancto
698 2783 809 2816 cum
832 2784 918 2816 sua
939 2769 1251 2817 conclusione
1273 2769 1467 2827 dictam,
1489 2768 1616 2816 facta
1631 2766 2095 2816 commemoratione

311 2847 370 2895 de
391 2852 557 2897 sancto
580 2853 740 2899 Marco
763 2851 851 2899 sub
870 2868 956 2900 sua
977 2852 1289 2901 conclusione
1320 2851 1380 2899 ad
1411 2851 1673 2899 secundam
1694 2851 1854 2898 albam
1875 2850 2095 2899 videlicet

312 2931 372 2978 ad
392 2931 519 2980 illius
543 2948 733 2980 versum
771 2934 889 2982 Veni
913 2943 1072 2983 sancte
1103 2935 1311 2999 spiritus,
1346 2938 1474 2998 Papa
1499 2935 1627 2983 venit
1651 2934 1711 2981 ad
1740 2933 2089 2993 faldistorium;

312 3020 423 3062 ante
464 3016 599 3079 cujus
637 3017 894 3065 adventum
931 3019 1162 3067 diaconus
1194 3018 1380 3082 accepit
1407 3018 1799 3066 benedictionem
1828 3015 1887 3063 ab
1916 3031 1974 3064 eo
2003 3032 2092 3080 pro

312 3099 559 3161 evangelio
589 3096 813 3159 dicendo,
862 3117 922 3150 ne
967 3086 1138 3165 postea
1171 3103 1376 3151 nimium
1421 3101 1655 3166 temporis
1698 3099 2086 3163 dispenderetur.

309 3182 601 3240 Cardinales,
639 3183 853 3246 episcopi
891 3189 937 3232 et
969 3186 1235 3249 presbyteri
1276 3189 1511 3234 steterunt
1550 3200 1578 3232 a
1612 3182 1794 3231 dextris
1839 3184 1992 3245 Pape,
2043 3185 2090 3229 et

309 3263 496 3313 diaconi
521 3281 548 3313 a
569 3267 792 3327 sinistris,
817 3271 866 3316 et
885 3271 1117 3316 venerunt
1147 3284 1316 3318 omnes
1345 3268 1406 3317 ad
1433 3267 1686 3316 circulum.
1722 3265 1857 3314 Prior
1885 3264 2087 3329 presby-

308 3351 523 3397 terorum
545 3351 775 3399 assistens
798 3351 930 3399 stetit
950 3350 998 3398 in
1018 3350 1126 3399 loco
1149 3367 1235 3400 suo
1252 3356 1360 3416 post
1381 3352 1601 3400 ultimum
1624 3349 1905 3413 episcopum
1929 3346 2085 3395 cardi-

307 3432 483 3480 nalem.
520 3435 722 3497 Propter
754 3434 1024 3498 angustiam
1055 3435 1147 3484 loci
1185 3436 1365 3484 fuimus
1403 3436 1452 3484 in
1488 3435 1638 3483 choro
1672 3431 1785 3480 satis
1818 3429 2081 3494 compressi
