2222 3926
170 332 379 375 [Decembre
402 334 495 373 1494]
614 330 786 369 RERUM,
815 330 1121 368 URBANARUM
1155 330 1502 369 COMMENTARH.
1877 335 1947 370 207

174 432 436 481 terminum
459 431 573 480 satis
602 431 833 496 temporis
864 431 1101 495 reliquum
1133 431 1210 491 sit,
1235 436 1398 479 tamen
1419 431 1478 480 de
1500 447 1595 494 quo
1618 432 1876 495 scripsistis
1899 438 1944 481 et

172 515 375 579 petiistis
403 515 561 579 ipsum
591 530 701 563 cum
737 514 1043 564 festinatione
1074 514 1238 563 datum
1269 519 1343 563 est
1375 518 1422 563 et
1449 514 1606 578 ipsum
1637 518 1748 563 ante
1780 515 1945 563 termi-

168 615 287 647 num
335 602 595 662 propterea
642 602 722 647 tue
771 598 1063 647 Gloriositati
1118 615 1128 646 ε
1173 614 1229 646 ac
1268 597 1515 662 predictus
1556 603 1715 647 vester
1758 598 1946 662 legatus

171 681 406 745 Georgius
432 682 533 745 jam
563 681 764 745 perfecit
793 682 956 730 omnia
984 682 1128 741 bene,
1162 698 1468 746 quecumque
1490 681 1688 746 requirit
1711 682 1803 730 tale
1835 682 1945 730 offi-

168 765 297 813 cium
329 764 493 829 legati,
533 765 661 814 unde
696 769 743 814 et
778 765 1042 814 honoratus
1079 771 1153 814 est
1189 765 1332 829 digne
1368 781 1397 814 a
1433 781 1544 814 mea
1572 765 1851 824 Altitudine,
1895 771 1946 815 ut

166 848 324 912 ipsum
361 848 501 896 decet
538 865 546 895 :
587 849 806 896 misimus
843 849 989 898 etiam
1028 865 1124 897 una
1159 865 1269 897 cum
1306 849 1410 913 ipso
1447 865 1475 897 a
1510 854 1675 897 nostra
1715 849 1948 898 altissima

170 933 314 980 Porta
334 931 528 980 fidelem
549 935 768 980 nostrum
789 932 1040 981 hominem
1059 932 1327 988 Cassimen,
1354 937 1402 980 et
1419 932 1530 980 data
1550 936 1623 981 est
1641 932 1731 980 sibi
1750 933 1947 983 licentia

168 1019 218 1062 ut
245 1031 409 1063 rursus
443 1015 504 1065 ad
530 1020 666 1063 tuum
693 1015 997 1078 pontificium
1028 1015 1217 1074 redeat;
1252 1019 1418 1063 nostra
1447 1015 1577 1063 enim
1609 1014 1824 1064 amicitia
1859 1015 1946 1064 Dei

167 1098 411 1147 voluntate
433 1098 481 1146 in
503 1098 606 1147 dies
632 1098 904 1162 augebitur.
930 1098 1119 1147 Nuntiis
1145 1101 1308 1147 autem
1328 1102 1484 1147 vestre
1513 1097 1678 1146 salutis
1700 1113 1945 1160 nunquam

167 1197 255 1229 nos
276 1182 490 1246 privetis,
516 1186 567 1231 ut
588 1181 842 1230 audientes
862 1182 1016 1245 magis
1038 1182 1351 1230 delectemur.

235 1266 409 1314 Datum
436 1265 484 1313 in
517 1265 623 1314 aula
644 1270 808 1314 nostre
838 1264 1038 1314 suldane
1067 1265 1117 1313 in
1145 1264 1578 1329 Constantinopoli,
1608 1267 1748 1323 1494,
1771 1278 1898 1313 anno
1918 1278 1947 1312 a

167 1352 282 1397 Jesu
302 1348 829 1414 prophetenativitate,
859 1352 915 1397 18
938 1348 1014 1397 die
1035 1348 1218 1397 mensis
1240 1348 1547 1414 septembris

232 1432 398 1480 Sultan
438 1433 627 1496 Bajazet
666 1433 817 1493 Chan,
868 1433 955 1482 Dei
995 1433 1150 1497 gratia
1188 1448 1272 1482 rex
1312 1432 1550 1480 maximus
1595 1436 1643 1481 et
1681 1431 1945 1496 imperator

169 1515 416 1578 utriusque
445 1515 735 1565 continentis
761 1516 971 1580 Asieque
999 1521 1047 1566 et
1074 1519 1284 1581 Europe,
1319 1516 1694 1565 christianorum
1727 1515 1944 1564 omnium

167 1599 420 1648 excellenti
441 1600 725 1665 presbytero
745 1604 793 1649 et
823 1600 1037 1661 dominO,
1072 1603 1130 1649 D.
1163 1600 1436 1650 Alexandro
1459 1600 1618 1648 divina
1646 1597 1946 1664 providentia

167 1698 366 1732 romane
381 1683 586 1732 ecclesie
599 1700 827 1748 supremo
847 1684 1063 1749 pontifici
1085 1684 1367 1749 dignissimo
1391 1684 1708 1734 reverentiam
1731 1683 1943 1732 debitam

169 1770 217 1814 et
247 1766 531 1816 benevolam
565 1783 676 1816 cum
705 1768 894 1818 sincera
925 1768 1239 1833 dispositione
1271 1788 1280 1818 :
1311 1768 1510 1833 dignum
1538 1772 1586 1817 et
1618 1768 1812 1817 fidelem
1846 1782 1944 1814 ves-

168 1854 294 1897 trum
332 1848 582 1899 hominem
623 1856 671 1901 et
708 1852 923 1916 legatum
964 1852 1227 1916 Georgium
1267 1852 1536 1900 Busardum
1575 1851 1623 1899 in
1659 1850 1942 1899 altissimam

168 1934 363 1982 Portam
393 1934 592 1983 misistis
618 1952 628 1984 :
655 1936 781 1984 venit
803 1939 850 1984 et
876 1936 1035 1984 attulit
1063 1936 1259 1984 nuntios
1289 1936 1349 1984 de
1377 1939 1535 1984 vestra
1560 1935 1713 1984 salute
1738 1940 1787 1983 et
1815 1935 1942 1982 bona

166 2014 449 2066 habitudine
478 2024 525 2067 et
553 2018 808 2067 delectavit
837 2034 926 2067 nos
954 2018 1155 2067 mirifice
1189 2034 1199 2066 ;
1232 2018 1393 2067 retulit
1413 2022 1577 2067 autem
1604 2021 1653 2066 et
1681 2017 1828 2066 verba
1847 2031 1940 2080 que

166 2100 429 2150 mandastis
449 2101 540 2165 ipsi
567 2102 788 2165 privatim
810 2106 862 2149 ut
882 2101 926 2149 ei
939 2101 1150 2165 jussistis
1172 2102 1376 2166 integre,
1403 2106 1451 2150 et
1473 2100 1727 2149 didicimus
1749 2105 1796 2149 et
1813 2099 1940 2148 'bene

167 2185 497 2233 commisimus
518 2189 567 2234 et
586 2201 674 2233 nos
696 2185 785 2250 ipsi
807 2200 1059 2233 sermones
1081 2189 1132 2233 ut
1152 2185 1340 2233 nuntiet
1362 2185 1493 2248 ipsos
1519 2199 1684 2232 coram
1710 2187 1790 2232 tuo
1819 2198 1941 2247 pon-

168 2268 332 2327 tificio,
370 2272 418 2316 et
447 2269 586 2316 detur
614 2267 704 2317 sibi
739 2268 861 2316 fides
897 2268 946 2316 in
982 2267 1058 2316 his
1092 2285 1101 2316 :
1142 2284 1446 2332 quecumque
1467 2268 1597 2317 enim
1628 2267 1802 2315 dixerit
1831 2271 1941 2315 sunt

164 2350 307 2399 verba
336 2355 502 2400 nostra
533 2351 801 2400 indubitata
831 2356 879 2401 et
901 2352 1003 2416 jam
1032 2352 1247 2417 prefatus
1278 2352 1512 2417 Georgius
1546 2350 1748 2416 perfecit
1778 2350 1942 2399 omnia

161 2435 286 2483 bene
325 2451 627 2500 quecumque
659 2436 859 2500 requirit
892 2436 1106 2485 officium
1137 2436 1300 2501 legati,
1325 2436 1452 2485 unde
1486 2441 1534 2485 et
1569 2435 1835 2484 honoratus
1870 2437 1943 2482 est

162 2519 306 2583 digne
329 2535 357 2567 a
375 2535 486 2568 mea
503 2520 767 2569 Altitudine
790 2520 1056 2569 secundum
1077 2521 1228 2584 ipsius
1249 2520 1539 2580 decentiam,
1562 2524 1610 2569 et
1628 2518 1739 2567 data
1758 2523 1832 2567 est
1852 2517 1941 2565 sibi

161 2600 354 2651 licentia
384 2608 436 2651 ut
462 2603 630 2653 redeat
651 2618 817 2652 rursus
839 2604 900 2652 ad
927 2604 1087 2653 au'lam
1119 2610 1198 2653 tue
1225 2604 1569 2669 Magnitudinis
1591 2607 1638 2652 et
1664 2601 1943 2650 manifestet

163 2685 230 2733 illi
263 2686 345 2734 illa
371 2702 464 2750 que
494 2703 583 2736 nos
613 2687 702 2752 ipsi
737 2687 1085 2737 commisimus.
1120 2690 1294 2738 Datum
1326 2688 1374 2736 in
1403 2688 1511 2737 aula
1542 2691 1704 2736 nostre
1735 2685 1942 2734 auctori-

163 2769 272 2817 tatis
307 2769 356 2817 in
390 2771 820 2836 Constantinopoli,
863 2774 1002 2833 1494,
1043 2787 1169 2820 anno
1202 2788 1230 2821 a
1258 2776 1371 2821 Jesu
1405 2771 1642 2837 prophete
1674 2769 1938 2828 nativitate,

163 2865 274 2900 xvm
296 2852 371 2902 die
394 2854 682 2918 septembris
704 2855 903 2904 mensis.

228 2938 394 2986 Sultan
423 2939 614 3003 Bajazet
641 2940 792 3000 Chan,
824 2940 911 2989 Dei
937 2941 1107 3004 gratia,
1140 2945 1256 3000 etc.,
1289 2940 1564 2990 Alexandro
1590 2937 1750 2987 divina
1780 2934 1940 3003 provi-

162 3019 324 3070 dentia
356 3037 556 3071 romane
589 3023 803 3073 Ecclesie
837 3040 1066 3089 supremo
1102 3025 1320 3090 pontifici
1355 3024 1655 3090 dignissimo,
1682 3026 1797 3081 etc.,
1831 3025 1940 3085 post

163 3105 528 3155 convenientem
565 3112 614 3155 et
639 3108 821 3171 justam
843 3099 1184 3158 salutationem
1216 3125 1225 3156 ε
1253 3109 1581 3173 significamus
1614 3110 1692 3154 tue
1714 3103 1940 3152 Domina-

164 3186 279 3234 tioni
317 3190 725 3251 quemadmodum
761 3192 811 3239 in
840 3192 1052 3256 presenti
1089 3193 1283 3242 fidelem
1313 3197 1533 3241 nostrum
1567 3189 1817 3239 Cassimen
1845 3202 1942 3234 scr·

163 3286 274 3318 vum
296 3286 406 3318 cum
426 3273 604 3321 nostris
624 3273 775 3322 literis
798 3276 1017 3323 misimus
1040 3276 1100 3324 ad
1123 3292 1367 3324 summum
1390 3280 1525 3324 tuum
1546 3272 1864 3338 pontificium,
1889 3274 1939 3316 ut

162 3352 282 3401 ferat
303 3353 364 3402 ad
383 3369 472 3402 nos
493 3354 552 3403 de
573 3361 733 3405 vestra
753 3358 905 3407 salute
929 3363 976 3407 et
1000 3360 1128 3407 bona
1147 3359 1428 3408 habitudine
1457 3357 1587 3421 quod
1608 3371 1696 3405 nos
1722 3354 1939 3418 cupimus

162 3436 371 3499 quotidie
395 3437 560 3487 audire
589 3443 636 3488 et
670 3439 931 3501 delectari3
956 3442 1177 3510 similiter
1203 3442 1441 3505 significet
1469 3440 1615 3488 etiam
1646 3442 1692 3487 et
1723 3436 1855 3484 vobis
1881 3434 1940 3481 de
