2228 3938
262 379 308 414 22
867 377 1103 416 JOHANNIS
1137 376 1436 424 BURCHARDI,
1726 378 1934 418 [Decembre
1954 380 2048 419 1492]

265 478 502 527 Paladinis
526 479 775 543 utriusque
799 481 922 545 Juris
944 482 1211 540 doctorem,
1239 482 1383 530 etiam
1407 482 1519 531 dicti
1541 481 1668 545 regis
1685 486 1925 531 oratorem
1949 481 2046 547 (qui

265 578 321 611 ex
349 562 452 610 aliis
478 564 861 623 conoratoribUS,
898 569 948 612 ut
983 581 1126 629 supra
1156 568 1375 613 notatum
1410 570 1496 625 est,
1529 567 1708 614 Urbem
1739 566 2046 626 intrantibus,

264 646 483 694 infirmus
508 645 624 711 erat)
647 652 952 710 receperunt,
977 652 1022 695 et
1045 648 1211 696 ordine
1241 648 1382 697 solito
1412 649 1730 708 associarunt,
1757 654 1805 697 et
1829 650 1896 699 ita
1917 650 2049 698 ordi-

263 733 428 777 natum
455 745 542 793 per
570 745 658 777 nos
691 730 777 777 fuit
805 730 934 792 quod
963 730 1143 778 familia
1169 731 1409 779 dictorum
1439 734 1496 780 D.
1527 731 1756 779 Friderici
1778 737 1825 781 et
1848 749 2050 782 conora-

262 819 421 861 torum
444 829 658 872 suorum,
683 817 792 877 post
814 813 1102 862 descensum
1126 829 1184 861 ex
1212 814 1367 876 equis,
1397 814 1456 861 ad
1482 814 1725 878 pontificis
1752 818 2047 878 presentiam

262 898 442 961 absque
481 913 618 946 mora
650 897 808 960 aliqua
848 897 1159 957 ascenderet;
1198 902 1245 946 et
1282 902 1391 961 post
1432 914 1541 947 eam
1583 901 1640 946 D.
1683 898 1967 947 Franciscus
2002 906 2048 949 et

266 985 481 1029 oratores
511 980 733 1045 predicti,
764 981 1000 1028 Ascanius
1026 984 1073 1028 et
1106 981 1257 1028 sancti
1290 982 1505 1029 Severini
1545 981 1814 1029 cardinales
1848 998 1959 1030 cum
1987 987 2043 1032 D.

264 1064 507 1113 Friderico
542 1065 716 1112 solium
757 1066 883 1127 Pape
927 1064 1262 1125 ascenderent,
1300 1065 1508 1114 Ascanio
1546 1065 1721 1128 ubique
1754 1066 2048 1129 precedente

265 1151 369 1195 ets.
396 1147 607 1196 Severini
631 1149 686 1195 D.
710 1146 1010 1194 Fridericum
1042 1150 1290 1210 sequente.

331 1233 569 1294 Receptus
599 1230 685 1279 fuit
714 1230 938 1295 princeps
967 1230 1144 1294 primo,
1177 1230 1351 1279 deinde
1386 1231 1465 1278 alii
1497 1235 1606 1280 octo
1635 1236 1947 1281 conoratores
1976 1235 2047 1281 sui

263 1316 371 1379 post
392 1328 503 1363 eum
525 1312 585 1360 ad
604 1313 760 1376 pedis,
785 1329 957 1361 manus
977 1316 1021 1361 et
1050 1313 1144 1361 oris
1173 1316 1299 1378 Pape
1331 1314 1569 1373 osculum,
1603 1329 1738 1361 more
1762 1314 1919 1363 solito.
1944 1318 2048 1372 Quo

264 1397 407 1455 facto,
437 1396 540 1460 ipse
573 1395 798 1459 princeps
829 1396 993 1444 literas
1027 1397 1260 1460 genitoris
1296 1398 1369 1445 sui
1409 1398 1535 1462 regis
1571 1397 1871 1460 Neapolitani
1906 1399 1967 1446 ad
1998 1399 2047 1446 id

265 1480 509 1528 confectas
541 1479 757 1543 pontifici
785 1481 1093 1544 presentavit,
1129 1496 1352 1530 asserens
1381 1481 1745 1530 serenissimum
1773 1481 2046 1544 genitorem

266 1580 404 1614 suum
432 1563 800 1627 Neapolitanum
827 1579 996 1628 regem
1024 1579 1075 1612 se
1107 1563 1399 1612 beatissimis
1426 1564 1632 1628 pedibus
1659 1565 1933 1614 Sanctitatis
1961 1581 2046 1614 sue

264 1648 511 1697 humiliter
552 1647 914 1696 commendare.
965 1650 1085 1695 Tum
1122 1647 1182 1695 ad
1220 1647 1380 1696 locum
1426 1648 1621 1695 solitum
1661 1648 1864 1708 iverunt,
1907 1650 2047 1697 dictis

265 1732 454 1781 duobus
482 1731 801 1780 cardinalibus
828 1731 1097 1795 principem
1133 1747 1286 1795 usque
1313 1731 1373 1779 ad
1403 1731 1569 1792 finem,
1600 1747 1698 1779 non
1728 1736 1891 1780 tamen
1915 1737 2046 1781 extra

266 1816 481 1864 banchos
515 1814 831 1877 cardinalium
876 1813 1255 1872 associantibus;
1292 1817 1349 1862 D.
1392 1815 1566 1862 Paulus
1606 1815 1665 1863 de
1701 1815 1877 1864 Planca
1909 1831 2046 1864 suam

266 1898 662 1948 commissionem
682 1897 860 1949 iterum
882 1897 1121 1945 conclusit
1140 1915 1150 1955 3
1175 1902 1221 1946 et
1250 1900 1379 1961 Papa
1399 1897 1663 1961 respondit.

332 1985 546 2030 Fuerunt
578 1981 753 2029 deinde
795 1996 884 2045 per
925 1981 1206 2045 episcopum
1244 1983 1664 2044 Caputaquensem
1700 1982 1826 2032 lecte
1859 1983 2048 2047 regales

265 2066 422 2125 litere,
448 2055 753 2114 continentes
774 2063 933 2128 ipsum
955 2080 1123 2128 regem
1150 2064 1453 2112 carissimum
1479 2064 1632 2112 filium
1659 2082 1800 2114 suum
1825 2066 2048 2115 illustris-

267 2150 443 2198 simum
481 2149 654 2198 ducem
686 2147 1029 2207 Andriensem,
1067 2148 1336 2211 principem
1369 2147 1614 2196 Altamure
1649 2154 1697 2197 et
1729 2150 1864 2213 regni
1893 2151 2047 2198 admi-

266 2233 474 2290 raldum,
509 2247 618 2279 cum
648 2222 754 2279 aliis
790 2231 1157 2278 conoratoribus
1191 2230 1306 2288 suiS,
1343 2230 1525 2293 absque
1565 2231 1758 2280 illorum
1797 2234 2046 2281 nominum

269 2315 597 2380 expressione,
634 2313 826 2362 mittere
867 2329 954 2377 pro
1001 2313 1278 2362 obedientia
1321 2314 1599 2377 prestanda.
1637 2318 1690 2363 R.
1730 2318 1780 2364 P.
1812 2318 1869 2363 D.
1916 2318 2047 2365 Zeno

269 2398 525 2462 episcopus
544 2397 697 2445 sancti
712 2396 859 2444 Marci
878 2396 991 2444 fecit
1014 2397 1303 2445 orationem.
1322 2396 1479 2445 Finito
1496 2398 1801 2458 consistorio,
1822 2399 2046 2464 princeps

267 2481 469 2546 portavit
488 2481 700 2530 fimbrias
722 2481 1016 2545 posteriores
1038 2481 1257 2544 pluvialis
1284 2484 1429 2545 Pape,
1455 2482 1626 2532 RRmi.
1655 2485 1756 2531 DD.
1782 2483 2047 2532 cardinales

270 2565 498 2614 Senensis
541 2581 597 2613 ac
638 2564 932 2613 camerarius
975 2564 1255 2613 assistentes
1293 2564 1482 2613 diaconi
1527 2566 1755 2614 continuo
1797 2567 2048 2615 astiterunt

271 2651 417 2713 Pape,
439 2652 618 2696 stantes
637 2663 887 2711 quousque
902 2647 1128 2711 princeps
1147 2663 1174 2695 a
1191 2648 1419 2711 pontifice
1439 2664 1550 2697 cum
1568 2649 1667 2697 suis
1682 2649 2047 2698 conoratoribus

271 2736 490 2795 receptus
524 2730 722 2790 fuisset3
767 2730 939 2793 quibus
973 2731 1180 2794 receptis
1224 2731 1450 2782 sederunt
1483 2731 1533 2779 in
1566 2731 1755 2780 bancha
1787 2748 1873 2780 sua
1910 2748 2044 2781 more

258 2816 430 2864 solito.
468 2813 708 2878 Depositis
743 2829 830 2877 per
865 2816 1044 2877 Papam
1076 2815 1389 2877 paramentis,
1415 2815 1649 2863 Sanctitas
1687 2831 1774 2863 sua
1805 2814 2046 2864 commisit

271 2900 462 2948 RRmis.
484 2901 585 2947 DD.
609 2901 948 2946 Beneventano
974 2903 1021 2946 et
1049 2898 1107 2946 de
1134 2899 1367 2948 Columna
1398 2899 1740 2958 cardinalibus,
1767 2899 1895 2963 quod
1914 2899 2045 2962 prin-

272 2984 429 3046 cipem
450 2982 578 3030 inter
605 2997 654 3028 se
683 2981 897 3028 medium
925 2997 1076 3043 usque
1104 2981 1164 3029 ad
1191 2982 1467 3045 Apostolos,
1491 2997 1626 3030 more
1655 2982 1813 3040 solito,
1839 2981 2047 3030 associa-

271 3069 406 3123 rent3
446 3068 588 3128 prout
617 3064 797 3112 factum
829 3067 918 3111 est.
958 3065 1045 3119 Qui
1081 3065 1366 3125 cardinales,
1406 3058 1658 3113 ubi‘locus
1689 3064 1883 3112 strictus
1921 3069 2040 3123 erat,

271 3148 538 3212 principem
569 3147 830 3211 precedere
857 3147 1102 3206 fecerunt;
1137 3151 1183 3195 et
1209 3148 1352 3206 bene,
1383 3148 1493 3211 quia
1527 3148 1595 3195 sic
1632 3148 1887 3196 convenire
1911 3148 2045 3196 vide-

270 3232 426 3290 batur,
454 3231 568 3278 licet
593 3230 825 3277 Ascanius
851 3245 960 3288 cum
989 3246 1027 3277 s,
1061 3230 1291 3289 Severini,
1326 3236 1373 3279 et
1398 3231 1528 3279 idem
1556 3246 1710 3294 nuper
1733 3247 1844 3278 cum
1867 3232 2044 3280 Montis

269 3314 459 3378 Regalis
475 3314 627 3371 aliter,
652 3317 699 3360 et
721 3313 780 3360 ad
801 3328 937 3360 suam
955 3312 1252 3361 voluntatem
1272 3329 1329 3361 ex
1345 3313 1571 3377 singulari
1591 3314 1797 3377 quadam
1816 3315 2039 3379 passione

276 3396 646 3446 observaverint.

334 3481 603 3543 Antequam
631 3479 726 3527 hoc
747 3494 890 3527 mane
913 3482 1148 3527 secretam
1171 3494 1305 3527 suam
1325 3494 1568 3529 cameram
1590 3482 1760 3540 exiret,
1787 3483 1871 3530 SS.
1898 3484 1954 3529 D.
1981 3482 2039 3528 N.
