2222 3926
341 354 410 387 :508
951 352 1184 389 JOHANNIS
1218 353 1513 397 BURCHARDI,
1899 353 2006 393 [Αῡὺῑ
2022 354 2116 393 1496]

339 452 624 501 baldachino
656 454 783 516 quod
806 454 1026 503 doctores
1057 455 1259 503 civitatis
1291 458 1556 517 portarunt.
1587 453 1733 503 Venit
1762 442 1822 499 ad
1851 454 2109 502 ecclesiam

341 533 684 596 cathedralem,
720 538 1046 601 processione,
1085 543 1194 584 ante
1231 551 1425 583 crucem
1451 534 1616 598 legati,
1657 539 1703 582 et
1734 535 1976 583 canonicis
2004 542 2118 599 post

342 636 452 667 eum
489 620 809 682 equestribus,
843 625 954 667 ante
985 619 1369 681 processionem,
1401 612 1562 669 debito
1591 618 1760 667 ordine
1782 617 2116 667 incedentibus

343 701 453 751 ante
476 703 733 750 ecclesiam
756 701 1083 750 cathedralem
1111 702 1170 749 ad
1197 717 1340 764 quam
1360 701 1548 764 legatus
1571 701 1836 749 associatus
1859 707 1948 750 est.
1974 705 1997 749 J
2005 718 2119 750 uve-

343 801 428 832 1165
451 787 735 832 Parmenses
758 800 963 848 quorum
988 785 1179 832 circiter
1198 801 1258 832 Lx
1276 784 1348 832 vel
1369 784 1530 848 plures
1551 785 1599 832 in
1626 784 1914 848 diploidibus
1936 785 2117 833 ornatis

341 867 637 928 incedentes,
667 868 865 916 baculos
897 869 1148 932 gestabant
1178 868 1411 932 depictos
1446 868 1624 915 Mulam
1651 867 1795 932 legati
1827 884 1885 915 ex
1912 883 2118 916 consue-

344 950 508 999 tudine
531 956 821 1015 receperunt
842 968 1005 1015 quam,
1025 951 1260 1000 descenso
1279 951 1458 1015 legate,
1483 967 1608 999 unus
1627 966 1797 999 eorum
1813 950 2047 1009 ascendit,
2072 945 2120 997 et

344 1052 431 1099 per
462 1035 700 1084 civitatem
732 1036 846 1084 hinc
880 1041 927 1084 et
959 1035 1070 1084 inde
1101 1035 1419 1094 deduxerunt,
1457 1051 1512 1084 ac
1535 1035 1573 1083 si
1596 1050 1704 1083 eam
1733 1034 1905 1094 lucrati
1936 1037 2116 1082 essent.

346 1118 482 1166 Circa
510 1118 682 1166 horam
715 1133 1027 1182 vesperorum
1060 1135 1169 1167 cum
1203 1118 1330 1166 tubis
1365 1123 1410 1166 et
1438 1118 1607 1168 fistulis
1635 1134 1661 1166 a
1692 1133 1869 1181 magna
1901 1116 2122 1165 comitiva

346 1201 634 1250 associatam
656 1201 716 1250 ad
743 1202 974 1266 palatium
1001 1202 1258 1251 cardinalis
1282 1219 1389 1250 eam
1412 1202 1713 1251 deduxerunt
1735 1205 1782 1249 et
1801 1201 1961 1265 legato
1982 1200 2121 1249 resti-

348 1289 556 1345 tuerunt,
584 1286 704 1333 nihil
729 1287 788 1334 ab
810 1302 867 1334 eo
890 1286 1107 1350 recipere
1137 1290 1393 1350 propterea
1418 1286 1652 1334 volentes.
1679 1288 1731 1333 In
1760 1285 1968 1333 ecclesia
1992 1284 2122 1348 lega-

346 1373 421 1416 tus
443 1368 558 1416 dixit
586 1368 854 1417 orationem
882 1369 941 1418 de
963 1370 1102 1418 beata
1127 1370 1275 1417 Maria
1295 1369 1493 1432 virgine,
1518 1374 1723 1432 patrona
1744 1368 1966 1427 ecclesie,
1991 1366 2123 1415 dedit

346 1450 668 1514 indulgentias
708 1451 912 1500 duorum
952 1467 1189 1500 annorum
1226 1456 1273 1501 et
1308 1452 1511 1501 totidem
1551 1452 1966 1516 quadragenarum
2003 1466 2120 1513 quas

348 1533 740 1599 archipresbyter
759 1535 1034 1599 publicavit.
1060 1536 1166 1584 Alia
1188 1540 1296 1584 sunt
1316 1551 1452 1584 more
1475 1536 1614 1584 solito
1638 1536 1903 1584 observata.

413 1620 619 1681 Legatus
639 1618 911 1682 hospitatus
939 1624 1010 1668 est
1032 1619 1081 1666 in
1102 1620 1277 1683 palatio
1306 1619 1590 1684 episcopali;
1621 1634 1709 1667 nos
1739 1619 1817 1666 alii
1838 1619 1886 1665 in
1912 1609 2120 1682 hospitio

348 1716 385 1746 5.
408 1700 617 1764 Georgii.
644 1704 888 1765 Expensas
906 1702 1018 1750 fecit
1037 1703 1261 1750 omnibus
1283 1702 1633 1750 illustrissimus
1653 1704 1710 1749 D.
1736 1701 1989 1749 cardinalis
2013 1702 2122 1748 Par-

346 1783 526 1830 mensis
555 1784 650 1832 sive
682 1785 787 1848 ejus
813 1785 1009 1833 familia.
1045 1789 1099 1833 R.
1137 1789 1186 1834 P.
1220 1789 1275 1833 D.
1303 1786 1518 1843 CarolUS,
1551 1785 1806 1848 episcopus
1831 1783 2117 1840 Laudensis,

347 1866 542 1914 nomine
561 1867 696 1915 ducis
718 1868 992 1928 Mediolani,
1014 1869 1142 1918 venit
1161 1869 1347 1917 obviam
1366 1869 1527 1933 legato
1548 1872 1682 1916 extra
1703 1871 1926 1916 Parmam
1947 1869 2007 1916 ad
2028 1866 2123 1914 duo

346 1948 569 1997 milliaria
592 1950 667 1998 vel
689 1951 833 2000 circa.

412 2033 550 2081 Feria
572 2039 724 2094 sexta,
755 2039 810 2083 19
834 2036 1019 2100 augusti
1042 2036 1170 2085 bono
1189 2051 1348 2096 mane,
1372 2040 1539 2084 Rmus.
1564 2038 1619 2084 D.
1641 2035 1828 2099 legatus
1846 2036 2049 2084 recessit
2067 2050 2126 2084 ex

350 2117 535 2172 Parma,
562 2117 715 2165 iturus
743 2119 949 2182 burgum
979 2138 1017 2168 5.
1043 2121 1269 2168 Domnini
1306 2121 1387 2168 ubi
1416 2119 1847 2184 processionaliter·
1869 2119 1958 2168 sub
1987 2123 2128 2183 porta

348 2202 596 2261 receptus3
623 2201 814 2248 seniore
840 2202 1074 2250 canonico
1103 2203 1317 2250 officium
1340 2208 1531 2268 agente.
1558 2206 1609 2251 In
1631 2203 1762 2251 mula
1791 2202 2034 2251 osculatus
2057 2207 2130 2251 est

348 2296 562 2341 crucem,
594 2283 933 2332 baldachinum
963 2291 1268 2349 portaverunt
1288 2287 1556 2351 presbyteri
1580 2287 1677 2335 sive
1702 2285 1865 2335 clerici
1888 2288 1936 2334 in
1958 2301 2128 2350 super-

346 2363 566 2427 pelliciis.
593 2368 843 2416 Processio
865 2369 946 2417 ivit
966 2374 1074 2433 post
1096 2386 1265 2418 omnes
1295 2370 1479 2433 equites
1511 2374 1559 2418 et
1583 2373 1692 2418 ante
1724 2384 1920 2417 crucem
1940 2369 2086 2433 legati
2113 2385 2122 2416 :

349 2448 566 2498 Potestas
594 2448 705 2498 dicti
734 2452 895 2515 oppidi
926 2454 1051 2501 venit
1080 2453 1268 2501 obviam
1294 2454 1453 2517 legato
1490 2457 1715 2516 equester
1745 2469 1856 2500 cum
1892 2452 1989 2500 suis
2021 2468 2123 2501 ser-

347 2529 590 2590 vitoribus,
630 2536 674 2580 et
705 2535 848 2582 certis
891 2536 993 2584 aliis
1028 2536 1087 2584 ad
1124 2537 1216 2585 duo
1254 2537 1476 2584 milliaria
1507 2537 1581 2584 vel
1619 2536 1747 2585 circa
1781 2536 1828 2583 in
1865 2526 2123 2584 ecclesiam

349 2613 654 2677 collegiatam
685 2616 847 2681 ibique
879 2625 1153 2684 exemptam
1193 2625 1240 2669 et
1270 2620 1548 2669 immediate
1580 2620 1691 2668 Sedi
1715 2620 1989 2684 Apostolice
2012 2618 2125 2666 sub-

345 2696 548 2758 jectam;
580 2716 671 2762 que
711 2701 857 2750 habet
884 2720 949 2751 xn
980 2704 1052 2752 vel
1083 2705 1212 2752 circa
1239 2705 1499 2753 canonicos
1529 2709 1576 2753 et
1603 2703 1903 2768 prepositum
1932 2703 2125 2750 mitram

350 2784 397 2825 et
418 2780 643 2829 baculum
668 2784 986 2834 deferentem.
1014 2788 1276 2835 Cardinalis
1299 2788 1417 2835 dixit
1435 2788 1700 2836 orationem
1724 2787 1782 2836 de
1806 2804 1843 2834 5.
1865 2786 2122 2843 Domnino,

349 2866 577 2927 martyre,
602 2870 803 2928 patrono
836 2869 1040 2918 ecclesie
1067 2886 1076 2917 :
1103 2870 1235 2918 dedit
1263 2870 1585 2933 indulgentias
1608 2870 1747 2917 unius
1770 2869 1881 2917 anni
1913 2868 2124 2916 etunius

350 2945 656 3010 quadragene
695 2966 814 3012 quas
849 2952 1109 3014 publicavit
1146 2953 1300 3001 dictus
1339 2952 1618 3001 canonicus.
1661 2953 1767 3000 Alia
1806 2967 1940 2999 more
1982 2950 2122 2998 solito

349 3032 459 3076 sunt
480 3029 746 3080 observata.
777 3036 983 3097 Legatus
1005 3036 1274 3099 hospitatus
1298 3040 1370 3084 est
1389 3036 1438 3083 in
1458 3036 1642 3099 Angelo
1672 3040 1719 3083 et
1739 3050 1827 3084 nos
1855 3034 1920 3082 ibi
1949 3034 1997 3081 in
2019 3033 2122 3081 aliis

346 3109 584 3175 hospitiis.

415 3196 640 3257 Sabbato,
674 3203 733 3247 20
754 3204 941 3265 augusti
964 3204 1010 3250 in
1036 3218 1196 3263 mane,
1221 3195 1409 3268 legatus
1431 3202 1629 3251 recessit
1658 3217 1716 3251 ex
1738 3203 1888 3266 burgo
1913 3218 1951 3250 5.
1977 3203 2125 3250 Dom—

345 3277 444 3324 nini
470 3283 533 3338 et,
565 3282 690 3331 facto
718 3285 938 3348 prandio,
968 3287 1094 3335 venit
1118 3287 1411 3336 Placentiam
1441 3286 1518 3334 ubi
1547 3290 1783 3334 venerunt
1813 3285 1901 3332 sibi
1934 3284 2121 3333 obviam

343 3374 430 3421 per
450 3361 630 3425 aliquot
649 3365 870 3417 milliaria
890 3370 1145 3435 episcopus
1170 3371 1496 3430 Placentinus,
1523 3369 1884 3418 commissarius
1906 3367 2121 3416 referen-

344 3441 524 3499 darius,
550 3452 596 3494 et
617 3449 694 3496 alii
717 3451 966 3501 officiales⁸
994 3453 1092 3502 Sub
1113 3460 1254 3518 porta
1277 3459 1497 3518 receptus
1521 3459 1594 3502 est
1619 3450 2040 3518 processionaliter
2060 3449 2118 3496 ab
