2216 3886
258 304 329 339 580
496 342 497 347 ¹
864 300 1097 337 ‚IOHANNIS
1131 298 1427 344 BURCHARDI‚
1707 299 1915 339 [Decembre
1936 298 2032 338 1499]

325 404 462 452 Feria
486 408 670 467 quarta,
699 407 756 450 27
789 381 1080 460 novembris,
1115 401 1202 448 fuit
1231 397 1568 447 consistorium
1597 402 1836 446 secretum
1863 398 1913 445 in
1939 413 2033 460 quo

264 489 319 533 R.
345 487 396 534 P.
422 489 480 533 D.
501 485 731 533 Martinus
752 487 928 547 Zapata
949 485 1032 531 SS.
1056 485 1113 529 D.
1139 484 1196 529 N.
1219 481 1553 540 cubicularius,
1572 479 1775 529 ecclesie
1799 481 2036 529 Suessane

263 570 314 616 in
350 570 628 633 episcopum
662 567 904 630 prefectus
946 581 1033 629 per
1062 565 1246 614 obitum
1283 565 1408 613 bone
1451 564 1685 613 memorie
1728 565 1785 610 D.
1828 563 2040 627 episcopi

267 650 510 709 Suessani,
536 649 614 712 qui
647 649 724 697 die
751 649 863 696 lune
891 648 940 695 in
971 663 1097 707 sero,
1124 651 1183 696 25
1211 647 1375 711 hujus,
1399 647 1449 694 in
1471 647 1614 695 domo
1643 646 1767 694 Rmi.
1800 649 1856 694 D.
1885 645 2042 694 cardi-

264 733 385 781 nalis
415 731 731 795 Neapolitani,
756 731 851 778 vita
879 731 1072 779 functus
1101 730 1205 789 fuit,
1232 734 1279 778 et
1307 730 1444 794 cujus
1471 730 1712 779 voluntate
1742 734 1789 778 et
1817 744 2043 793 expressa

266 815 565 863 ordinatione
587 829 615 860 a
636 818 842 876 quatuor
863 813 1116 871 sacchinis,
1138 816 1344 877 quatuor
1362 812 1607 861 intortitiis
1629 812 1858 861 duntaxat
1879 827 2044 875 prece-

267 897 505 956 dentibuS,
530 896 631 944 sine
655 896 786 944 omni
808 912 1001 960 pompa,
1027 896 1088 944 ad
1110 896 1367 944 ecclesiam
1389 896 1589 944 fratrum
1612 912 1651 943 s.
1671 895 1798 944 Petri
1819 894 2044 943 Montorii

269 981 447 1029 ordinis
465 980 668 1028 fratrum
686 980 927 1035 minorum
946 980 1004 1028 de
1020 980 1235 1028 Zoccolis
1258 980 1533 1043 deportatus
1550 985 1597 1029 et
1614 979 1791 1028 ibidem
1811 977 2043 1042 sepultus,

270 1065 406 1128 cujus
427 1063 588 1112 anima
608 1063 881 1126 requiescat
902 1063 951 1111 in
971 1079 1108 1127 pace.
1127 1064 1283 1112 Audio
1305 1079 1416 1111 eum
1437 1078 1547 1112 cum
1565 1078 1741 1127 magna
1758 1060 2047 1110 contritione

272 1146 557 1196 decessisse.

338 1229 478 1277 Feria
510 1233 662 1287 sexta,
699 1232 758 1276 29
796 1229 909 1277 dicti
940 1229 1121 1278 mensis
1150 1229 1442 1289 novembris,
1479 1230 1528 1277 in
1560 1245 1702 1279 mane
1735 1232 1793 1277 D.
1830 1229 2052 1277 Lucretia

275 1312 373 1360 filia
393 1315 522 1376 Pape
541 1312 682 1361 exivit
698 1318 808 1376 post
821 1318 1011 1377 partum
1033 1313 1229 1361 domum
1248 1329 1401 1372 suam,
1420 1312 1609 1362 intravit
1630 1312 1875 1361 basilicam
1899 1328 1938 1360 s,
1965 1315 2052 1361 Pe-

275 1395 364 1454 tri3
403 1397 459 1442 D.
495 1397 663 1443 Petrus
694 1394 946 1459 episcopus
979 1395 1256 1444 Calenensis
1289 1395 1511 1446 sustinuit
1541 1413 1648 1447 eam
1679 1412 1765 1461 per
1796 1396 2049 1446 brachium

278 1478 521 1525 sinistrum
548 1477 706 1526 eundo
729 1478 789 1526 ad
810 1477 987 1526 dictam
1008 1477 1254 1526 basilicam
1276 1484 1323 1528 et
1343 1479 1453 1528 inde
1473 1481 1534 1529 ad
1551 1480 1749 1528 domum
1770 1479 2015 1529 redeundo
2036 1495 2046 1537 ;

278 1561 477 1608 missam
499 1576 662 1608 coram
685 1577 742 1610 ea
762 1561 1046 1610 celebravit:
1072 1561 1284 1610 intellexi
1306 1563 1450 1612 etiam
1471 1563 1600 1627 quod
1620 1564 1723 1628 ipsa
1744 1565 1800 1611 D.
1827 1561 2050 1610 Lucretia

281 1643 370 1692 fuit
386 1643 492 1691 heri
514 1659 622 1693 sero
644 1660 753 1692 cum
776 1645 1026 1705 Pontifice,
1047 1652 1183 1711 patre
1205 1663 1310 1695 suo,

346 1727 599 1775 Dominica
624 1728 778 1791 prima
809 1728 1052 1777 Adventus
1084 1730 1293 1789 Domini,
1329 1733 1348 1776 1
1382 1730 1670 1789 decembris,
1700 1734 1755 1777 R.
1783 1729 1832 1776 in
1863 1729 2054 1778 Christo

285 1813 336 1857 P.
375 1813 432 1858 D.
462 1813 631 1858 Petrus
666 1811 919 1874 episcopus
960 1811 1254 1871 Calenensis,
1286 1811 1560 1876 capellanus
1593 1815 1651 1860 D.
1685 1812 1925 1872 Lucretie,
1959 1810 2054 1858 filie

284 1896 429 1957 Pape,
455 1893 711 1941 celebravit
730 1894 929 1942 missam
951 1895 1219 1943 solemnem
1240 1895 1288 1943 in
1316 1895 1499 1960 capella
1520 1897 1703 1960 majore
1723 1895 1905 1960 palatii,
1931 1897 2059 1958 Papa

283 1977 481 2025 absente
516 1992 525 2024 ε
564 1992 839 2025 sermonem
875 1977 987 2026 fecit
1020 1983 1304 2042 procurator
1339 1979 1520 2027 ordinis
1550 1979 1925 2042 predicatorum.
1953 1977 2059 2026 Alia

283 2060 446 2108 omnia
466 2060 717 2110 observata
738 2065 847 2109 sunt
869 2077 1004 2109 more
1027 2061 1184 2111 solito.
1212 2062 1324 2111 Heri
1343 2062 1428 2110 fuit
1450 2062 1627 2110 festum
1649 2078 1688 2109 s,
1708 2062 1900 2111 Andree
1921 2076 2060 2125 apos-

284 2143 384 2202 toli,
422 2148 468 2192 et
510 2147 636 2208 Papa
667 2161 764 2192 non
796 2147 926 2195 venit
965 2146 1024 2194 ad
1064 2145 1299 2209 capellam
1337 2144 1556 2209 ejusdem
1594 2144 1744 2192 sancti
1780 2144 1829 2191 in
1860 2143 2058 2192 basilica

285 2243 323 2274 s.
343 2227 471 2275 Petri
490 2227 550 2275 ad
571 2228 769 2276 missam
796 2229 1050 2292 majorem,
1077 2233 1126 2276 ut
1149 2228 1423 2292 aliquandiu
1455 2226 1718 2286 consuevit,
1745 2225 1831 2274 sed
1858 2225 2057 2273 missam

282 2407 426 2444 abunde
448 2406 692 2444 intelleximus
711 2408 888 2457 optimum
908 2408 1016 2445 istius
1037 2408 1210 2446 Excelsee
1231 2409 1446 2458 Reipublice
1466 2410 1505 2446 in
1519 2421 1586 2447 nos
1607 2409 1768 2446 animum
1788 2419 1831 2445 ac
1849 2405 2059 2455 dispositio-

282 2478 365 2503 nem
390 2479 478 2515 erga
498 2467 764 2515 expeditionem
783 2480 893 2516 quam
913 2467 1074 2505 Dilectus
1093 2468 1190 2505 filius
1211 2469 1348 2506 Nobilis
1370 2469 1423 2507 vir
1451 2470 1563 2507 Cesar
1579 2469 1715 2518 Borgia
1734 2469 1778 2505 de
1805 2466 1957 2505 Francia
1979 2467 2062 2503 Dux

281 2525 552 2563 Valentinensis
580 2525 884 2564 Christianissimi
904 2528 1108 2565 francorum
1137 2528 1254 2576 Regis
1274 2529 1556 2575 Locumtenens,
1572 2532 1698 2566 contra
1716 2526 1929 2577 perditionis
1948 2525 2057 2562 filiam

283 2585 514 2624 Catharinam
534 2586 679 2624 Forlivii
700 2587 883 2635 Imoleque
903 2588 1126 2626 comitissam
1141 2587 1316 2635 suscepit,
1332 2600 1375 2625 ac
1394 2589 1620 2626 Proclamata
1638 2588 1713 2626 sive
1728 2587 1972 2625 Bannimenta
1991 2597 2062 2634 que

283 2645 426 2693 publice
445 2645 481 2682 in
502 2657 545 2682 ea
563 2657 600 2682 re
622 2646 718 2683 edita
738 2646 820 2684 istic
842 2647 1000 2693 fuerunt,
1022 2660 1093 2696 que
1114 2647 1220 2684 nobis
1241 2647 1340 2683 fuere
1359 2647 1571 2696 gratissima
1593 2659 1601 2684 ε
1629 2647 1848 2696 agimusque
1869 2650 2063 2695 propterea

282 2704 386 2741 vobis
407 2708 443 2741 et
462 2704 604 2742 excelso
625 2705 685 2742 isti
706 2706 874 2743 Dominio
892 2706 1094 2756 condignas
1116 2707 1265 2755 gratias.
1290 2706 1418 2743 Libere
1440 2706 1535 2744 enim
1555 2706 1659 2744 vobis
1680 2706 1913 2755 persuadere,
1935 2717 1978 2742 ac
1996 2717 2062 2754 pro

286 2768 383 2800 certo
400 2768 522 2800 tenere
541 2764 709 2812 potestis,
732 2778 799 2802 nos
818 2766 855 2802 in
877 2766 985 2803 rebus
1004 2765 1135 2803 vestris
1155 2777 1263 2814 pares
1292 2765 1389 2802 vices
1415 2765 1608 2812 relaturos,
1629 2777 1672 2802 ac
1691 2765 1776 2801 huic
1794 2768 1913 2802 vestre
1932 2764 1970 2800 in
1993 2775 2061 2800 nos

287 2822 469 2859 affectioni
494 2827 620 2860 mutuo
645 2836 886 2872 responsuros
918 2830 1027 2873 prout
1052 2825 1161 2862 latius
1184 2825 1252 2861 hec
1277 2825 1411 2870 omnia,
1439 2837 1482 2861 ac
1506 2825 1748 2873 proditionem
1773 2828 1809 2861 et
1835 2822 2061 2860 veneficium

288 2882 384 2930 quod
413 2882 493 2930 ipsa
518 2883 703 2920 comitissa
726 2889 850 2921 contra
876 2896 943 2922 nos
970 2884 1198 2930 moliebatur,
1224 2888 1260 2920 et
1284 2885 1590 2932 quemadmodum
1617 2884 1683 2920 Dei
1705 2883 1895 2928 beneficio,
1917 2882 2061 2919 detecto

288 2941 449 2990 negotio,
471 2942 781 2991 deprehensisque
806 2943 993 2989 veneficis,
1014 2943 1156 2980 liberati
1183 2954 1323 2989 sumus,
1344 2955 1389 2980 ex
1409 2942 1526 2991 ipsius
1547 2942 1701 2980 oratoris
1722 2942 1851 2979 litteris
1872 2941 1982 2979 latius
2003 2940 2058 2976 in-

287 3001 474 3049 telligetis.

335 3076 354 3094 «
382 3062 514 3098 Datum
544 3062 659 3099 Rome
690 3063 788 3110 apud
822 3062 996 3100 Sanctum
1028 3063 1176 3099 Petrum
1196 3062 1279 3099 >sub
1310 3063 1443 3099 annulo
1481 3062 1679 3101 Piscatoris
1717 3061 1776 3099 die
1810 3062 1871 3111 xxj
1905 3072 2061 3099 novem-

287 3121 362 3158 bris
383 3121 818 3160 MCCCCLXXXXVIIIJ
839 3122 1077 3160 Pontificatus
1097 3122 1212 3160 nostri
1233 3134 1328 3159 anno
1349 3126 1489 3161 octavo.

1444 3209 1463 3229 «
1491 3195 1714 3233 HADmANus.
1744 3209 1763 3229 »

334 3242 391 3277 Au
412 3242 478 3278 dos
498 3253 506 3278 ε

289 3338 307 3355 «
328 3324 475 3360 Dilectis
496 3325 600 3361 Fictis
620 3325 808 3362 Prioribus
825 3325 944 3372 Liber!
956 3327 1043 3362 tatis
1054 3329 1087 3362 et
1101 3326 1308 3371 veoeillifero
1321 3325 1468 3362 Justitie
1483 3326 1545 3374 Pol
1550 3327 1634 3373 puli
1646 3326 1812 3363 Civitatis
1833 3324 2026 3363 Florentie.
2043 3336 2063 3357 »

759 3410 883 3456 (Ar-ch.
906 3409 1096 3456 diplomat.
1119 3410 1160 3446 di
1179 3411 1341 3447 Firenze.
1357 3409 1440 3446 Acci
1459 3410 1614 3456 Publici,
1635 3416 1677 3446 n⁰
1700 3410 1801 3457 223.)
