2202 3926
309 301 355 336 80
916 299 1147 336 JOHANNIS
1184 298 1478 343 BURCHARDI,
1804 266 1810 274 ι
1887 297 1972 337 [Mal
1994 296 2090 335 1493]

376 404 450 462 Et,
488 407 538 450 ut
565 402 826 466 perfectius
860 402 1077 450 tradatur
1111 402 1330 461 materia,
1368 415 1477 448 sero
1517 399 1566 445 in
1601 413 1722 446 cena
1754 401 2094 446 remanserunt

311 485 457 549 aliqui
479 486 765 545 cardinales,
796 486 1239 549 discubueruntque
1267 485 1317 532 in
1353 484 1524 532 eadem
1554 497 1740 540 mensa,
1769 484 1895 544 Papa
1916 481 2092 544 primo,

310 569 483 617 deinde
505 570 709 633 predicti
732 570 1090 630 cardinalesset
1111 584 1316 632 sponsus
1338 567 1586 631 predictus
1607 580 1704 612 una
1724 580 1835 613 cum
1857 563 2095 627 aliquibus

312 653 417 700 aliis
445 655 543 701 DD.
582 658 629 702 et
664 653 790 701 inter
822 668 905 700 eos
946 653 1091 700 etiam
1122 652 1370 709 muliereS,
1406 650 1564 713 primo
1597 648 1783 697 scilicet
1815 647 1915 695 filia
1949 649 2093 710 Pape,

312 737 485 786 deinde
524 737 648 784 Julia
680 736 828 795 Bella,
866 735 993 782 dicta
1022 735 1081 782 de
1113 734 1362 794 Farnesio,
1400 733 1503 797 ejus
1536 731 1808 780 concubina
1837 729 1919 795 (1),
1953 730 2097 779 tertio

312 820 468 883 neptis
495 818 783 878 Innocentii,
814 818 913 865 filia
940 817 1264 877 Theodorine,
1300 815 1492 864 comitis
1523 814 1734 863 Pitiliani
1764 830 1902 872 uxor,
1933 818 1980 861 et
2000 813 2100 861 filia

311 903 543 951 Gabrielis
579 902 638 951 de
676 902 933 960 Cesarinis,
974 906 1021 950 et
1055 901 1263 964 quedam
1303 900 1413 960 alie,
1457 903 1508 947 ut
1544 898 1657 957 dixi,
1706 914 1802 947 una
1842 913 2013 946 mensa
2041 896 2102 944 ad

312 1003 483 1035 cenam
503 1002 611 1034 cum
639 989 767 1051 Papa
789 991 837 1034 et
860 985 1185 1034 cardinalibus
1213 984 1562 1033 discubuerunt
1587 984 1682 1031 hoc
1708 982 1896 1041 ordine,
1922 986 1975 1029 ut
1995 980 2103 1044 qui-

311 1070 427 1117 libet
451 1072 548 1117 DD.
572 1084 722 1133 prope
754 1084 805 1117 se
834 1069 1067 1117 retineret
1096 1084 1238 1116 unam
1265 1084 1323 1118 ex
1353 1068 1490 1117 dictis
1509 1067 1786 1133 juvenibus.
1824 1069 1880 1114 Et
1901 1066 1951 1114 in
1983 1080 2104 1113 cena

313 1157 685 1218 permanserunt
710 1152 873 1217 >usque
910 1154 969 1201 ad
1000 1154 1255 1217 septimam
1284 1153 1457 1202 horam
1497 1153 1672 1212 noctis,
1707 1152 2005 1215 recitataque
2037 1149 2100 1198 ibi

316 1241 424 1285 sunt
455 1237 675 1286 comedie
708 1240 755 1285 et
791 1236 1031 1300 tragedie,
1069 1241 1117 1285 et
1161 1237 1357 1300 quidem
1398 1236 1593 1295 lascive,
1636 1236 1752 1299 ipsis
1788 1233 2098 1299 postmodum

314 1322 584 1370 videntibus
609 1326 656 1370 et
678 1321 962 1370 ridentibus.
996 1323 1052 1369 Et
1080 1320 1127 1368 in
1156 1321 1251 1370 fine
1279 1325 1407 1386 Papa
1426 1323 1548 1386 ipse,
1573 1324 1624 1368 ut
1645 1319 1815 1378 fertur,
1839 1314 2123 1382 personali?

316 1409 389 1453 ter
415 1404 684 1453 associatus
707 1409 780 1452 est
795 1404 944 1453 filiam
968 1420 1105 1451 suam
1127 1420 1237 1451 cum
1254 1419 1432 1468 sponso
1449 1419 1599 1467 usque
1618 1404 1666 1450 in
1681 1402 1913 1466 palatium
1935 1404 2100 1448 sancte

316 1488 467 1537 Marie
490 1489 538 1536 in
558 1488 771 1549 Porticu,
798 1488 927 1552 quod
945 1491 1018 1536 est
1038 1487 1096 1535 (10
1123 1487 1217 1536 0110
1238 1487 1390 1537 latere
1412 1487 1653 1536 scalarum
1671 1485 1823 1534 sancti
1846 1484 1993 1544 Petri,
2021 1483 2102 1531 ubi

318 1571 475 1620 dictuS
495 1587 701 1636 sponsus
720 1572 878 1636 junxit
900 1588 950 1620 se
979 1588 1089 1619 cum
1115 1587 1266 1620 uxore
1299 1588 1401 1620 sua.
1433 1574 1491 1619 Et
1521 1571 1671 1618 multa
1700 1570 1794 1618 alia
1817 1569 1944 1617 dicta
1972 1572 2098 1627 sunt,

318 1671 410 1720 que
432 1655 511 1704 hic
532 1671 630 1704 non
653 1656 829 1716 scribo,
855 1671 948 1720 que
966 1661 1048 1705 aut
1068 1672 1165 1705 non
1189 1660 1315 1717 sunt,
1339 1656 1413 1704 vel
1435 1656 1473 1703 si
1496 1659 1623 1714 sunt,
1649 1652 1967 1702 incredibilia.

386 1743 499 1789 Post
528 1739 757 1800 triduum,
788 1740 977 1788 intravit
1012 1740 1336 1789 ambasciator
1369 1740 1497 1803 regis
1529 1739 1757 1803 Hispanie
1787 1753 1897 1785 cum
1925 1750 2102 1799 magno

317 1824 549 1872 comitatu
570 1824 910 1887 episcoporum
930 1828 977 1872 et
998 1824 1250 1872 curialium
1271 1843 1280 1882 ;
1307 1827 1354 1871 et
1375 1824 1528 1871 factus
1545 1824 1589 1871 ei
1609 1827 1682 1870 est
1695 1822 1855 1870 honor
1875 1835 2099 1883 magnus.

317 1911 371 1955 Et
389 1906 515 1956 inter
536 1907 645 1969 alia,
671 1908 864 1972 quando
886 1907 1078 1956 intravit
1102 1923 1189 1971 per
1207 1911 1397 1971 portam
1418 1906 1663 1965 Viridarii,
1689 1905 1946 1953 comitatus
1968 1903 2055 1951 fuit
2077 1919 2105 1950 a

318 1990 416 2039 filio
440 1994 567 2055 Pape
591 2008 618 2039 a
636 1991 835 2051 dextris,
861 1995 908 2039 et
925 2007 953 2039 a
971 2006 1151 2055 genero
1169 2007 1274 2052 suo,
1292 1991 1518 2040 videlicet
1540 1995 1596 2040 D.
1623 1990 1806 2039 Pisauri
1827 2005 1855 2037 a
1875 1989 2100 2048 sinistris,

318 2078 364 2123 et
385 2075 478 2123 1100
509 2091 536 2123 0
558 2075 665 2124 1000
689 2075 818 2124 unde
852 2075 1011 2135 exivit,
1042 2091 1206 2123 versus
1232 2078 1446 2124 Montem
1475 2074 1700 2134 Marium,
1728 2088 1879 2136 usque
1903 2072 1954 2120 in
1976 2072 2106 2137 pala-

322 2158 440 2206 tium
463 2159 628 2223 Campi
651 2159 810 2218 Flore,
835 2158 915 2205 ubi
939 2173 990 2206 se
1017 2159 1196 2221 posuit.

384 2242 436 2287 ln
466 2241 758 2289 concistorio
786 2240 997 2304 publico,
1031 2240 1154 2287 ultra
1181 2240 1527 2298 obedientiam,
1558 2256 1703 2303 quam
1734 2240 1889 2289 fertur
1921 2239 2102 2287 dictum

317 2322 717 2371 ambasciatorem
746 2323 1014 2386 prestitisse
1037 2323 1232 2372 nomine
1263 2324 1390 2388 regis
1423 2323 1670 2387 Hispanie,
1705 2324 1926 2388 exposuit
1953 2324 2100 2372 etiam

322 2422 380 2454 ex
401 2408 535 2470 parte
568 2405 716 2469 ipsius
745 2406 891 2470 regis,
920 2406 1049 2469 quod
1076 2407 1289 2470 prefatus
1320 2423 1404 2456 rex
1435 2407 1645 2455 habebat
1674 2407 1877 2456 multum
1910 2406 1960 2454 in
1991 2407 2101 2455 odio

317 2489 445 2538 bella
471 2505 563 2553 que
590 2489 770 2537 fiebant
798 2490 847 2536 in
875 2490 1010 2539 ltalia
1041 2489 1167 2538 inter
1202 2491 1518 2550 Christianos,
1553 2506 1610 2539 eo
1642 2490 1772 2554 quod
1807 2490 2009 2550 diceret,
2049 2505 2100 2537 se

319 2573 546 2621 continuo
570 2588 813 2637 exponere
836 2577 1013 2622 statum
1042 2590 1199 2630 suum,
1230 2576 1277 2620 et
1303 2572 1454 2620 vitam
1486 2587 1624 2619 suam
1651 2587 1738 2635 pro
1762 2571 1913 2619 salute
1947 2570 2103 2618 chris—

319 2656 448 2705 tiane
482 2657 595 2705 fidei
636 2661 683 2704 et
713 2662 1006 2721 augumento
1044 2658 1210 2721 ipsius,
1251 2656 1480 2704 continuo
1515 2655 1743 2703 certando
1781 2670 1890 2703 cum
1926 2654 2101 2702 infide-

319 2740 441 2787 libus
468 2757 477 2788 :
504 2744 551 2789 et
570 2744 715 2804 Papa,
741 2741 822 2803 qui
845 2746 976 2789 esset
997 2744 1140 2804 caput
1157 2739 1269 2788 fidei
1285 2739 1565 2797 christiane,
1583 2738 1856 2787 intenderet
1873 2738 1934 2786 ad
1953 2738 2101 2803 ipsius

320 2822 435 2871 fidei
459 2823 823 2887 dissipationem
850 2842 860 2873 :
887 2829 934 2874 et
956 2824 1175 2888 exposuit
1206 2823 1351 2873 etiam
1380 2823 1508 2885 quod
1530 2822 1686 2870 dictus
1713 2822 2105 2870 rex'intendebat

320 2906 503 2956 habere
524 2908 744 2956 notitiam
767 2908 825 2956 de
850 2924 924 2968 eo,
959 2925 1047 2973 per
1077 2923 1222 2972 quem
1243 2909 1544 2965 remaneret,
1577 2905 1834 2968 quominus
1865 2905 1993 2953 dicta
2012 2920 2104 2968 pax

324 2990 463 3039 fieret
484 2991 609 3040 inter
630 2991 927 3040 Christianos
950 3009 960 3052 3
982 2992 1210 3055 quoniam
1226 2989 1418 3038 dicebat
1438 2988 1619 3037 dictum
1640 3004 1809 3052 regem
1826 2988 2102 3036 habiturum

326 3126 388 3176 piu
406 3137 598 3164 reverenza
616 3129 662 3163 110
683 3127 826 3172 timore,
849 3127 1001 3175 rispetto
1021 3126 1151 3164 alcuno
1173 3125 1267 3163 circa
1293 3124 1326 3161 10
1343 3123 1497 3173 vergini,
1519 3124 1585 3160 0110
1603 3135 1693 3161 50110
1715 3128 1863 3173 sagrate
1883 3136 1904 3160 a
1924 3124 2006 3170 Dio,
2027 3125 2104 3161 cosi

324 3184 358 3220 al
372 3186 490 3222 secolo
512 3198 611 3223 como
635 3186 704 3223 alla
726 3186 903 3234 religione
930 3186 986 3223 ne’
1014 3186 1237 3232 monasterii,
1267 3185 1398 3234 perche
1420 3183 1508 3232 ogni
1530 3195 1617 3221 cosa
1637 3185 1759 3221 hanno
1793 3185 2055 3224 contaminato.
2083 3200 2100 3218 »

326 3246 491 3282 Sermoni
508 3247 722 3291 ePredtche,
744 3247 904 3290 Firenze,
929 3247 1033 3293 1846,
1055 3259 1098 3295 p.
1117 3247 1204 3284 568.

370 3306 403 3342 1.
434 3305 489 3342 On
515 3310 602 3354 peut
626 3306 702 3343 voir
729 3308 820 3343 dans
849 3305 1092 3354 (jregorovius
1122 3304 1292 3353 ‘l’origine
1319 3305 1362 3342 de
1389 3304 1424 3342 la
1449 3304 1579 3342 liaison
1609 3303 1771 3342 adultere
1791 3305 2033 3343 d’Alexandre
2052 3304 2102 3342 VI

323 3377 409 3401 avec
435 3365 528 3402 ι111110
554 3366 714 3403 Ἑο111050
742 3368 907 3413 (Lucrece
933 3367 1081 3412 Βονῃὶα,
1104 3369 1130 3402 t.
1155 3366 1182 3411 I,
1205 3366 1261 3403 ch.
1286 3378 1346 3411 vu,
1368 3377 1404 3413 p.
1429 3366 1527 3412 124),
1556 3366 1712 3412 l’e'pouse
1733 3367 1783 3403 du
1803 3367 1938 3412 Christ,
1964 3377 2101 3402 comme

324 3423 489 3474 l’appelle
505 3426 652 3463 Stefano
671 3426 715 3463 de
728 3426 939 3464 Castrocaro
960 3426 1051 3462 dans
1074 3437 1144 3463 une
1164 3425 1265 3462 lettre
1287 3428 1307 3462 a
1327 3427 1432 3462 Petro
1448 3425 1490 3461 de
1508 3424 1702 3472 Vectoriis,
1716 3425 1807 3463 01100
1827 3429 1848 3463 a
1862 3425 1955 3474 l'Ap.
1976 3432 2018 3461 n⁰
2041 3426 2098 3463 14.
