2202 3926
274 334 341 370 168
885 325 1117 363 JOHANNIS
1150 323 1444 371 BURCHARD1‚
1846 328 1930 368 [Mai
1951 329 2046 369 1494]

339 436 513 481 Forma
533 436 695 480 autem
717 434 765 478 et
786 429 1034 493 dispositio
1056 429 1239 492 capelle
1261 427 1366 475 talis
1387 430 1488 476 erat
1509 427 1595 484 (1).

339 600 562 660 Legatus,
597 595 673 642 his
706 592 932 657 peractiS,
971 597 1102 640 stans
1140 592 1189 638 in
1229 591 1343 638 sede
1384 607 1470 638 sua
1505 595 1552 640 et
1587 592 1816 655 thalamo,
1850 611 2043 645 crucem

274 697 409 729 suam
447 679 694 743 capellano
727 692 812 724 suo
848 679 983 722 extra
1023 673 1287 720 thalamum
1325 678 1435 722 ante
1472 674 1626 737 ipsum
1660 679 1877 736 tenente,
1914 678 2046 727 dedit

274 762 664 812 benedictionem
687 759 852 806 dicens
874 757 950 804 Sit
971 772 1142 803 nomen
1169 756 1370 804 Domini
1397 757 1706 817 benedictum,
1732 763 1779 806 et
1809 762 2044 810 concessit

275 844 672 894 interessentibus
711 839 1059 904 indulgentiam
1106 843 1292 903 septem
1323 855 1578 900 annorum,
1609 857 1752 904 quam
1790 842 2045 905 publicavit

273 929 538 978 celebrans.
567 924 934 975 Descenderunt
962 922 1136 970 deinde
1167 921 1355 986 legatus
1387 938 1496 970 cum
1524 938 1639 986 rege
1665 923 1723 971 de
1746 923 1976 984 thalamo,
2001 930 2045 974 et

275 1026 499 1075 sponsam
524 1010 651 1057 inter
673 1024 723 1056 se
745 1007 1052 1070 recipientes,
1075 1021 1252 1070 sponso
1276 1011 1322 1054 et
1350 1006 1452 1054 aliis
1475 1006 1640 1055 ordine
1673 1008 1891 1071 superius
1921 1008 2045 1057 dicto

273 1093 624 1151 incedentibuS,
671 1090 1001 1139 ascenderunt
1043 1094 1254 1138 castrum
1299 1105 1386 1153 per
1422 1090 1661 1138 lumacam
1703 1106 1851 1155 prope
1898 1092 2045 1140 altare

274 1177 600 1234 constitutam,
634 1173 713 1221 ubi
745 1173 934 1236 legatus
964 1173 1230 1236 permansit
1260 1173 1340 1220 illa
1370 1173 1465 1230 die,
1501 1177 1547 1222 et
1582 1189 1732 1236 usque
1766 1174 1827 1222 ad
1856 1174 2046 1223 circiter

275 1265 459 1308 sextam
491 1259 663 1306 horam
699 1256 871 1304 noctis.
906 1257 1056 1315 Fecit,
1089 1272 1257 1320 parum
1296 1260 1404 1320 post
1445 1271 1699 1305 ascensum
1734 1257 1783 1304 in
1813 1261 2042 1317 castrum,

275 1343 580 1391 collationem
602 1341 650 1387 in
674 1339 975 1388 comedendo
1001 1339 1089 1387 sibi
1112 1339 1422 1403 assignatam,
1447 1339 1620 1387 deinde
1639 1339 1699 1387 ad
1719 1355 1884 1403 regem
1907 1340 2045 1389 rediit

276 1425 355 1488 qui
380 1424 468 1472 sibi
491 1425 771 1483 thesaurum
794 1438 932 1469 suum
957 1423 1184 1470 ostendit.
1213 1421 1473 1470 Prandium
1501 1421 1719 1470 fecerunt
1746 1422 1888 1469 simul
1911 1422 2045 1486 lega-

274 1512 367 1566 tuS,
391 1523 492 1566 rex,
519 1522 724 1570 sponsus
743 1512 790 1554 et
813 1521 1005 1570 sponsa,
1035 1507 1138 1553 Don
1162 1505 1451 1564 Fridericus,
1477 1508 1638 1553 orator
1658 1506 1787 1568 regis
1815 1506 2043 1569 Hispanie

275 1596 321 1640 et
360 1591 559 1639 Gentilis
602 1590 847 1653 Virginius
886 1589 935 1636 in
966 1589 1135 1638 eadem
1166 1604 1351 1648 mensa,
1387 1589 1560 1637 sedens
1599 1605 1776 1652 sponsa
1806 1589 1854 1637 in
1885 1590 2044 1638 medio

274 1689 458 1732 mense,
492 1674 555 1721 ad:
590 1674 694 1737 ejus
737 1673 953 1720 dextram
986 1673 1190 1736 legatus,
1221 1672 1282 1720 ad
1315 1672 1555 1720 sinistram
1592 1688 1693 1731 rex,
1733 1673 1793 1719 ad
1827 1672 2043 1720 dextram

271 1757 416 1820 legati
455 1759 560 1804 Don
602 1755 897 1814 Fridericus,
937 1755 998 1802 ad
1039 1755 1256 1804 dextram
1299 1759 1404 1803 Don
1450 1755 1679 1802 Friderici
1716 1758 1878 1803 orator
1918 1756 2045 1820 regis

275 1839 519 1903 Hispanie,
544 1839 604 1886 ad
643 1839 885 1886 sinistram
918 1839 1045 1901 regis
1077 1841 1182 1886 Don
1213 1837 1452 1885 Joffredus
1483 1854 1705 1901 sponsus,
1737 1842 1784 1887 et
1814 1838 1876 1887 ad
1902 1839 2044 1887 sinis-

274 1927 395 1970 tram
437 1925 542 1969 Don
584 1921 781 1968 Joffredi
824 1920 1020 1968 Gentilis
1056 1920 1326 1983 Virginius.
1352 1924 1603 1984 Inceptum
1643 1920 1731 1969 fuit
1771 1921 2040 1985 prandium,

272 2005 400 2053 circa
431 2004 694 2053 secundam
727 2003 900 2051 horam
932 2003 1108 2062 noctis,
1141 2009 1187 2052 et
1220 2004 1404 2052 duravit
1434 2019 1585 2067 usque
1621 2005 1680 2052 ad
1714 2004 1886 2052 horam
1920 2005 2045 2054 inter

271 2089 488 2151 quintam
511 2091 557 2135 et
579 2092 779 2135 sextam.

338 2175 540 2219 Peracto
568 2170 787 2234 prandio,
821 2186 998 2234 sponsa
1025 2187 1051 2218 a
1072 2171 1230 2234 legato
1253 2175 1300 2218 et
1326 2186 1441 2233 rege
1469 2170 1594 2219 inter
1620 2186 1703 2219 eos
1731 2171 1891 2220 media
1913 2188 2044 2220 asso-

272 2255 397 2302 ciata
422 2254 508 2302 suit
533 2254 593 2301 ad
616 2253 845 2317 palatium
878 2269 1071 2317 sponse,
1096 2253 1226 2316 quod
1259 2259 1359 2301 erat
1386 2253 1662 2301 immediate
1694 2258 1829 2302 extra
1852 2259 2039 2318 portam

271 2337 413 2386 castri
444 2335 663 2400 predicti,
685 2335 1057 2398 precedentibus
1090 2350 1265 2399 sponso
1297 2340 1344 2383 et
1377 2335 1498 2395 aliis,
1523 2341 1575 2383 ut
1605 2336 1699 2384 hoc
1730 2352 1873 2386 mane
1910 2338 2041 2386 fece-

271 2424 402 2477 rant;
427 2418 506 2465 ubi
529 2418 772 2466 constituti
796 2435 1000 2482 sponsus
1022 2435 1132 2467 cum
1157 2434 1333 2482 sponsa
1356 2419 1594 2467 intrarunt
1615 2435 1858 2468 cameram
1880 2436 2040 2469 secre-

273 2508 368 2551 tam
390 2501 638 2549 cumlecto
655 2517 822 2550 eorum
843 2511 1029 2566 parato,
1057 2503 1216 2565 legato
1246 2517 1355 2549 cum
1378 2517 1492 2565 rege
1515 2503 1574 2550 ab
1596 2507 1729 2551 extra
1744 2504 2040 2567 expectanti-

270 2588 375 2634 bus.
396 2589 448 2633 In
471 2600 662 2633 camera
682 2586 914 2649 predicta,
938 2585 1189 2633 domicelle
1212 2590 1259 2633 et
1273 2585 1501 2633 mulieres
1524 2586 1788 2649 spoliarunt
1811 2602 2040 2651 sponsum

272 2674 318 2718 et
339 2684 584 2733 sponsam,
609 2674 656 2716 et
677 2684 759 2716 eos
787 2670 834 2717 in
858 2669 984 2717 lecto
1013 2668 1154 2716 simul
1177 2668 1526 2732 imposuerunt,
1559 2684 1788 2733 sponsum
1820 2686 1849 2718 a
1875 2671 2042 2718 dextra

271 2767 444 2816 sponse
473 2770 481 2798 :
508 2751 681 2820 quibus
717 2752 783 2800 sic
815 2753 953 2800 nudis
980 2752 1254 2817 jacentibus
1285 2751 1372 2799 sub
1404 2753 1683 2801 linteamine
1715 2758 1763 2802 et
1792 2759 2035 2818 cooperta,

270 2835 506 2882 intrarunt
535 2834 720 2896 legatus
753 2839 799 2883 et
827 2850 935 2893 rex;
972 2835 1020 2882 in
1051 2851 1253 2898 quorum
1279 2836 1525 2898 presentia
1554 2852 1758 2899 sponsus
1785 2841 1833 2884 et
1863 2852 2039 2899 sponsa

270 2933 356 2981 per
389 2915 667 2963 domicellas
704 2916 898 2964 fuerunt
929 2918 1104 2967 detecti
1139 2933 1287 2980 usque
1322 2917 1381 2965 ab
1415 2918 1694 2966 umbilicum
1726 2918 1801 2967 vel
1833 2919 1967 2978 citra,
1992 2923 2039 2966 et

272 3015 476 3064 sponsus
507 3013 733 3061 sponsam
767 2999 869 3046 sine
903 3000 1193 3049 verecundia
1220 3001 1524 3049 deosculatus
1563 3005 1652 3049 est.
1686 3004 2037 3050 Remanserunt

270 3083 449 3132 ibidem
469 3082 655 3145 legatus
677 3085 724 3129 et
746 3097 829 3129 rex
849 3081 977 3130 circa
997 3083 1205 3131 mediam
1227 3083 1396 3131 horam
1418 3083 1780 3132 confabulantes
1807 3102 1816 3132 :
1843 3085 2034 3146 deinde,

272 3166 480 3214 dimissis
503 3179 679 3229 sponso
705 3169 751 3212 et
779 3180 970 3228 sponsa,
997 3170 1301 3214 recesserunt
1331 3182 1516 3214 omnes.
1543 3167 1806 3215 Cardinalis
1829 3169 1890 3216 ad
1910 3169 2038 3232 epis-

271 3248 438 3312 copale
459 3248 703 3312 palatium,
730 3264 812 3296 rex
832 3264 945 3297 vero
967 3249 1027 3296 ad
1048 3253 1255 3297 castrum
1277 3249 1565 3315 predictum,
1591 3255 1853 3312 redierunt.

319 3372 351 3407 1.
375 3370 402 3406 Il
422 3383 444 3418 y
465 3383 485 3407 a
505 3372 596 3407 «lans
618 3377 699 3409 tous
724 3372 775 3408 les
795 3384 885 3410 mss.
903 3384 973 3409 une
994 3384 1088 3420 page
1109 3385 1151 3408 en
1175 3373 1292 3417 blanc,
1309 3373 1339 3409 le
1360 3385 1448 3410 mss,
1470 3374 1575 3411 5522.
1594 3374 1627 3410 2.
1652 3374 1673 3411 s.
1691 3375 1750 3419 22,
1773 3377 1874 3421 porte
1895 3384 1903 3409 z
1925 3375 1978 3409 sic
1998 3375 2035 3409 in

271 3431 456 3474 oriqinali.
