2222 3926
330 319 399 353 320
935 319 1122 356 ιΙΟΗΑΝΝ
1126 320 1168 356 IS
1202 320 1498 363 BURCHARDI,
1881 322 1989 362 [Αῡΐὶῑ
2011 323 2105 363 1496]

334 420 566 469 Evictium
593 420 899 481 Maldonado,
931 422 1161 470 clericum
1188 423 1500 480 Abulensem,
1532 420 1848 468 Benedictum
1877 421 1935 469 de
1957 423 2105 486 Aqui-

326 503 413 563 lar,
450 505 680 554 clericum
714 505 1064 564 Placentinum,
1098 505 1345 552 Andreum
1379 504 1437 550 de
1472 505 1672 561 AranaS,
1712 503 1942 550 clericum
1976 506 2105 553 Sala-

325 587 616 646 mantinum,
664 588 936 635 Johannem
982 587 1299 649 Requiscens,
1352 585 1581 635 clericum
1627 586 2098 648 Barchinonensem,

326 670 538 717 Garziam
569 671 627 718 de
660 670 867 733 Agreda,
898 669 1127 717 clericum
1158 669 1489 719 Tirasonensis
1517 669 1722 718 diecesis
1754 675 1801 717 et
1825 670 2101 718 Mauritium

325 753 383 800 de
412 753 668 811 Guicezen,
700 752 928 801 clericum
958 753 1219 801 Leonensis
1252 752 1458 802 diecesis
1489 769 1545 800 ac
1573 753 1845 801 Johannem
1879 754 2100 817 Seghart,

324 836 554 884 clericum
577 836 816 900 Spirensis
839 836 1061 885 diecesis.

388 921 446 967 Et
468 924 518 968 ut
541 921 634 969 sint
659 921 739 984 qui
765 921 946 980 literas,
980 937 1125 984 super
1146 921 1310 985 gratiis
1340 925 1387 970 et
1415 921 1810 970 concessionibus
1838 937 1924 986 per
1944 922 2102 985 ipsum

323 1008 519 1052 Rmum.
555 1007 612 1052 D.
645 1005 857 1068 legatum
886 1004 1228 1063 concedendis,
1255 1004 1511 1068 diligenter
1541 1009 1586 1053 et
1617 1009 1842 1053 accurate
1871 1005 2098 1066 scribant,

327 1088 561 1136 ordinavit
589 1088 849 1152 scriptores
880 1088 1117 1136 dictarum
1144 1088 1411 1147 literarum,
1443 1089 1666 1137 videlicet
1697 1105 1705 1136 :
1739 1091 1838 1137 DD.
1871 1089 2103 1138 Didacum

328 1173 386 1220 de
421 1175 646 1229 Serrano,
679 1172 931 1220 Danielem
960 1173 1018 1220 de
1048 1189 1086 1220 s.
1120 1172 1420 1231 Sebastiano,
1452 1173 1740 1222 Rodericum
1770 1175 1926 1233 Gesta,
1958 1175 2106 1221 Fran-

327 1256 508 1304 ciscum
531 1256 589 1304 de
620 1255 922 1319 Philippinis,
951 1255 1305 1303 Ferdinandum
1328 1255 1386 1303 de
1417 1256 1581 1315 Vezio,
1606 1256 1915 1304 Franciscum
1937 1257 1996 1304 de
2017 1259 2106 1306 Ce-

327 1339 504 1399 drario,
529 1340 791 1387 Antonium
820 1339 1101 1399 Obasinum,
1131 1339 1404 1388 Johannem
1426 1340 1484 1387 de
1514 1340 1663 1399 Frias,
1695 1340 1911 1388 Garziam
1940 1339 2105 1389 Ferdi-

325 1422 470 1470 nandi
516 1427 563 1471 et
604 1421 862 1482 Bovadilla,
907 1422 1198 1470 Ludovicum
1247 1425 1446 1470 Caseres
1487 1423 1545 1470 de
1595 1426 1746 1482 Leon,
1790 1423 2103 1471 Franciscum

327 1509 518 1565 Gomez,
544 1506 857 1554 Thomasium
879 1506 1102 1566 Fedrum,
1128 1506 1435 1554 Franciscum
1465 1506 1784 1565 Muscianum,
1814 1506 2103 1556 Michaelem

327 1593 635 1639 Sernensem.

391 1677 483 1722 Pro
512 1673 715 1737 registro
743 1688 856 1721 vero
886 1672 1310 1735 supplicationum,
1336 1673 1584 1721 constituit
1606 1674 1812 1736 septem,
1843 1672 2064 1721 videlicet
2090 1690 2099 1719 2

326 1773 412 1820 pro
435 1757 665 1820 magistro
688 1761 735 1805 et
757 1756 1080 1815 ausculatore,
1104 1755 1462 1804 Ferdinandum
1484 1757 1543 1804 de
1565 1758 1748 1814 Castro,
1775 1760 1821 1804 et
1843 1772 1927 1804 sex
1954 1756 2105 1820 scrip-

326 1844 471 1898 tores,
496 1838 718 1887 videlicet
744 1855 753 1886 :
777 1839 1050 1887 Johannem
1074 1839 1398 1898 Mauleonem,
1424 1839 1674 1898 clericum,
1699 1839 1983 1899 Gilbertum,
2008 1839 2106 1888 cle-

326 1922 478 1970 ricum
497 1923 888 1982 Macloviensem,
911 1922 1197 1970 familiarem
1219 1923 1389 1986 prefati
1413 1925 1469 1970 D.
1493 1922 1707 1986 episcopi
1726 1923 2101 1987 Fulginatensis3

326 2006 575 2054 Matthiam
606 2006 976 2063 Vicecomitem‚
1013 2006 1297 2055 familiarem
1332 2007 1549 2071 ejusdem
1588 2009 1643 2054 D.
1685 2007 1897 2071 episcopi
1930 2007 2106 2055 Assisi-

326 2090 539 2138 natensis
568 2105 659 2138 nec
684 2105 782 2138 non
815 2089 1076 2137 Antonium
1110 2089 1345 2149 Brunetti,
1383 2090 1617 2138 clericum
1650 2089 1987 2153 Lugdunensis
2021 2090 2106 2139 de-

326 2174 466 2232 cesis,
501 2174 786 2221 familiarem
817 2173 1036 2237 ejusdem
1065 2175 1120 2220 D.
1154 2173 1351 2221 Achillis
1387 2172 1637 2232 auditoris,
1669 2179 1715 2221 et
1740 2174 2012 2222 Johannem
2043 2173 2102 2221 de

325 2257 491 2320 Aguir,
516 2257 804 2304 familiarem
835 2259 892 2304 D.
919 2256 1104 2304 datarii.

392 2343 485 2388 Pro
507 2340 712 2403 registro
734 2340 971 2387 bullarum
992 2356 1077 2403 pro
1100 2340 1271 2389 eodem
1302 2341 1506 2405 registro
1536 2341 1777 2405 deputavit
1801 2356 1809 2388 :
1837 2343 1892 2388 D.
1923 2341 2105 2389 Johan—

325 2440 436 2473 nem
460 2423 812 2482 Burchardum,
837 2424 1221 2488 protonotarium
1244 2425 1579 2488 apostolicum,
1609 2429 1656 2473 et
1677 2425 1724 2471 in
1747 2424 2101 2487 registratores,

326 2506 373 2554 in
395 2507 524 2555 dicto
551 2507 774 2571 registro,
807 2512 934 2567 octo,
961 2507 1180 2555 videlicet
1206 2524 1214 2554 :
1240 2508 1481 2556 Thomam·
1499 2508 1558 2556 de
1588 2507 1796 2566 Bomiza,
1829 2510 2023 2555 Petrum
2046 2507 2105 2554 de

326 2591 554 2654 Trogillo,
579 2591 851 2639 Johannem
874 2590 931 2638 de
961 2593 1226 2654 Nogueras,
1253 2591 1562 2640 Franciscum
1589 2592 1647 2640 de
1677 2592 2002 2652 Valdemisso,
2023 2591 2105 2640 Al-

325 2674 569 2735 phonsum
587 2674 644 2722 de
659 2674 705 2722 la
719 2677 919 2734 Fuente,
938 2661 1223 2723 Annibalem
1245 2675 1304 2723 de
1316 2676 1519 2735 Grassis,
1534 2679 1557 2723 J
1562 2676 1805 2724 ohannem
1821 2676 2101 2740 Baptistam.

394 2756 482 2812 Qui
515 2772 684 2805 omnes
713 2757 946 2805 officiales
977 2757 1180 2821 predicti
1202 2758 1424 2821 jurarunt
1456 2759 1517 2806 ad
1546 2763 1714 2807 sancta
1742 2759 1828 2806 Dei
1858 2758 2104 2822 evangelia

329 2840 537 2887 fideliter
566 2845 613 2888 et
643 2841 899 2903 diligenter
932 2856 1160 2889 exercere
1193 2841 1353 2888 officia
1386 2858 1471 2889 sua
1497 2841 1712 2905 predicta
1738 2841 2021 2905 respective,
2055 2845 2102 2889 et

328 2940 424 2971 non
448 2923 663 2986 recipere
692 2923 814 2971 ultra
844 2928 1003 2971 taxam
1026 2924 1114 2971 sub
1144 2940 1269 2986 pena
1294 2924 1571 2987 privationis
1602 2925 1872 2972 officiorum
1904 2938 2101 2971 suorum

327 3007 653 3072 predictorum
686 3005 754 3054 eis
784 3022 871 3069 per
902 3008 1139 3069 prefatum
1171 3009 1227 3054 D.
1261 3007 1476 3070 legatum
1510 3022 1851 3055 concessorum
1880 3011 1926 3054 et
1954 3007 2103 3055 colla-

326 3096 503 3139 torum.

395 3174 717 3239 Suprascripti
750 3173 981 3220 officiales
1015 3173 1290 3221 habuerunt
1321 3174 1649 3223 emolumenta
1676 3189 1732 3223 ex
1762 3175 1900 3223 dictis
1924 3175 2102 3242 ⁴officiis

325 3258 467 3306 modo
484 3258 608 3306 infra
633 3275 642 3306 :

403 3341 755 3404 Registratores
795 3341 1197 3405 supplicationum
1233 3355 1380 3388 unum
1412 3355 1633 3403 grossum
1675 3340 1982 3390 florentinum
2013 3355 2101 3403 pro

337 3424 549 3487 qualibet
570 3424 934 3487 supplicatione,
960 3429 1006 3473 et
1028 3424 1065 3471 si
1088 3424 1134 3470 in
1158 3423 1328 3472 eadem
1356 3423 1701 3487 supplicatione
1729 3429 1890 3473 essent
1916 3423 2100 3472 diverse
