2216 3886
211 306 413 348 [Mai1499]
662 301 831 340 RERUM
867 300 1171 339 URBANARUM
1204 298 1553 339 COMMENTARII.
1937 307 2008 344 533

210 407 429 457 Julianus
468 405 768 465 CamerinuS,
809 403 1012 453 servitor
1050 403 1175 451 Rmi.
1214 405 1271 451 D.
1310 402 1564 451 cardinalis
1602 419 1640 451 S.
1677 405 1863 453 Crucis,
1898 406 2003 456 Alia

216 492 381 541 omnia
402 491 665 546 observata
681 492 791 538 sunt
807 503 943 536 more
967 486 1126 535 solit0.

278 574 507 634 SabbatO,
540 576 598 621 25
633 572 763 631 maii,
793 571 955 635 vigilia
985 569 1286 618 sanctissime
1317 569 1578 630 TrinitatiS,
1607 571 1850 620 celebrate
1885 576 1997 619 sunt

212 674 411 723 vespere
442 657 685 706 solemnes
724 656 773 704 in
809 654 994 719 capella
1026 652 1319 717 supradicta,
1356 655 1481 716 Papa
1524 659 1774 718 presente,
1811 655 1995 718 absque

214 740 679 793 commemoratione
703 739 971 798 dominice;
997 742 1043 787 et
1074 736 1310 785 ordinavit
1335 738 1420 785 SS.
1446 740 1503 785 D.
1530 740 1585 786 N.
1612 738 1741 801 quod
1762 738 1994 803 deinceps

215 825 459 892 perpetuis
481 823 652 872 futuris
681 822 976 886 temporibus
999 820 1400 869 commemoratio
1424 820 1570 884 hujus
1592 822 1834 871 dominice
1857 822 1996 870 omit-

215 916 397 960 teretur
426 913 474 956 et
501 923 600 955 non
626 907 783 965 fieret,
814 921 925 953 cum
962 905 1138 953 festum
1172 904 1233 951 sit
1268 904 1444 967 duplex
1473 904 1646 967 majus.
1682 904 1805 961 Quid
1832 910 1995 953 autem

215 993 489 1043 faciendum
519 991 578 1040 de
610 991 704 1039 hac
735 988 978 1038 dominica
1009 988 1196 1036 dicetur
1224 988 1272 1034 in
1299 986 1523 1034 rubriciis
1551 986 1769 1035 breviarii
1792 988 1850 1035 de
1873 1003 1994 1035 novo

215 1076 510 1126 ordinandis,
539 1078 589 1123 In
622 1073 865 1122 dominica
902 1071 1142 1136 sequenti,
1177 1071 1266 1119 fuit
1297 1071 1446 1119 missa
1478 1071 1708 1120 solemnis
1742 1071 1790 1119 in
1824 1072 1995 1121 eadem

214 1161 423 1226 capella,
457 1174 602 1223 quam
648 1156 908 1206 celebravit
948 1159 1112 1204 Rmus,
1153 1158 1210 1204 D.
1246 1154 1503 1203 cardinalis
1547 1155 1830 1216 GurcensiS,
1865 1158 1996 1219 Papa

215 1245 363 1294 etiam
402 1247 647 1308 presente.
686 1231 971 1289 Sermonem
1011 1239 1125 1287 fecit
1166 1239 1315 1287 frater
1345 1238 1570 1287 Nicolaus
1610 1238 1669 1286 de
1701 1240 1996 1288 Castromuri

214 1329 274 1378 de
318 1327 557 1391 Neapoli;
597 1325 729 1390 prior
766 1327 1032 1373 conventus
1072 1322 1255 1371 ordinis
1308 1322 1668 1385 predicatorum
1715 1322 1997 1387 Neapolita-

215 1428 405 1462 norum.

283 1496 466 1544 Eadem
490 1495 586 1554 die,
611 1498 777 1543 Rmus.
813 1492 1068 1542 cardinalis
1100 1508 1139 1539 s,
1164 1490 1374 1554 Georgii,
1401 1491 1485 1538 SS.
1516 1493 1573 1538 D.
1606 1493 1662 1539 N.
1687 1506 1810 1555 pape
1841 1507 2000 1541 came-

222 1580 392 1638 rariuS,
418 1579 661 1629 commisit
682 1577 802 1626 mihi
830 1582 880 1626 ut
900 1577 1114 1625 facerem
1135 1575 1345 1623 intimari
1369 1591 1457 1639 per
1483 1575 1704 1623 cedulam
1726 1577 1998 1640 processio-

218 1681 332 1713 nem
353 1665 448 1713 diei
470 1663 687 1727 corporis
706 1661 880 1710 Christi
902 1661 1119 1725 proxime
1141 1660 1302 1720 futuri,
1323 1664 1468 1723 prout
1493 1659 1738 1724 superiore
1765 1676 1893 1709 anno
1912 1661 1998 1710 fuit

218 1749 544 1808 observatum,
569 1753 617 1796 et
637 1751 688 1796 ut
712 1747 871 1795 socius
898 1761 1035 1794 meus
1057 1745 1239 1793 faceret
1261 1745 1482 1793 distribui
1502 1745 1612 1792 loca
1632 1759 1721 1807 pro
1743 1744 1998 1792 cardinali-

218 1832 304 1881 bus
345 1832 406 1881 ad
445 1832 665 1880 ordinem
698 1835 746 1880 et
776 1835 999 1879 ornatum
1035 1828 1256 1893 ejusdem
1285 1828 1636 1892 processionis,
1669 1828 1800 1892 quod
1839 1828 1997 1876 eidem

219 1917 352 1965 socio
386 1931 496 1964 meo
526 1915 807 1980 significavi,
844 1918 892 1962 et
924 1912 1016 1961 feci
1051 1913 1246 1960 cedulas
1280 1928 1397 1975 quas
1431 1915 1568 1960 Rma.
1604 1911 1880 1960 Dominatio
1911 1926 1999 1959 sua

218 2000 426 2064 sigillare
449 2000 563 2049 fecit
583 2003 631 2048 et
651 2015 739 2063 per
759 2013 981 2047 cursores
998 1996 1226 2056 intimari,
1250 1997 1394 2061 hujus
1412 1996 1595 2044 tenoris
1615 2012 1624 2043 :

285 2087 354 2133 De
376 2083 605 2132 mandato
628 2084 712 2131 SS.
739 2085 796 2131 D.
819 2085 875 2131 N.
896 2097 1019 2146 pape
1042 2080 1299 2129 mandatur
1319 2079 1518 2142 singulis
1540 2078 1859 2143 infrascriptis
1883 2094 1998 2142 qua-

215 2174 354 2217 tenus
389 2167 478 2216 sub
506 2183 632 2231 pena
669 2183 700 2214 x
729 2166 1014 2214 ducatorum
1050 2164 1153 2212 auri
1187 2164 1246 2211 de
1281 2179 1476 2211 camera
1512 2178 1705 2211 camere
1734 2162 1997 2226 apostolice

215 2251 610 2300 irremissibiliter
633 2250 1027 2315 applicandorum
1049 2248 1258 2296 debeant
1284 2263 1371 2311 per
1398 2249 1546 2294 totam
1567 2250 1845 2310 presentem
1869 2246 1997 2294 diem

214 2352 361 2383 xxvm
379 2335 617 2399 presentis
638 2334 819 2383 mensis
838 2333 973 2393 maii,
999 2332 1189 2380 dedisse
1212 2331 1261 2378 in
1283 2331 1473 2394 scriptis
1495 2333 1634 2378 Rmo.
1655 2333 1711 2378 D.
1731 2330 1997 2379 camerario

218 2419 415 2467 nomina
430 2423 477 2467 et
489 2419 781 2482 cognomina
800 2420 1018 2467 omnium
1040 2420 1088 2465 et
1106 2415 1405 2479 singulorum
1430 2414 1699 2462 officiorum
1721 2414 1894 2476 quibus
1908 2413 1998 2477 ipsi

216 2503 432 2563 presunt,
452 2515 536 2548 seu
553 2515 758 2562 quorum
779 2499 869 2563 ipsi
893 2499 1125 2548 officiales
1145 2499 1220 2547 vel
1241 2497 1476 2562 capellani
1496 2497 1722 2556 existunt,
1742 2501 1789 2545 et
1803 2497 1850 2544 in
1873 2513 1999 2545 mar-

215 2583 326 2647 gine
349 2586 606 2631 annotasse
640 2582 676 2630 si
708 2582 789 2645 qui
821 2597 991 2631 eorum
1022 2581 1303 2630 officialium
1332 2581 1425 2628 sint
1445 2581 1505 2628 ab
1528 2583 1653 2629 Urbe
1676 2581 1902 2630 absentes
1924 2583 1995 2631 vel

217 2665 411 2726 infirmi,
434 2670 481 2714 et
502 2666 707 2714 aliorum
729 2665 1002 2713 officiorum
1023 2665 1255 2713 officiales
1274 2663 1348 2712 vel
1368 2662 1541 2727 prelati
1567 2679 1577 2710 :

283 2749 702 2808 Rescribendario,

282 2833 538 2897 Capellano
557 2833 872 2882 collectorum
892 2831 1093 2896 plumbi,

281 2917 537 2982 Capellano
556 2917 847 2982 scriptorum
869 2920 1031 2964 sancte
1052 2915 1317 2978 penitentie
1339 2916 1623 2980 apostolice,

280 3001 534 3064 Capellano
556 3000 960 3059 abbreviatorum,

279 3083 534 3146 Capellano
557 3083 919 3131 sollicitatorum
941 3071 1254 3146 epistolarum
1277 3082 1668 3146 apostolicarum,

278 3166 596 3215 Thesaurario
615 3166 913 3214 notariorum
935 3170 1057 3222 rote,

277 3249 486 3316 Syndico
506 3253 875 3312 procuratorum
897 3248 1321 3307 contradictarum,

285 3333 614 3397 Computatori
637 3338 1003 3397 procuratorum
1024 3334 1375 3398 penitentiarie.

290 3421 359 3467 De
402 3418 628 3466 mandato
670 3420 752 3467 SS.
788 3421 845 3466 D.
884 3421 937 3466 N.
975 3433 1122 3481 pape,
1155 3417 1411 3465 mandatur
1449 3415 1648 3479 singulis
1685 3413 2002 3475 infrascriptis
