2202 3926
149 329 234 371 [Mai
263 327 355 367 1494]
600 324 768 361 RERUM
803 323 1105 360 URBANARUM
1137 322 1487 360 COMMENTARII.
1870 324 1935 360 143

153 444 350 486 corona,
385 430 578 491 sceptro
611 430 658 475 et
684 441 829 490 pomo
860 424 908 473 in
937 430 1023 474 su'o
1049 426 1236 485 sediali,
1267 430 1314 473 et
1337 424 1507 488 prelati
1539 423 1588 470 in
1612 424 1781 472 bancis
1811 426 1927 483 suis,

155 527 324 561 omnes
346 511 546 560 detectis
575 509 809 575 capitibus
837 509 1185 574 genuflectunt.
1211 507 1329 572 Regi
1356 505 1615 570 deponitur
1646 521 1828 555 corona
1847 524 1934 570 per

155 599 261 645 Don
289 595 606 654 Fridericum,
635 598 681 643 et
709 596 766 642 D.
793 593 966 642 Gentili
993 594 1213 657 Virginio
1249 591 1421 641 Ursino
1453 590 1664 639 tenenda
1698 589 1929 648 traditur3

155 679 375 727 similiter
408 683 653 742 sceptrum
687 681 735 726 et
771 680 878 725 Don
909 677 1121 726 Joffredo
1152 678 1370 737 traditur,
1411 695 1467 727 ac
1506 693 1707 744 pomum
1741 681 1789 726 et
1830 678 1935 724 Don

156 762 364 813 Henrico
395 763 685 827 assignatur,
717 765 765 810 et
795 777 881 809 suo
912 764 1129 825 tempore
1163 778 1251 826 per
1286 762 1513 810 eumdem
1547 764 1604 810 D.
1637 760 1937 809 Fridericum

155 847 319 896 omnia
346 847 448 911 regi
478 850 807 910 reponuntur;
842 848 889 894 et
918 845 1108 907 quando
1137 850 1210 893 est
1239 862 1326 909 per
1355 861 1518 910 regem
1545 845 1764 894 facienda
1792 860 1940 910 genu-

152 931 314 991 flexio,
338 946 435 979 non
457 931 634 979 debent
655 930 786 993 prius
806 928 1022 992 predicta
1052 927 1138 976 sibi
1167 928 1344 991 deponi
1370 928 1597 992 quoniam
1621 944 1705 977 rex
1728 927 1789 976 sit
1809 928 1938 992 apud

153 1014 332 1063 sediale
363 1018 411 1062 et
442 1013 623 1061 ibidem
657 1011 832 1060 deinde
866 1016 1126 1074 antequam
1158 1011 1351 1060 recedat
1383 1012 1553 1075 reponi
1584 1028 1594 1059 ε
1626 1011 1762 1059 finito
1794 1027 1937 1059 versu

150 1095 387 1159 predicto,
422 1099 624 1159 surgunt
652 1110 823 1143 omnes
853 1100 901 1143 et
922 1095 970 1142 in
999 1094 1095 1142 suis
1115 1094 1235 1143 locis
1260 1095 1428 1145 sedent
1449 1111 1701 1159 quousque
1732 1110 1936 1159 evange-

149 1179 270 1228 lium
294 1178 507 1243 incipiat.

217 1262 458 1311 Diaconus
480 1262 596 1311 dicit
620 1279 630 1310 :
654 1262 845 1311 Munda
866 1279 943 1311 eor
968 1279 1141 1323 meum,
1176 1270 1282 1321 eto.5
1313 1262 1502 1326 legatus
1534 1261 1741 1326 imponit
1768 1261 1936 1310 incen-

150 1361 276 1407 sum,
300 1346 546 1395 benedicit
568 1345 883 1404 subdiacono,
908 1350 955 1394 et
970 1345 1064 1393 alia
1079 1346 1202 1393 fiunt
1216 1361 1352 1393 more
1372 1345 1533 1393 solito.

214 1429 288 1477 Ad
307 1429 607 1493 evangelium
625 1429 882 1494 deponitur
901 1430 1005 1494 regi
1023 1445 1219 1489 corona,
1241 1434 1294 1478 ut
1314 1445 1476 1493 supra,
1503 1432 1694 1493 sceptro
1713 1433 1761 1477 et
1783 1444 1930 1493 pomo

147 1512 445 1570 inmanibus
472 1513 706 1562 retentis:
731 1530 826 1578 quo
855 1513 1010 1572 finito,
1035 1518 1083 1562 et
1109 1513 1258 1562 Credo
1287 1529 1398 1562 cum
1430 1513 1615 1562 duobus
1647 1513 1746 1561 suis
1777 1513 1934 1577 capel-

146 1596 269 1645 lanis
297 1597 564 1662 majoribus
595 1597 742 1657 dicto,
779 1598 933 1658 sedet,
967 1602 1013 1646 et
1043 1597 1294 1661 reponitur
1325 1596 1416 1644 sibi
1450 1612 1632 1645 corona
1662 1612 1671 1644 :
1705 1596 1766 1645 ad
1785 1596 1936 1646 verba

148 1680 525 1747 Incarnatusque
545 1690 628 1741 est,
650 1697 736 1731 rex
753 1698 866 1730 cum
885 1697 1067 1731 corona
1084 1681 1237 1729 suain
1253 1680 1368 1729 sede
1384 1696 1435 1729 se
1453 1680 1702 1728 humiliter
1714 1679 1928 1728 inclinat.

212 1765 345 1814 Idem
366 1766 480 1815 facit
497 1766 685 1830 legatus
707 1766 756 1813 in
781 1764 1046 1814 faldistorio
1068 1780 1178 1822 suo3
1203 1763 1373 1828 prelati
1402 1781 1515 1813 vero
1543 1779 1714 1813 omnes
1737 1763 1786 1811 in
1806 1764 1929 1813 locis

153 1848 268 1909 suis,
292 1849 496 1898 detectis
515 1849 767 1913 capitibus,
792 1849 1142 1913 genuflectunt.

216 1933 336 1981 Tum
365 1933 570 1997 legatus,
597 1933 732 1979 finito
770 1932 938 1991 Credo,
975 1931 1090 1980 dicit
1119 1931 1356 1979 Dominus
1388 1933 1637 1992 vobiscmn,
1664 1933 1816 1997 surgit
1844 1948 1928 1982 rex

153 2032 263 2065 cum
281 2032 461 2066 corona
475 2007 540 2076 et,
562 2015 692 2064 dicto
714 2016 930 2075 Oremus,
953 2015 1107 2064 sedet.

219 2103 366 2148 Lecto
404 2115 492 2164 per
521 2099 735 2163 legatum
772 2098 1037 2157 offertorio,
1073 2101 1290 2162 portatur
1323 2098 1644 2147 faldistorium
1683 2100 1733 2147 in
1768 2099 1929 2148 medio

156 2183 317 2233 altaris
338 2183 387 2231 in
409 2198 503 2247 quo
522 2182 646 2230 sedit
667 2182 879 2246 legatum
902 2197 1013 2229 cum
1035 2181 1193 2240 mitra,
1218 2186 1270 2229 ut
1288 2182 1435 2245 prius.
1839 2193 1847 2197 “

216 2266 623 2331 Archiepiscopus
656 2269 702 2314 et
735 2265 1011 2330 patriarcha
1048 2265 1328 2314 assistentes
1360 2270 1620 2314 occurrunt
1647 2265 1748 2330 regi
1777 2281 1927 2328 usque

150 2351 210 2400 ad
230 2351 407 2417 gradus
430 2349 644 2410 thalami,
669 2350 749 2397 ubi
772 2349 874 2412 regi
896 2364 1007 2397 cum
1029 2364 1210 2397 corona
1229 2353 1277 2397 et
1291 2364 1436 2412 pomo
1459 2348 1775 2398 descendenti
1797 2364 1929 2397 reve-

150 2437 354 2486 rentiam
375 2436 573 2495 faciunt,
597 2440 644 2484 et
666 2450 750 2482 rex
769 2434 904 2499 ipsis,
930 2438 982 2481 ut
998 2433 1158 2498 prius;
1186 2437 1234 2483 et
1255 2449 1422 2498 regem
1443 2448 1598 2497 usque
1627 2432 1688 2480 ad
1713 2432 1927 2496 legatum

149 2520 410 2570 deducunt.
455 2519 573 2583 Regi
608 2517 904 2583 pretereunti
938 2522 985 2566 et
1018 2516 1238 2566 redeunti
1274 2520 1531 2582 assurgunt
1563 2531 1733 2565 omnes
1760 2514 1929 2579 prelati

151 2619 262 2653 cum
276 2603 430 2652 mitris
447 2607 494 2653 et
511 2601 834 2652 reverentiam
851 2600 1050 2661 faciunt,
1069 2601 1235 2666 etipse
1251 2602 1338 2662 eiS,
1361 2605 1408 2650 et
1423 2616 1553 2660 eum,
1572 2605 1621 2648 ut
1637 2600 1786 2664 prius,
1810 2598 1928 2662 regii

152 2692 433 2751 sequuntur.

218 2771 452 2820 Pervento
479 2771 539 2818 ad
562 2770 778 2834 legatum
809 2769 1105 2834 competenti
1133 2768 1305 2833 spatio,
1329 2768 1548 2818 videlicet
1578 2784 1609 2816 x
1639 2767 1711 2816 vel
1738 2784 1804 2816 xu
1830 2766 1928 2833 pal-

152 2869 362 2915 morum,
402 2853 662 2919 deponitur
692 2854 797 2919 regi
834 2870 920 2919 per
954 2856 1010 2902 D.
1045 2852 1345 2902 Fridericum
1375 2868 1572 2911 corona,
1605 2855 1848 2917 sceptrum
1881 2855 1930 2900 et

152 2953 370 3002 pomum,
403 2943 450 2987 et
473 2937 712 3003 deputatis
735 2943 783 2988 et
806 2938 1140 3003 assignantur3
1165 2940 1213 2985 et
1233 2937 1356 2985 datis
1376 2952 1465 3001 per
1485 2936 1713 2985 eumdem
1741 2938 1797 2983 D.
1826 2935 1930 2983 Fri-

98 3011 101 3014 *
153 3021 370 3071 dei-icum
394 3038 463 3071 ΧΠ
491 3022 712 3071 medaliis
739 3022 801 3071 ad
828 3022 922 3071 hoc
949 3021 1180 3070 ordinatis
1202 3021 1321 3086 regi,
1347 3036 1431 3070 rex
1458 3020 1585 3069 facta
1609 3020 1770 3084 legato
1802 3033 1932 3067 reve-

156 3105 324 3164 rentia,
349 3122 493 3170 super
514 3106 763 3155 cussinum
785 3122 948 3154 coram
971 3121 1027 3155 eo
1050 3105 1347 3170 genuflectit,
1373 3109 1422 3153 et
1438 3104 1590 3153 dictas
1608 3119 1678 3152 xn
1698 3101 1929 3151 medalias

153 3187 314 3251 legato
341 3188 389 3235 in
420 3205 618 3239 manum
644 3190 863 3240 dextram
895 3190 1055 3248 offert,
1080 3193 1126 3238 et
1149 3205 1347 3237 manum
1372 3188 1526 3253 ipsam
1556 3187 1817 3237 osculatur.
1845 3184 1926 3234 Cui

151 3270 336 3334 legatus
357 3270 470 3319 dicit
495 3288 505 3319 :
535 3272 818 3337 Centuplum
845 3273 1058 3336 accipies,
1083 3281 1130 3321 et
1153 3273 1296 3321 vitam
1317 3281 1525 3320 eternam
1546 3269 1825 3340 possidebis.

221 3353 383 3418 Surgit
420 3369 504 3402 rex
538 3361 586 3404 et
615 3357 907 3421 competenti
943 3357 1095 3421 spatio
1135 3356 1352 3421 predicto
1386 3354 1644 3403 reassumit
1679 3366 1926 3408 coronam,

154 3441 399 3501 sceptrum
439 3441 486 3485 et
521 3453 747 3501 pomum3
781 3444 847 3499 et,
883 3440 1010 3488 facta
1049 3440 1209 3503 legato
1259 3454 1370 3487 cum
1413 3453 1591 3487 corona
1637 3434 1921 3491 reverentia,
