<?xml version="1.0" encoding="UTF-8"?>
<!DOCTYPE html PUBLIC "-//W3C//DTD XHTML 1.0 Transitional//EN"
    "http://www.w3.org/TR/xhtml1/DTD/xhtml1-transitional.dtd">
<html xmlns="http://www.w3.org/1999/xhtml" xml:lang="en" lang="en">
 <head>
  <title>
</title>
<meta http-equiv="Content-Type" content="text/html;charset=utf-8" />
  <meta name='ocr-system' content='tesseract 3.04.00' />
  <meta name='ocr-capabilities' content='ocr_page ocr_carea ocr_par ocr_line ocrx_word'/>
</head>
<body>
  <div class='ocr_page' id='page_1' title='image "./diariumsivererum02burcuoft_0145.png"; bbox 0 0 2202 3926; ppageno 0'>
   <div class='ocr_carea' id='block_1_1' title="bbox 149 365 1933 417">
    <p class='ocr_par' dir='ltr' id='par_1_1' title="bbox 149 365 1933 417">
     <span class='ocr_line' id='line_1_1' title="bbox 149 365 1933 417; baseline 0.005 -19"><span class='ocrx_word' id='word_1_1' title='bbox 149 366 232 407; x_wconf 82' lang='lat' dir='ltr'><strong>[Mai</strong></span> <span class='ocrx_word' id='word_1_2' title='bbox 254 367 349 408; x_wconf 75' lang='lat'><strong>1494]</strong></span> <span class='ocrx_word' id='word_1_3' title='bbox 587 365 758 404; x_wconf 85' lang='lat' dir='ltr'>RERUM</span> <span class='ocrx_word' id='word_1_4' title='bbox 793 365 1098 417; x_wconf 10' lang='lat' dir='ltr'><strong>URBANVARUM</strong></span> <span class='ocrx_word' id='word_1_5' title='bbox 1130 366 1481 406; x_wconf 81' lang='lat' dir='ltr'>COMMENTARII.</span> <span class='ocrx_word' id='word_1_6' title='bbox 1865 373 1933 409; x_wconf 87' lang='lat'><strong>133</strong></span> 
     </span>
    </p>
   </div>
   <div class='ocr_carea' id='block_1_2' title="bbox 143 469 1936 3533">
    <p class='ocr_par' dir='ltr' id='par_1_2' title="bbox 143 469 1936 3533">
     <span class='ocr_line' id='line_1_2' title="bbox 213 469 1932 536; baseline 0.002 -23"><span class='ocrx_word' id='word_1_7' title='bbox 213 490 235 513; x_wconf 90' lang='lat'>«</span> <span class='ocrx_word' id='word_1_8' title='bbox 267 471 366 533; x_wconf 86' lang='lat' dir='ltr'><strong>Ego</strong></span> <span class='ocrx_word' id='word_1_9' title='bbox 386 469 662 534; x_wconf 87' lang='lat' dir='ltr'><strong>Alphonsus</strong></span> <span class='ocrx_word' id='word_1_10' title='bbox 680 485 765 519; x_wconf 87' lang='lat' dir='ltr'><strong>rex</strong></span> <span class='ocrx_word' id='word_1_11' title='bbox 784 470 942 519; x_wconf 82' lang='lat' dir='ltr'>Sicilie</span> <span class='ocrx_word' id='word_1_12' title='bbox 961 470 1158 535; x_wconf 90' lang='lat' dir='ltr'><strong>plenum</strong></span> <span class='ocrx_word' id='word_1_13' title='bbox 1176 470 1478 536; x_wconf 80' lang='lat' dir='ltr'>homagium,</span> <span class='ocrx_word' id='word_1_14' title='bbox 1502 471 1672 535; x_wconf 85' lang='lat' dir='ltr'><strong>ligium</strong></span> <span class='ocrx_word' id='word_1_15' title='bbox 1691 473 1738 518; x_wconf 89' lang='lat' dir='ltr'><strong>et</strong></span> <span class='ocrx_word' id='word_1_16' title='bbox 1754 471 1932 517; x_wconf 89' lang='lat' dir='ltr'><strong>vassal-</strong></span> 
     </span>
     <span class='ocr_line' id='line_1_3' title="bbox 143 552 1930 620; baseline 0 -19"><span class='ocrx_word' id='word_1_17' title='bbox 143 553 323 616; x_wconf 85' lang='lat' dir='ltr'><strong>lagium</strong></span> <span class='ocrx_word' id='word_1_18' title='bbox 350 552 531 601; x_wconf 86' lang='lat' dir='ltr'><strong>faciens</strong></span> <span class='ocrx_word' id='word_1_19' title='bbox 565 553 760 602; x_wconf 89' lang='lat' dir='ltr'><strong>domino</strong></span> <span class='ocrx_word' id='word_1_20' title='bbox 791 570 902 603; x_wconf 87' lang='lat' dir='ltr'><strong>meo</strong></span> <span class='ocrx_word' id='word_1_21' title='bbox 933 557 990 603; x_wconf 90' lang='lat' dir='ltr'><strong>D.</strong></span> <span class='ocrx_word' id='word_1_22' title='bbox 1023 555 1296 604; x_wconf 89' lang='lat' dir='ltr'><strong>Alexandro</strong></span> <span class='ocrx_word' id='word_1_23' title='bbox 1327 572 1449 620; x_wconf 88' lang='lat' dir='ltr'><strong>pape</strong></span> <span class='ocrx_word' id='word_1_24' title='bbox 1479 560 1614 605; x_wconf 87' lang='lat' dir='ltr'><strong>sexto</strong></span> <span class='ocrx_word' id='word_1_25' title='bbox 1646 560 1694 604; x_wconf 87' lang='lat' dir='ltr'><strong>et</strong></span> <span class='ocrx_word' id='word_1_26' title='bbox 1718 555 1930 616; x_wconf 77' lang='lat' dir='ltr'><strong>Ecclesia</strong></span> 
     </span>
     <span class='ocr_line' id='line_1_4' title="bbox 147 637 1930 703; baseline 0.002 -20"><span class='ocrx_word' id='word_1_27' title='bbox 147 651 346 684; x_wconf 88' lang='lat' dir='ltr'><strong>romane</strong></span> <span class='ocrx_word' id='word_1_28' title='bbox 379 651 467 699; x_wconf 90' lang='lat' dir='ltr'><strong>pro</strong></span> <span class='ocrx_word' id='word_1_29' title='bbox 502 651 651 700; x_wconf 88' lang='lat' dir='ltr'><strong>regno</strong></span> <span class='ocrx_word' id='word_1_30' title='bbox 687 637 844 686; x_wconf 81' lang='lat' dir='ltr'><strong>Sicilie</strong></span> <span class='ocrx_word' id='word_1_31' title='bbox 873 643 921 687; x_wconf 92' lang='lat' dir='ltr'><strong>et</strong></span> <span class='ocrx_word' id='word_1_32' title='bbox 945 643 1047 687; x_wconf 92' lang='lat' dir='ltr'><strong>tota</strong></span> <span class='ocrx_word' id='word_1_33' title='bbox 1073 644 1201 687; x_wconf 88' lang='lat' dir='ltr'><strong>terra</strong></span> <span class='ocrx_word' id='word_1_34' title='bbox 1234 656 1326 703; x_wconf 90' lang='lat' dir='ltr'><strong>que</strong></span> <span class='ocrx_word' id='word_1_35' title='bbox 1362 644 1435 688; x_wconf 89' lang='lat' dir='ltr'><strong>est</strong></span> <span class='ocrx_word' id='word_1_36' title='bbox 1469 640 1590 688; x_wconf 91' lang='lat' dir='ltr'><strong>citra</strong></span> <span class='ocrx_word' id='word_1_37' title='bbox 1616 640 1846 698; x_wconf 90' lang='lat' dir='ltr'><strong>Pharum,</strong></span> <span class='ocrx_word' id='word_1_38' title='bbox 1884 644 1930 686; x_wconf 91' lang='lat' dir='ltr'><strong>et</strong></span> 
     </span>
     <span class='ocr_line' id='line_1_5' title="bbox 145 719 1929 787; baseline 0.001 -21"><span class='ocrx_word' id='word_1_39' title='bbox 145 723 379 783; x_wconf 89' lang='lat' dir='ltr'><strong>quantum</strong></span> <span class='ocrx_word' id='word_1_40' title='bbox 401 723 588 784; x_wconf 90' lang='lat' dir='ltr'><strong>spectat</strong></span> <span class='ocrx_word' id='word_1_41' title='bbox 610 719 670 767; x_wconf 93' lang='lat' dir='ltr'><strong>ad</strong></span> <span class='ocrx_word' id='word_1_42' title='bbox 691 724 870 769; x_wconf 90' lang='lat' dir='ltr'><strong>terram</strong></span> <span class='ocrx_word' id='word_1_43' title='bbox 893 721 1010 769; x_wconf 88' lang='lat' dir='ltr'><strong>citra</strong></span> <span class='ocrx_word' id='word_1_44' title='bbox 1031 722 1258 781; x_wconf 79' lang='lat' dir='ltr'>Pharum,</span> <span class='ocrx_word' id='word_1_45' title='bbox 1279 723 1417 787; x_wconf 84' lang='lat' dir='ltr'><strong>juxta</strong></span> <span class='ocrx_word' id='word_1_46' title='bbox 1439 727 1485 771; x_wconf 90' lang='lat' dir='ltr'><strong>et</strong></span> <span class='ocrx_word' id='word_1_47' title='bbox 1507 722 1774 772; x_wconf 88' lang='lat' dir='ltr'><strong>secundum</strong></span> <span class='ocrx_word' id='word_1_48' title='bbox 1796 720 1929 768; x_wconf 88' lang='lat' dir='ltr'><strong>illum</strong></span> 
     </span>
     <span class='ocr_line' id='line_1_6' title="bbox 146 803 1931 868; baseline 0.001 -18"><span class='ocrx_word' id='word_1_49' title='bbox 146 807 324 851; x_wconf 89' lang='lat' dir='ltr'><strong>statum</strong></span> <span class='ocrx_word' id='word_1_50' title='bbox 359 819 503 867; x_wconf 91' lang='lat' dir='ltr'><strong>quem</strong></span> <span class='ocrx_word' id='word_1_51' title='bbox 532 803 728 852; x_wconf 91' lang='lat' dir='ltr'><strong>tenebat</strong></span> <span class='ocrx_word' id='word_1_52' title='bbox 765 807 812 852; x_wconf 88' lang='lat' dir='ltr'><strong>et</strong></span> <span class='ocrx_word' id='word_1_53' title='bbox 845 804 1124 868; x_wconf 78' lang='lat' dir='ltr'><strong>possidebat</strong></span> <span class='ocrx_word' id='word_1_54' title='bbox 1156 806 1313 855; x_wconf 90' lang='lat' dir='ltr'><strong>dictus</strong></span> <span class='ocrx_word' id='word_1_55' title='bbox 1347 822 1431 855; x_wconf 89' lang='lat' dir='ltr'><strong>rex</strong></span> <span class='ocrx_word' id='word_1_56' title='bbox 1463 806 1849 855; x_wconf 88' lang='lat' dir='ltr'><strong>Ferdinandinus</strong></span> <span class='ocrx_word' id='word_1_57' title='bbox 1883 805 1931 852; x_wconf 92' lang='lat' dir='ltr'><strong>in</strong></span> 
     </span>
     <span class='ocr_line' id='line_1_7' title="bbox 145 886 1934 955; baseline 0.001 -21"><span class='ocrx_word' id='word_1_58' title='bbox 145 886 273 936; x_wconf 90' lang='lat' dir='ltr'><strong>dicta</strong></span> <span class='ocrx_word' id='word_1_59' title='bbox 295 890 423 955; x_wconf 80' lang='lat' dir='ltr'><strong>terra</strong></span> <span class='ocrx_word' id='word_1_60' title='bbox 443 887 564 935; x_wconf 84' lang='lat' dir='ltr'><strong>citra</strong></span> <span class='ocrx_word' id='word_1_61' title='bbox 585 886 797 934; x_wconf 79' lang='lat' dir='ltr'>Pharum</span> <span class='ocrx_word' id='word_1_62' title='bbox 829 903 980 950; x_wconf 93' lang='lat' dir='ltr'><strong>usque</strong></span> <span class='ocrx_word' id='word_1_63' title='bbox 1008 888 1069 935; x_wconf 91' lang='lat' dir='ltr'><strong>ad</strong></span> <span class='ocrx_word' id='word_1_64' title='bbox 1096 889 1306 937; x_wconf 90' lang='lat' dir='ltr'><strong>confinia</strong></span> <span class='ocrx_word' id='word_1_65' title='bbox 1326 894 1563 938; x_wconf 88' lang='lat' dir='ltr'><strong>terrarum</strong></span> <span class='ocrx_word' id='word_1_66' title='bbox 1587 890 1739 953; x_wconf 89' lang='lat' dir='ltr'><strong>ipsius</strong></span> <span class='ocrx_word' id='word_1_67' title='bbox 1764 889 1934 937; x_wconf 90' lang='lat' dir='ltr'><strong>Eccle-</strong></span> 
     </span>
     <span class='ocr_line' id='line_1_8' title="bbox 145 969 1935 1033; baseline 0.001 -15"><span class='ocrx_word' id='word_1_68' title='bbox 145 970 232 1029; x_wconf 91' lang='lat' dir='ltr'><strong>sie,</strong></span> <span class='ocrx_word' id='word_1_69' title='bbox 266 973 465 1033; x_wconf 89' lang='lat' dir='ltr'><strong>excepta</strong></span> <span class='ocrx_word' id='word_1_70' title='bbox 491 969 678 1017; x_wconf 89' lang='lat' dir='ltr'><strong>civitate</strong></span> <span class='ocrx_word' id='word_1_71' title='bbox 711 971 1052 1018; x_wconf 90' lang='lat' dir='ltr'><strong>Beneventana</strong></span> <span class='ocrx_word' id='word_1_72' title='bbox 1081 986 1192 1019; x_wconf 92' lang='lat' dir='ltr'><strong>cum</strong></span> <span class='ocrx_word' id='word_1_73' title='bbox 1220 976 1320 1020; x_wconf 91' lang='lat' dir='ltr'><strong>toto</strong></span> <span class='ocrx_word' id='word_1_74' title='bbox 1349 973 1593 1021; x_wconf 90' lang='lat' dir='ltr'><strong>territorio</strong></span> <span class='ocrx_word' id='word_1_75' title='bbox 1627 988 1682 1020; x_wconf 90' lang='lat' dir='ltr'><strong>ac</strong></span> <span class='ocrx_word' id='word_1_76' title='bbox 1711 973 1935 1020; x_wconf 91' lang='lat' dir='ltr'><strong>omnibus</strong></span> 
     </span>
     <span class='ocr_line' id='line_1_9' title="bbox 143 1051 1933 1118; baseline 0 -18"><span class='ocrx_word' id='word_1_77' title='bbox 143 1052 437 1101; x_wconf 85' lang='lat' dir='ltr'><strong>districtibus</strong></span> <span class='ocrx_word' id='word_1_78' title='bbox 459 1055 506 1100; x_wconf 86' lang='lat' dir='ltr'><strong>et</strong></span> <span class='ocrx_word' id='word_1_79' title='bbox 526 1051 831 1115; x_wconf 90' lang='lat' dir='ltr'><strong>pertinentiis</strong></span> <span class='ocrx_word' id='word_1_80' title='bbox 861 1053 976 1114; x_wconf 89' lang='lat' dir='ltr'><strong>suis,</strong></span> <span class='ocrx_word' id='word_1_81' title='bbox 1014 1054 1280 1102; x_wconf 89' lang='lat' dir='ltr'><strong>secundum</strong></span> <span class='ocrx_word' id='word_1_82' title='bbox 1302 1055 1524 1118; x_wconf 90' lang='lat' dir='ltr'><strong>antiquos</strong></span> <span class='ocrx_word' id='word_1_83' title='bbox 1547 1055 1668 1102; x_wconf 87' lang='lat' dir='ltr'><strong>fines</strong></span> <span class='ocrx_word' id='word_1_84' title='bbox 1691 1054 1933 1111; x_wconf 87' lang='lat' dir='ltr'><strong>territorii,</strong></span> 
     </span>
     <span class='ocr_line' id='line_1_10' title="bbox 146 1135 1934 1203; baseline 0 -19"><span class='ocrx_word' id='word_1_85' title='bbox 146 1135 547 1200; x_wconf 77' lang='lat' dir='ltr'><strong>pertinentiarum</strong></span> <span class='ocrx_word' id='word_1_86' title='bbox 576 1139 624 1184; x_wconf 90' lang='lat' dir='ltr'><strong>et</strong></span> <span class='ocrx_word' id='word_1_87' title='bbox 653 1135 895 1184; x_wconf 89' lang='lat' dir='ltr'><strong>districtus</strong></span> <span class='ocrx_word' id='word_1_88' title='bbox 924 1137 1126 1185; x_wconf 86' lang='lat' dir='ltr'><strong>civitatis</strong></span> <span class='ocrx_word' id='word_1_89' title='bbox 1156 1138 1377 1202; x_wconf 90' lang='lat' dir='ltr'><strong>ejusdem</strong></span> <span class='ocrx_word' id='word_1_90' title='bbox 1403 1155 1491 1203; x_wconf 90' lang='lat' dir='ltr'><strong>per</strong></span> <span class='ocrx_word' id='word_1_91' title='bbox 1520 1154 1746 1186; x_wconf 91' lang='lat' dir='ltr'><strong>romanos</strong></span> <span class='ocrx_word' id='word_1_92' title='bbox 1774 1138 1934 1202; x_wconf 91' lang='lat' dir='ltr'><strong>ponti-</strong></span> 
     </span>
     <span class='ocr_line' id='line_1_11' title="bbox 144 1218 1930 1284; baseline 0.001 -17"><span class='ocrx_word' id='word_1_93' title='bbox 144 1219 263 1267; x_wconf 89' lang='lat' dir='ltr'><strong>fices</strong></span> <span class='ocrx_word' id='word_1_94' title='bbox 284 1218 536 1267; x_wconf 88' lang='lat' dir='ltr'><strong>distinctos</strong></span> <span class='ocrx_word' id='word_1_95' title='bbox 559 1222 606 1266; x_wconf 88' lang='lat' dir='ltr'><strong>et</strong></span> <span class='ocrx_word' id='word_1_96' title='bbox 629 1218 677 1266; x_wconf 92' lang='lat' dir='ltr'><strong>in</strong></span> <span class='ocrx_word' id='word_1_97' title='bbox 698 1223 948 1282; x_wconf 86' lang='lat' dir='ltr'><strong>posterum</strong></span> <span class='ocrx_word' id='word_1_98' title='bbox 974 1220 1359 1284; x_wconf 85' lang='lat' dir='ltr'><strong>distinguendos,</strong></span> <span class='ocrx_word' id='word_1_99' title='bbox 1384 1222 1443 1269; x_wconf 93' lang='lat' dir='ltr'><strong>ab</strong></span> <span class='ocrx_word' id='word_1_100' title='bbox 1463 1222 1556 1270; x_wconf 88' lang='lat' dir='ltr'><strong>hac</strong></span> <span class='ocrx_word' id='word_1_101' title='bbox 1578 1222 1699 1271; x_wconf 87' lang='lat' dir='ltr'><strong>hora</strong></span> <span class='ocrx_word' id='word_1_102' title='bbox 1719 1222 1766 1269; x_wconf 90' lang='lat' dir='ltr'><strong>in</strong></span> <span class='ocrx_word' id='word_1_103' title='bbox 1786 1225 1930 1270; x_wconf 89' lang='lat' dir='ltr'><strong>antea</strong></span> 
     </span>
     <span class='ocr_line' id='line_1_12' title="bbox 146 1304 1927 1368; baseline -0.001 -16"><span class='ocrx_word' id='word_1_104' title='bbox 146 1304 303 1353; x_wconf 89' lang='lat' dir='ltr'><strong>fidelis</strong></span> <span class='ocrx_word' id='word_1_105' title='bbox 325 1308 373 1353; x_wconf 92' lang='lat' dir='ltr'><strong>et</strong></span> <span class='ocrx_word' id='word_1_106' title='bbox 394 1305 626 1353; x_wconf 87' lang='lat' dir='ltr'><strong>obediens</strong></span> <span class='ocrx_word' id='word_1_107' title='bbox 649 1320 732 1354; x_wconf 89' lang='lat' dir='ltr'><strong>ero</strong></span> <span class='ocrx_word' id='word_1_108' title='bbox 760 1307 814 1353; x_wconf 90' lang='grc' dir='ltr'><strong>Β.</strong></span> <span class='ocrx_word' id='word_1_109' title='bbox 839 1307 982 1352; x_wconf 88' lang='lat' dir='ltr'><strong>Petro</strong></span> <span class='ocrx_word' id='word_1_110' title='bbox 1014 1308 1061 1352; x_wconf 90' lang='lat' dir='ltr'><strong>et</strong></span> <span class='ocrx_word' id='word_1_111' title='bbox 1083 1304 1229 1352; x_wconf 92' lang='lat' dir='ltr'><strong>Paulo</strong></span> <span class='ocrx_word' id='word_1_112' title='bbox 1258 1309 1307 1352; x_wconf 88' lang='lat' dir='ltr'><strong>et</strong></span> <span class='ocrx_word' id='word_1_113' title='bbox 1333 1307 1392 1353; x_wconf 90' lang='lat' dir='ltr'><strong>D.</strong></span> <span class='ocrx_word' id='word_1_114' title='bbox 1421 1306 1694 1353; x_wconf 87' lang='lat' dir='ltr'><strong>Alexandro</strong></span> <span class='ocrx_word' id='word_1_115' title='bbox 1716 1321 1838 1368; x_wconf 90' lang='lat' dir='ltr'><strong>pape</strong></span> <span class='ocrx_word' id='word_1_116' title='bbox 1865 1307 1927 1354; x_wconf 88' lang='lat' dir='ltr'><strong>VI</strong></span> 
     </span>
     <span class='ocr_line' id='line_1_13' title="bbox 148 1387 1923 1452; baseline -0.002 -16"><span class='ocrx_word' id='word_1_117' title='bbox 148 1389 348 1452; x_wconf 90' lang='lat' dir='ltr'><strong>ejusque</strong></span> <span class='ocrx_word' id='word_1_118' title='bbox 380 1389 742 1437; x_wconf 89' lang='lat' dir='ltr'><strong>successoribus</strong></span> <span class='ocrx_word' id='word_1_119' title='bbox 769 1388 979 1436; x_wconf 87' lang='lat' dir='ltr'><strong>romanis</strong></span> <span class='ocrx_word' id='word_1_120' title='bbox 1009 1387 1318 1451; x_wconf 87' lang='lat' dir='ltr'><strong>pontificibus</strong></span> <span class='ocrx_word' id='word_1_121' title='bbox 1352 1387 1583 1435; x_wconf 90' lang='lat' dir='ltr'><strong>canonice</strong></span> <span class='ocrx_word' id='word_1_122' title='bbox 1616 1387 1923 1445; x_wconf 78' lang='lat' dir='ltr'><strong>intrantibus,</strong></span> 
     </span>
     <span class='ocr_line' id='line_1_14' title="bbox 147 1469 1928 1535; baseline -0.002 -16"><span class='ocrx_word' id='word_1_123' title='bbox 147 1472 344 1535; x_wconf 88' lang='lat' dir='ltr'><strong>sedique</strong></span> <span class='ocrx_word' id='word_1_124' title='bbox 374 1472 636 1535; x_wconf 90' lang='lat' dir='ltr'><strong>apostolice</strong></span> <span class='ocrx_word' id='word_1_125' title='bbox 664 1487 864 1520; x_wconf 92' lang='lat' dir='ltr'><strong>romane</strong></span> <span class='ocrx_word' id='word_1_126' title='bbox 892 1470 1125 1519; x_wconf 89' lang='lat' dir='ltr'><strong>Ecclesie.</strong></span> <span class='ocrx_word' id='word_1_127' title='bbox 1159 1473 1266 1519; x_wconf 89' lang='lat' dir='ltr'><strong>Non</strong></span> <span class='ocrx_word' id='word_1_128' title='bbox 1293 1487 1376 1520; x_wconf 90' lang='lat' dir='ltr'><strong>ero</strong></span> <span class='ocrx_word' id='word_1_129' title='bbox 1403 1471 1452 1518; x_wconf 93' lang='lat' dir='ltr'><strong>in</strong></span> <span class='ocrx_word' id='word_1_130' title='bbox 1479 1470 1681 1518; x_wconf 92' lang='lat' dir='ltr'><strong>consilio</strong></span> <span class='ocrx_word' id='word_1_131' title='bbox 1709 1469 1783 1517; x_wconf 93' lang='lat' dir='ltr'><strong>vel</strong></span> <span class='ocrx_word' id='word_1_132' title='bbox 1811 1485 1928 1517; x_wconf 91' lang='lat' dir='ltr'><strong>con-</strong></span> 
     </span>
     <span class='ocr_line' id='line_1_15' title="bbox 146 1541 1933 1620; baseline -0.002 -17"><span class='ocrx_word' id='word_1_133' title='bbox 146 1570 289 1604; x_wconf 91' lang='lat' dir='ltr'><strong>sensu</strong></span> <span class='ocrx_word' id='word_1_134' title='bbox 314 1571 401 1603; x_wconf 90' lang='lat' dir='ltr'><strong>seu</strong></span> <span class='ocrx_word' id='word_1_135' title='bbox 421 1555 567 1614; x_wconf 88' lang='lat' dir='ltr'><strong>facto,</strong></span> <span class='ocrx_word' id='word_1_136' title='bbox 598 1560 649 1604; x_wconf 94' lang='lat' dir='ltr'><strong>ut</strong></span> <span class='ocrx_word' id='word_1_137' title='bbox 676 1555 821 1604; x_wconf 89' lang='lat' dir='ltr'><strong>vitam</strong></span> <span class='ocrx_word' id='word_1_138' title='bbox 849 1555 1038 1620; x_wconf 90' lang='lat' dir='ltr'><strong>perdat,</strong></span> <span class='ocrx_word' id='word_1_139' title='bbox 1072 1570 1158 1603; x_wconf 90' lang='lat' dir='ltr'><strong>seu</strong></span> <span class='ocrx_word' id='word_1_140' title='bbox 1187 1541 1392 1618; x_wconf 89' lang='lat' dir='ltr'><strong>perdant</strong></span> <span class='ocrx_word' id='word_1_141' title='bbox 1419 1559 1499 1602; x_wconf 86' lang='lat' dir='ltr'><strong>aut</strong></span> <span class='ocrx_word' id='word_1_142' title='bbox 1529 1554 1822 1611; x_wconf 87' lang='lat' dir='ltr'><strong>membrum,</strong></span> <span class='ocrx_word' id='word_1_143' title='bbox 1854 1558 1933 1601; x_wconf 91' lang='lat' dir='ltr'><strong>aut</strong></span> 
     </span>
     <span class='ocr_line' id='line_1_16' title="bbox 146 1636 1933 1703; baseline -0.002 -16"><span class='ocrx_word' id='word_1_144' title='bbox 146 1639 362 1703; x_wconf 86' lang='lat' dir='ltr'><strong>capiatur</strong></span> <span class='ocrx_word' id='word_1_145' title='bbox 389 1655 474 1687; x_wconf 90' lang='lat' dir='ltr'><strong>seu</strong></span> <span class='ocrx_word' id='word_1_146' title='bbox 506 1639 758 1703; x_wconf 84' lang='lat' dir='ltr'><strong>capiantur</strong></span> <span class='ocrx_word' id='word_1_147' title='bbox 786 1639 914 1687; x_wconf 89' lang='lat' dir='ltr'><strong>mala</strong></span> <span class='ocrx_word' id='word_1_148' title='bbox 943 1639 1191 1703; x_wconf 81' lang='lat' dir='ltr'><strong>captione3</strong></span> <span class='ocrx_word' id='word_1_149' title='bbox 1227 1638 1482 1687; x_wconf 88' lang='lat' dir='ltr'><strong>consilium</strong></span> <span class='ocrx_word' id='word_1_150' title='bbox 1512 1653 1626 1686; x_wconf 87' lang='lat' dir='ltr'><strong>vero</strong></span> <span class='ocrx_word' id='word_1_151' title='bbox 1657 1637 1784 1700; x_wconf 91' lang='lat' dir='ltr'><strong>quod</strong></span> <span class='ocrx_word' id='word_1_152' title='bbox 1815 1636 1933 1684; x_wconf 89' lang='lat' dir='ltr'><strong>mihi</strong></span> 
     </span>
     <span class='ocr_line' id='line_1_17' title="bbox 145 1720 1932 1787; baseline -0.002 -17"><span class='ocrx_word' id='word_1_153' title='bbox 145 1723 374 1771; x_wconf 81' lang='lat' dir='ltr'><strong>credituri</strong></span> <span class='ocrx_word' id='word_1_154' title='bbox 413 1728 552 1771; x_wconf 90' lang='lat' dir='ltr'><strong>erunt</strong></span> <span class='ocrx_word' id='word_1_155' title='bbox 586 1738 673 1787; x_wconf 91' lang='lat' dir='ltr'><strong>per</strong></span> <span class='ocrx_word' id='word_1_156' title='bbox 712 1738 764 1771; x_wconf 89' lang='lat' dir='ltr'><strong>se</strong></span> <span class='ocrx_word' id='word_1_157' title='bbox 800 1726 882 1771; x_wconf 91' lang='lat' dir='ltr'><strong>aut</strong></span> <span class='ocrx_word' id='word_1_158' title='bbox 918 1738 1005 1786; x_wconf 89' lang='lat' dir='ltr'><strong>per</strong></span> <span class='ocrx_word' id='word_1_159' title='bbox 1040 1723 1243 1771; x_wconf 91' lang='lat' dir='ltr'><strong>nuncios</strong></span> <span class='ocrx_word' id='word_1_160' title='bbox 1281 1739 1392 1770; x_wconf 90' lang='lat' dir='ltr'><strong>suos</strong></span> <span class='ocrx_word' id='word_1_161' title='bbox 1421 1722 1496 1771; x_wconf 90' lang='lat' dir='ltr'><strong>vel</strong></span> <span class='ocrx_word' id='word_1_162' title='bbox 1532 1737 1620 1785; x_wconf 90' lang='lat' dir='ltr'><strong>per</strong></span> <span class='ocrx_word' id='word_1_163' title='bbox 1647 1721 1830 1780; x_wconf 83' lang='lat' dir='ltr'><strong>literas,</strong></span> <span class='ocrx_word' id='word_1_164' title='bbox 1871 1720 1932 1768; x_wconf 90' lang='lat' dir='ltr'><strong>ad</strong></span> 
     </span>
     <span class='ocr_line' id='line_1_18' title="bbox 146 1803 1930 1870; baseline -0.003 -14"><span class='ocrx_word' id='word_1_165' title='bbox 146 1822 314 1856; x_wconf 88' lang='lat' dir='ltr'><strong>eorum</strong></span> <span class='ocrx_word' id='word_1_166' title='bbox 337 1807 566 1855; x_wconf 91' lang='lat' dir='ltr'><strong>damnum</strong></span> <span class='ocrx_word' id='word_1_167' title='bbox 591 1808 802 1856; x_wconf 87' lang='lat' dir='ltr'><strong>scienter</strong></span> <span class='ocrx_word' id='word_1_168' title='bbox 821 1807 1004 1856; x_wconf 90' lang='lat' dir='ltr'><strong>nemini</strong></span> <span class='ocrx_word' id='word_1_169' title='bbox 1025 1807 1250 1870; x_wconf 90' lang='lat' dir='ltr'><strong>pandam,</strong></span> <span class='ocrx_word' id='word_1_170' title='bbox 1283 1810 1329 1855; x_wconf 92' lang='lat' dir='ltr'><strong>et</strong></span> <span class='ocrx_word' id='word_1_171' title='bbox 1351 1806 1390 1853; x_wconf 90' lang='lat' dir='ltr'><strong>si</strong></span> <span class='ocrx_word' id='word_1_172' title='bbox 1412 1805 1568 1854; x_wconf 92' lang='lat' dir='ltr'><strong>sciero</strong></span> <span class='ocrx_word' id='word_1_173' title='bbox 1598 1803 1703 1852; x_wconf 90' lang='lat' dir='ltr'><strong>fieri</strong></span> <span class='ocrx_word' id='word_1_174' title='bbox 1723 1804 1795 1852; x_wconf 91' lang='lat' dir='ltr'><strong>vel</strong></span> <span class='ocrx_word' id='word_1_175' title='bbox 1815 1820 1930 1867; x_wconf 89' lang='lat' dir='ltr'><strong>pro-</strong></span> 
     </span>
     <span class='ocr_line' id='line_1_19' title="bbox 147 1887 1928 1953; baseline -0.003 -14"><span class='ocrx_word' id='word_1_176' title='bbox 147 1891 322 1950; x_wconf 88' lang='lat' dir='ltr'><strong>curari,</strong></span> <span class='ocrx_word' id='word_1_177' title='bbox 359 1906 446 1939; x_wconf 87' lang='lat' dir='ltr'><strong>seu</strong></span> <span class='ocrx_word' id='word_1_178' title='bbox 477 1891 670 1938; x_wconf 90' lang='lat' dir='ltr'><strong>tractari</strong></span> <span class='ocrx_word' id='word_1_179' title='bbox 704 1890 900 1953; x_wconf 91' lang='lat' dir='ltr'><strong>aliquid,</strong></span> <span class='ocrx_word' id='word_1_180' title='bbox 937 1890 1067 1953; x_wconf 92' lang='lat' dir='ltr'><strong>quod</strong></span> <span class='ocrx_word' id='word_1_181' title='bbox 1095 1889 1145 1936; x_wconf 91' lang='lat' dir='ltr'><strong>in</strong></span> <span class='ocrx_word' id='word_1_182' title='bbox 1178 1889 1319 1937; x_wconf 92' lang='lat' dir='ltr'><strong>unius</strong></span> <span class='ocrx_word' id='word_1_183' title='bbox 1351 1889 1427 1937; x_wconf 90' lang='lat' dir='ltr'><strong>vel</strong></span> <span class='ocrx_word' id='word_1_184' title='bbox 1455 1888 1664 1952; x_wconf 90' lang='lat' dir='ltr'><strong>plurium</strong></span> <span class='ocrx_word' id='word_1_185' title='bbox 1698 1887 1928 1935; x_wconf 88' lang='lat' dir='ltr'><strong>damnum</strong></span> 
     </span>
     <span class='ocr_line' id='line_1_20' title="bbox 149 1972 1926 2038; baseline -0.002 -17"><span class='ocrx_word' id='word_1_186' title='bbox 149 1973 305 2032; x_wconf 88' lang='lat' dir='ltr'><strong>cedat,</strong></span> <span class='ocrx_word' id='word_1_187' title='bbox 330 1973 446 2021; x_wconf 92' lang='lat' dir='ltr'><strong>illud</strong></span> <span class='ocrx_word' id='word_1_188' title='bbox 476 1989 563 2038; x_wconf 92' lang='lat' dir='ltr'><strong>pro</strong></span> <span class='ocrx_word' id='word_1_189' title='bbox 584 1990 726 2038; x_wconf 89' lang='lat' dir='ltr'><strong>posse</strong></span> <span class='ocrx_word' id='word_1_190' title='bbox 758 1973 1036 2038; x_wconf 87' lang='lat' dir='ltr'><strong>impediam,</strong></span> <span class='ocrx_word' id='word_1_191' title='bbox 1070 1976 1116 2021; x_wconf 91' lang='lat' dir='ltr'><strong>et</strong></span> <span class='ocrx_word' id='word_1_192' title='bbox 1144 1973 1183 2020; x_wconf 92' lang='lat' dir='ltr'><strong>si</strong></span> <span class='ocrx_word' id='word_1_193' title='bbox 1207 1973 1301 2021; x_wconf 91' lang='lat' dir='ltr'><strong>hoc</strong></span> <span class='ocrx_word' id='word_1_194' title='bbox 1328 1972 1561 2036; x_wconf 89' lang='lat' dir='ltr'><strong>impedire</strong></span> <span class='ocrx_word' id='word_1_195' title='bbox 1589 1987 1685 2019; x_wconf 90' lang='lat' dir='ltr'><strong>non</strong></span> <span class='ocrx_word' id='word_1_196' title='bbox 1712 1987 1926 2035; x_wconf 85' lang='lat' dir='ltr'><strong>possem,</strong></span> 
     </span>
     <span class='ocr_line' id='line_1_21' title="bbox 149 2054 1932 2120; baseline -0.001 -17"><span class='ocrx_word' id='word_1_197' title='bbox 149 2056 265 2104; x_wconf 91' lang='lat' dir='ltr'><strong>illud</strong></span> <span class='ocrx_word' id='word_1_198' title='bbox 294 2056 360 2103; x_wconf 92' lang='lat' dir='ltr'><strong>illi</strong></span> <span class='ocrx_word' id='word_1_199' title='bbox 386 2056 460 2104; x_wconf 92' lang='lat' dir='ltr'><strong>vel</strong></span> <span class='ocrx_word' id='word_1_200' title='bbox 487 2056 556 2104; x_wconf 88' lang='lat' dir='ltr'><strong>eis</strong></span> <span class='ocrx_word' id='word_1_201' title='bbox 585 2056 858 2120; x_wconf 86' lang='lat' dir='ltr'><strong>significare</strong></span> <span class='ocrx_word' id='word_1_202' title='bbox 885 2056 1085 2104; x_wconf 85' lang='lat' dir='ltr'><strong>curabo.</strong></span> <span class='ocrx_word' id='word_1_203' title='bbox 1116 2059 1348 2120; x_wconf 88' lang='lat' dir='ltr'><strong>Papatum</strong></span> <span class='ocrx_word' id='word_1_204' title='bbox 1389 2069 1642 2103; x_wconf 91' lang='lat' dir='ltr'><strong>romanum</strong></span> <span class='ocrx_word' id='word_1_205' title='bbox 1671 2058 1718 2102; x_wconf 90' lang='lat' dir='ltr'><strong>et</strong></span> <span class='ocrx_word' id='word_1_206' title='bbox 1751 2054 1932 2117; x_wconf 86' lang='lat' dir='ltr'><strong>regalia</strong></span> 
     </span>
     <span class='ocr_line' id='line_1_22' title="bbox 149 2137 1930 2203; baseline -0.001 -16"><span class='ocrx_word' id='word_1_207' title='bbox 149 2140 300 2188; x_wconf 90' lang='lat' dir='ltr'><strong>sancti</strong></span> <span class='ocrx_word' id='word_1_208' title='bbox 323 2139 469 2199; x_wconf 89' lang='lat' dir='ltr'><strong>Petri,</strong></span> <span class='ocrx_word' id='word_1_209' title='bbox 495 2146 593 2188; x_wconf 90' lang='lat' dir='ltr'><strong>tam</strong></span> <span class='ocrx_word' id='word_1_210' title='bbox 614 2140 661 2187; x_wconf 90' lang='lat' dir='ltr'><strong>in</strong></span> <span class='ocrx_word' id='word_1_211' title='bbox 684 2155 835 2203; x_wconf 86' lang='lat' dir='ltr'><strong>regno</strong></span> <span class='ocrx_word' id='word_1_212' title='bbox 859 2139 1020 2188; x_wconf 90' lang='lat' dir='ltr'><strong>Sicilie</strong></span> <span class='ocrx_word' id='word_1_213' title='bbox 1043 2144 1090 2187; x_wconf 90' lang='lat' dir='ltr'><strong>et</strong></span> <span class='ocrx_word' id='word_1_214' title='bbox 1110 2143 1238 2187; x_wconf 89' lang='lat' dir='ltr'><strong>terra</strong></span> <span class='ocrx_word' id='word_1_215' title='bbox 1258 2139 1475 2202; x_wconf 89' lang='lat' dir='ltr'><strong>predicta</strong></span> <span class='ocrx_word' id='word_1_216' title='bbox 1495 2154 1640 2201; x_wconf 88' lang='lat' dir='ltr'><strong>quam</strong></span> <span class='ocrx_word' id='word_1_217' title='bbox 1671 2137 1781 2186; x_wconf 90' lang='lat' dir='ltr'><strong>alibi</strong></span> <span class='ocrx_word' id='word_1_218' title='bbox 1813 2154 1930 2185; x_wconf 94' lang='lat' dir='ltr'><strong>con-</strong></span> 
     </span>
     <span class='ocr_line' id='line_1_23' title="bbox 150 2222 1931 2288; baseline -0.001 -17"><span class='ocrx_word' id='word_1_219' title='bbox 150 2223 383 2284; x_wconf 90' lang='lat' dir='ltr'><strong>sistentia,</strong></span> <span class='ocrx_word' id='word_1_220' title='bbox 409 2222 598 2288; x_wconf 85' lang='lat' dir='ltr'><strong>adjutor</strong></span> <span class='ocrx_word' id='word_1_221' title='bbox 618 2223 711 2271; x_wconf 90' lang='lat' dir='ltr'><strong>illis</strong></span> <span class='ocrx_word' id='word_1_222' title='bbox 735 2239 817 2272; x_wconf 89' lang='lat' dir='ltr'><strong>ero</strong></span> <span class='ocrx_word' id='word_1_223' title='bbox 840 2222 901 2271; x_wconf 91' lang='lat' dir='ltr'><strong>ad</strong></span> <span class='ocrx_word' id='word_1_224' title='bbox 920 2223 1246 2283; x_wconf 89' lang='lat' dir='ltr'><strong>retinendum,</strong></span> <span class='ocrx_word' id='word_1_225' title='bbox 1275 2222 1633 2270; x_wconf 89' lang='lat' dir='ltr'><strong>defendendum</strong></span> <span class='ocrx_word' id='word_1_226' title='bbox 1655 2226 1702 2270; x_wconf 89' lang='lat' dir='ltr'><strong>et</strong></span> <span class='ocrx_word' id='word_1_227' title='bbox 1727 2237 1931 2285; x_wconf 89' lang='lat' dir='ltr'><strong>recupe-</strong></span> 
     </span>
     <span class='ocr_line' id='line_1_24' title="bbox 147 2306 1927 2371; baseline -0.001 -16"><span class='ocrx_word' id='word_1_228' title='bbox 147 2307 368 2368; x_wconf 91' lang='lat' dir='ltr'><strong>randum,</strong></span> <span class='ocrx_word' id='word_1_229' title='bbox 402 2323 458 2356; x_wconf 92' lang='lat' dir='ltr'><strong>ac</strong></span> <span class='ocrx_word' id='word_1_230' title='bbox 488 2311 774 2371; x_wconf 89' lang='lat' dir='ltr'><strong>recuperata</strong></span> <span class='ocrx_word' id='word_1_231' title='bbox 800 2307 1213 2356; x_wconf 88' lang='lat' dir='ltr'><strong>manutenendum</strong></span> <span class='ocrx_word' id='word_1_232' title='bbox 1241 2309 1408 2354; x_wconf 89' lang='lat' dir='ltr'><strong>contra</strong></span> <span class='ocrx_word' id='word_1_233' title='bbox 1437 2321 1632 2354; x_wconf 90' lang='lat' dir='ltr'><strong>omnem</strong></span> <span class='ocrx_word' id='word_1_234' title='bbox 1658 2306 1927 2353; x_wconf 90' lang='lat' dir='ltr'><strong>hominem.</strong></span> 
     </span>
     <span class='ocr_line' id='line_1_25' title="bbox 148 2390 1930 2454; baseline -0.002 -15"><span class='ocrx_word' id='word_1_235' title='bbox 148 2391 404 2440; x_wconf 89' lang='lat' dir='ltr'><strong>Universas</strong></span> <span class='ocrx_word' id='word_1_236' title='bbox 437 2395 485 2440; x_wconf 93' lang='lat' dir='ltr'><strong>et</strong></span> <span class='ocrx_word' id='word_1_237' title='bbox 517 2391 730 2454; x_wconf 81' lang='lat' dir='ltr'><strong>singulas</strong></span> <span class='ocrx_word' id='word_1_238' title='bbox 761 2391 1064 2440; x_wconf 90' lang='lat' dir='ltr'><strong>conditiones</strong></span> <span class='ocrx_word' id='word_1_239' title='bbox 1098 2393 1351 2439; x_wconf 88' lang='lat' dir='ltr'><strong>contentas</strong></span> <span class='ocrx_word' id='word_1_240' title='bbox 1391 2391 1440 2438; x_wconf 89' lang='lat' dir='ltr'><strong>in</strong></span> <span class='ocrx_word' id='word_1_241' title='bbox 1471 2390 1624 2438; x_wconf 88' lang='lat' dir='ltr'><strong>literis</strong></span> <span class='ocrx_word' id='word_1_242' title='bbox 1664 2391 1930 2438; x_wconf 89' lang='lat' dir='ltr'><strong>Innocentii</strong></span> 
     </span>
     <span class='ocr_line' id='line_1_26' title="bbox 146 2472 1932 2539; baseline -0.001 -18"><span class='ocrx_word' id='word_1_243' title='bbox 146 2473 507 2538; x_wconf 86' lang='lat' dir='ltr'><strong>predecessoris</strong></span> <span class='ocrx_word' id='word_1_244' title='bbox 529 2474 828 2539; x_wconf 88' lang='lat' dir='ltr'><strong>hujusmodi,</strong></span> <span class='ocrx_word' id='word_1_245' title='bbox 853 2490 1001 2538; x_wconf 90' lang='lat' dir='ltr'><strong>super</strong></span> <span class='ocrx_word' id='word_1_246' title='bbox 1019 2474 1235 2538; x_wconf 90' lang='lat' dir='ltr'><strong>ipsorum</strong></span> <span class='ocrx_word' id='word_1_247' title='bbox 1251 2474 1387 2537; x_wconf 84' lang='lat' dir='ltr'><strong>regni</strong></span> <span class='ocrx_word' id='word_1_248' title='bbox 1403 2479 1451 2522; x_wconf 88' lang='lat' dir='ltr'><strong>et</strong></span> <span class='ocrx_word' id='word_1_249' title='bbox 1466 2478 1593 2522; x_wconf 92' lang='lat' dir='ltr'><strong>terre</strong></span> <span class='ocrx_word' id='word_1_250' title='bbox 1616 2472 1932 2520; x_wconf 89' lang='lat' dir='ltr'><strong>concessione</strong></span> 
     </span>
     <span class='ocr_line' id='line_1_27' title="bbox 149 2556 1929 2621; baseline -0.002 -15"><span class='ocrx_word' id='word_1_251' title='bbox 149 2557 400 2617; x_wconf 89' lang='lat' dir='ltr'><strong>consectis,</strong></span> <span class='ocrx_word' id='word_1_252' title='bbox 432 2573 488 2606; x_wconf 90' lang='lat' dir='ltr'><strong>ac</strong></span> <span class='ocrx_word' id='word_1_253' title='bbox 518 2558 680 2606; x_wconf 90' lang='lat' dir='ltr'><strong>omnia</strong></span> <span class='ocrx_word' id='word_1_254' title='bbox 710 2562 757 2606; x_wconf 92' lang='lat' dir='ltr'><strong>et</strong></span> <span class='ocrx_word' id='word_1_255' title='bbox 784 2558 972 2621; x_wconf 87' lang='lat' dir='ltr'><strong>singula</strong></span> <span class='ocrx_word' id='word_1_256' title='bbox 1001 2573 1094 2621; x_wconf 92' lang='lat' dir='ltr'><strong>que</strong></span> <span class='ocrx_word' id='word_1_257' title='bbox 1130 2558 1180 2604; x_wconf 94' lang='lat' dir='ltr'><strong>in</strong></span> <span class='ocrx_word' id='word_1_258' title='bbox 1208 2557 1382 2605; x_wconf 91' lang='lat' dir='ltr'><strong>iisdem</strong></span> <span class='ocrx_word' id='word_1_259' title='bbox 1411 2557 1564 2606; x_wconf 93' lang='lat' dir='ltr'><strong>literis</strong></span> <span class='ocrx_word' id='word_1_260' title='bbox 1603 2556 1929 2612; x_wconf 89' lang='lat' dir='ltr'><strong>continentur,</strong></span> 
     </span>
     <span class='ocr_line' id='line_1_28' title="bbox 148 2640 1933 2704; baseline -0.002 -16"><span class='ocrx_word' id='word_1_261' title='bbox 148 2640 363 2704; x_wconf 86' lang='lat' dir='ltr'><strong>plenarie</strong></span> <span class='ocrx_word' id='word_1_262' title='bbox 385 2640 659 2704; x_wconf 90' lang='lat' dir='ltr'><strong>adimplebo</strong></span> <span class='ocrx_word' id='word_1_263' title='bbox 682 2645 730 2689; x_wconf 90' lang='lat' dir='ltr'><strong>et</strong></span> <span class='ocrx_word' id='word_1_264' title='bbox 747 2640 1047 2689; x_wconf 87' lang='lat' dir='ltr'><strong>inviolabiter</strong></span> <span class='ocrx_word' id='word_1_265' title='bbox 1066 2641 1332 2689; x_wconf 88' lang='lat' dir='ltr'><strong>observabo</strong></span> <span class='ocrx_word' id='word_1_266' title='bbox 1355 2645 1401 2689; x_wconf 92' lang='lat' dir='ltr'><strong>et</strong></span> <span class='ocrx_word' id='word_1_267' title='bbox 1422 2641 1554 2688; x_wconf 92' lang='lat' dir='ltr'><strong>nullo</strong></span> <span class='ocrx_word' id='word_1_268' title='bbox 1575 2655 1787 2702; x_wconf 90' lang='lat' dir='ltr'><strong>unquam</strong></span> <span class='ocrx_word' id='word_1_269' title='bbox 1812 2643 1933 2686; x_wconf 89' lang='lat' dir='ltr'><strong>tem-</strong></span> 
     </span>
     <span class='ocr_line' id='line_1_29' title="bbox 149 2722 1933 2788; baseline -0.002 -16"><span class='ocrx_word' id='word_1_270' title='bbox 149 2739 267 2787; x_wconf 90' lang='lat' dir='ltr'><strong>pore</strong></span> <span class='ocrx_word' id='word_1_271' title='bbox 302 2723 491 2772; x_wconf 89' lang='lat' dir='ltr'><strong>veniam</strong></span> <span class='ocrx_word' id='word_1_272' title='bbox 531 2729 699 2773; x_wconf 90' lang='lat' dir='ltr'><strong>contra</strong></span> <span class='ocrx_word' id='word_1_273' title='bbox 734 2739 814 2783; x_wconf 89' lang='lat' dir='ltr'><strong>ea;</strong></span> <span class='ocrx_word' id='word_1_274' title='bbox 854 2739 951 2772; x_wconf 91' lang='lat' dir='ltr'><strong>non</strong></span> <span class='ocrx_word' id='word_1_275' title='bbox 990 2723 1387 2788; x_wconf 69' lang='lat' dir='ltr'><strong>procurabo&#39;per</strong></span> <span class='ocrx_word' id='word_1_276' title='bbox 1421 2739 1498 2772; x_wconf 92' lang='lat' dir='ltr'><strong>me</strong></span> <span class='ocrx_word' id='word_1_277' title='bbox 1544 2723 1618 2771; x_wconf 88' lang='lat' dir='ltr'><strong>vel</strong></span> <span class='ocrx_word' id='word_1_278' title='bbox 1657 2722 1803 2770; x_wconf 91' lang='lat' dir='ltr'><strong>alium</strong></span> <span class='ocrx_word' id='word_1_279' title='bbox 1848 2737 1933 2770; x_wconf 90' lang='lat' dir='ltr'><strong>seu</strong></span> 
     </span>
     <span class='ocr_line' id='line_1_30' title="bbox 150 2805 1933 2872; baseline -0.001 -18"><span class='ocrx_word' id='word_1_280' title='bbox 150 2807 287 2866; x_wconf 89' lang='lat' dir='ltr'><strong>alios,</strong></span> <span class='ocrx_word' id='word_1_281' title='bbox 323 2807 491 2870; x_wconf 88' lang='lat' dir='ltr'><strong>quovis</strong></span> <span class='ocrx_word' id='word_1_282' title='bbox 524 2807 668 2855; x_wconf 91' lang='lat' dir='ltr'><strong>modo</strong></span> <span class='ocrx_word' id='word_1_283' title='bbox 703 2812 756 2855; x_wconf 90' lang='lat' dir='ltr'><strong>ut</strong></span> <span class='ocrx_word' id='word_1_284' title='bbox 787 2807 938 2872; x_wconf 87' lang='lat' dir='ltr'><strong>eligar</strong></span> <span class='ocrx_word' id='word_1_285' title='bbox 965 2808 1037 2856; x_wconf 89' lang='lat' dir='ltr'><strong>vel</strong></span> <span class='ocrx_word' id='word_1_286' title='bbox 1068 2808 1291 2855; x_wconf 88' lang='lat' dir='ltr'><strong>nominer</strong></span> <span class='ocrx_word' id='word_1_287' title='bbox 1322 2808 1370 2854; x_wconf 90' lang='lat' dir='ltr'><strong>in</strong></span> <span class='ocrx_word' id='word_1_288' title='bbox 1402 2823 1586 2871; x_wconf 85' lang='lat' dir='ltr'><strong>regem,</strong></span> <span class='ocrx_word' id='word_1_289' title='bbox 1621 2806 1695 2856; x_wconf 69' lang='lat' dir='ltr'><strong>vel</strong></span> <span class='ocrx_word' id='word_1_290' title='bbox 1725 2805 1933 2869; x_wconf 90' lang='lat' dir='ltr'><strong>impera-</strong></span> 
     </span>
     <span class='ocr_line' id='line_1_31' title="bbox 150 2889 1934 2954; baseline -0.001 -17"><span class='ocrx_word' id='word_1_291' title='bbox 150 2893 305 2938; x_wconf 88' lang='lat' dir='ltr'><strong>torem</strong></span> <span class='ocrx_word' id='word_1_292' title='bbox 339 2905 592 2938; x_wconf 88' lang='lat' dir='ltr'><strong>romanum</strong></span> <span class='ocrx_word' id='word_1_293' title='bbox 622 2906 706 2939; x_wconf 92' lang='lat' dir='ltr'><strong>seu</strong></span> <span class='ocrx_word' id='word_1_294' title='bbox 738 2906 904 2954; x_wconf 86' lang='lat' dir='ltr'><strong>regem</strong></span> <span class='ocrx_word' id='word_1_295' title='bbox 938 2891 1206 2939; x_wconf 90' lang='lat' dir='ltr'><strong>Theutonie</strong></span> <span class='ocrx_word' id='word_1_296' title='bbox 1235 2895 1316 2940; x_wconf 92' lang='lat' dir='ltr'><strong>aut</strong></span> <span class='ocrx_word' id='word_1_297' title='bbox 1356 2891 1607 2938; x_wconf 92' lang='lat' dir='ltr'><strong>dominum</strong></span> <span class='ocrx_word' id='word_1_298' title='bbox 1648 2889 1934 2938; x_wconf 89' lang='lat' dir='ltr'><strong>Lombardie</strong></span> 
     </span>
     <span class='ocr_line' id='line_1_32' title="bbox 148 2972 1935 3040; baseline -0.001 -20"><span class='ocrx_word' id='word_1_299' title='bbox 148 2973 222 3020; x_wconf 89' lang='lat' dir='ltr'><strong>vel</strong></span> <span class='ocrx_word' id='word_1_300' title='bbox 251 2974 423 3022; x_wconf 88' lang='lat' dir='ltr'><strong>Tuscie</strong></span> <span class='ocrx_word' id='word_1_301' title='bbox 452 2990 536 3022; x_wconf 91' lang='lat' dir='ltr'><strong>seu</strong></span> <span class='ocrx_word' id='word_1_302' title='bbox 564 2976 762 3039; x_wconf 89' lang='lat' dir='ltr'><strong>majoris</strong></span> <span class='ocrx_word' id='word_1_303' title='bbox 790 2976 936 3040; x_wconf 89' lang='lat' dir='ltr'><strong>partis</strong></span> <span class='ocrx_word' id='word_1_304' title='bbox 965 2975 1247 3024; x_wconf 88' lang='lat' dir='ltr'><strong>eorumdem</strong></span> <span class='ocrx_word' id='word_1_305' title='bbox 1280 2991 1288 3022; x_wconf 94' lang='lat'>:</span> <span class='ocrx_word' id='word_1_306' title='bbox 1322 2979 1369 3023; x_wconf 91' lang='lat' dir='ltr'><strong>et</strong></span> <span class='ocrx_word' id='word_1_307' title='bbox 1397 2975 1434 3022; x_wconf 91' lang='lat' dir='ltr'><strong>si</strong></span> <span class='ocrx_word' id='word_1_308' title='bbox 1466 2974 1640 3022; x_wconf 89' lang='lat' dir='ltr'><strong>electio</strong></span> <span class='ocrx_word' id='word_1_309' title='bbox 1678 2974 1750 3021; x_wconf 89' lang='lat' dir='ltr'><strong>vel</strong></span> <span class='ocrx_word' id='word_1_310' title='bbox 1777 2972 1935 3020; x_wconf 90' lang='lat' dir='ltr'><strong>nomi-</strong></span> 
     </span>
     <span class='ocr_line' id='line_1_33' title="bbox 147 3054 1934 3122; baseline 0 -21"><span class='ocrx_word' id='word_1_311' title='bbox 147 3054 277 3102; x_wconf 90' lang='lat' dir='ltr'><strong>natio</strong></span> <span class='ocrx_word' id='word_1_312' title='bbox 309 3056 370 3103; x_wconf 93' lang='lat' dir='ltr'><strong>ad</strong></span> <span class='ocrx_word' id='word_1_313' title='bbox 402 3057 659 3120; x_wconf 91' lang='lat' dir='ltr'><strong>imperium</strong></span> <span class='ocrx_word' id='word_1_314' title='bbox 691 3058 767 3106; x_wconf 93' lang='lat' dir='ltr'><strong>vel</strong></span> <span class='ocrx_word' id='word_1_315' title='bbox 792 3074 996 3122; x_wconf 86' lang='lat' dir='ltr'><strong>regnum</strong></span> <span class='ocrx_word' id='word_1_316' title='bbox 1022 3074 1277 3107; x_wconf 87' lang='lat' dir='ltr'><strong>romanum</strong></span> <span class='ocrx_word' id='word_1_317' title='bbox 1314 3074 1398 3107; x_wconf 91' lang='lat' dir='ltr'><strong>seu</strong></span> <span class='ocrx_word' id='word_1_318' title='bbox 1428 3074 1636 3122; x_wconf 85' lang='lat' dir='ltr'><strong>regnum</strong></span> <span class='ocrx_word' id='word_1_319' title='bbox 1665 3055 1934 3105; x_wconf 85' lang='lat' dir='ltr'><strong>Theutonie</strong></span> 
     </span>
     <span class='ocr_line' id='line_1_34' title="bbox 150 3136 1936 3206; baseline 0.001 -23"><span class='ocrx_word' id='word_1_320' title='bbox 150 3140 232 3184; x_wconf 90' lang='lat' dir='ltr'><strong>aut</strong></span> <span class='ocrx_word' id='word_1_321' title='bbox 252 3136 518 3187; x_wconf 90' lang='lat' dir='ltr'><strong>dominium</strong></span> <span class='ocrx_word' id='word_1_322' title='bbox 537 3141 843 3201; x_wconf 88' lang='lat' dir='ltr'><strong>Lombardie,</strong></span> <span class='ocrx_word' id='word_1_323' title='bbox 866 3142 935 3190; x_wconf 92' lang='lat' dir='ltr'><strong>vel</strong></span> <span class='ocrx_word' id='word_1_324' title='bbox 953 3142 1124 3190; x_wconf 90' lang='lat' dir='ltr'><strong>Tuscie</strong></span> <span class='ocrx_word' id='word_1_325' title='bbox 1144 3157 1231 3190; x_wconf 91' lang='lat' dir='ltr'><strong>seu</strong></span> <span class='ocrx_word' id='word_1_326' title='bbox 1248 3143 1490 3206; x_wconf 89' lang='lat' dir='ltr'><strong>majorum</strong></span> <span class='ocrx_word' id='word_1_327' title='bbox 1513 3141 1723 3204; x_wconf 89' lang='lat' dir='ltr'><strong>partium</strong></span> <span class='ocrx_word' id='word_1_328' title='bbox 1745 3153 1936 3187; x_wconf 89' lang='lat' dir='ltr'><strong>eorum-</strong></span> 
     </span>
     <span class='ocr_line' id='line_1_35' title="bbox 151 3218 1933 3289; baseline 0.001 -24"><span class='ocrx_word' id='word_1_329' title='bbox 151 3218 262 3266; x_wconf 91' lang='lat' dir='ltr'><strong>dem</strong></span> <span class='ocrx_word' id='word_1_330' title='bbox 296 3218 354 3266; x_wconf 90' lang='lat' dir='ltr'><strong>de</strong></span> <span class='ocrx_word' id='word_1_331' title='bbox 382 3235 460 3268; x_wconf 91' lang='lat' dir='ltr'><strong>me</strong></span> <span class='ocrx_word' id='word_1_332' title='bbox 493 3222 728 3271; x_wconf 89' lang='lat' dir='ltr'><strong>celebrari</strong></span> <span class='ocrx_word' id='word_1_333' title='bbox 757 3226 1031 3289; x_wconf 87' lang='lat' dir='ltr'><strong>contigerit,</strong></span> <span class='ocrx_word' id='word_1_334' title='bbox 1067 3226 1252 3273; x_wconf 90' lang='lat' dir='ltr'><strong>nullum</strong></span> <span class='ocrx_word' id='word_1_335' title='bbox 1280 3224 1559 3288; x_wconf 85' lang='lat' dir='ltr'><strong>hujusmodi</strong></span> <span class='ocrx_word' id='word_1_336' title='bbox 1590 3222 1815 3271; x_wconf 88' lang='lat' dir='ltr'><strong>electioni</strong></span> <span class='ocrx_word' id='word_1_337' title='bbox 1849 3235 1933 3267; x_wconf 90' lang='lat' dir='ltr'><strong>seu</strong></span> 
     </span>
     <span class='ocr_line' id='line_1_36' title="bbox 148 3300 1933 3370; baseline 0.001 -22"><span class='ocrx_word' id='word_1_338' title='bbox 148 3300 457 3366; x_wconf 85' lang='lat' dir='ltr'><strong>postulationi</strong></span> <span class='ocrx_word' id='word_1_339' title='bbox 480 3319 732 3354; x_wconf 87' lang='lat' dir='ltr'><strong>assensum</strong></span> <span class='ocrx_word' id='word_1_340' title='bbox 758 3308 1002 3370; x_wconf 88' lang='lat' dir='ltr'><strong>prestabo,</strong></span> <span class='ocrx_word' id='word_1_341' title='bbox 1028 3324 1117 3356; x_wconf 92' lang='lat' dir='ltr'><strong>nec</strong></span> <span class='ocrx_word' id='word_1_342' title='bbox 1145 3308 1464 3356; x_wconf 86' lang='lat' dir='ltr'><strong>intromittam</strong></span> <span class='ocrx_word' id='word_1_343' title='bbox 1493 3322 1571 3354; x_wconf 92' lang='lat' dir='ltr'><strong>me</strong></span> <span class='ocrx_word' id='word_1_344' title='bbox 1599 3305 1743 3352; x_wconf 94' lang='lat' dir='ltr'><strong>modo</strong></span> <span class='ocrx_word' id='word_1_345' title='bbox 1773 3305 1933 3366; x_wconf 89' lang='lat' dir='ltr'><strong>aliquo</strong></span> 
     </span>
     <span class='ocr_line' id='line_1_37' title="bbox 152 3385 1932 3452; baseline -0.002 -20"><span class='ocrx_word' id='word_1_346' title='bbox 152 3385 211 3433; x_wconf 89' lang='lat' dir='ltr'><strong>de</strong></span> <span class='ocrx_word' id='word_1_347' title='bbox 237 3399 405 3433; x_wconf 87' lang='lat' dir='ltr'><strong>eorum</strong></span> <span class='ocrx_word' id='word_1_348' title='bbox 432 3385 506 3433; x_wconf 88' lang='lat' dir='ltr'><strong>vel</strong></span> <span class='ocrx_word' id='word_1_349' title='bbox 536 3385 736 3449; x_wconf 90' lang='lat' dir='ltr'><strong>alicujus</strong></span> <span class='ocrx_word' id='word_1_350' title='bbox 766 3388 979 3451; x_wconf 88' lang='lat' dir='ltr'><strong>ipsorum</strong></span> <span class='ocrx_word' id='word_1_351' title='bbox 1007 3389 1262 3452; x_wconf 83' lang='lat' dir='ltr'><strong>regimine,</strong></span> <span class='ocrx_word' id='word_1_352' title='bbox 1294 3403 1450 3449; x_wconf 89' lang='lat' dir='ltr'><strong>neque</strong></span> <span class='ocrx_word' id='word_1_353' title='bbox 1479 3387 1624 3435; x_wconf 86' lang='lat' dir='ltr'><strong>etiam</strong></span> <span class='ocrx_word' id='word_1_354' title='bbox 1654 3387 1711 3433; x_wconf 89' lang='lat' dir='ltr'><strong>de</strong></span> <span class='ocrx_word' id='word_1_355' title='bbox 1742 3385 1932 3432; x_wconf 87' lang='lat' dir='ltr'><strong>civitate</strong></span> 
     </span>
     <span class='ocr_line' id='line_1_38' title="bbox 153 3465 1934 3533; baseline -0.003 -18"><span class='ocrx_word' id='word_1_356' title='bbox 153 3470 492 3516; x_wconf 87' lang='lat' dir='ltr'><strong>Beneventana</strong></span> <span class='ocrx_word' id='word_1_357' title='bbox 534 3473 579 3516; x_wconf 89' lang='lat' dir='ltr'><strong>et</strong></span> <span class='ocrx_word' id='word_1_358' title='bbox 622 3469 720 3516; x_wconf 87' lang='lat' dir='ltr'><strong>suis</strong></span> <span class='ocrx_word' id='word_1_359' title='bbox 766 3471 1018 3518; x_wconf 89' lang='lat' dir='ltr'><strong>territoriis</strong></span> <span class='ocrx_word' id='word_1_360' title='bbox 1061 3475 1106 3517; x_wconf 91' lang='lat' dir='ltr'><strong>et</strong></span> <span class='ocrx_word' id='word_1_361' title='bbox 1151 3469 1472 3533; x_wconf 81' lang='lat' dir='ltr'><strong>pertinentiis,</strong></span> <span class='ocrx_word' id='word_1_362' title='bbox 1521 3485 1605 3516; x_wconf 80' lang='lat' dir='ltr'><strong>scu</strong></span> <span class='ocrx_word' id='word_1_363' title='bbox 1653 3465 1934 3528; x_wconf 81' lang='lat' dir='ltr'><strong>Campania,</strong></span> 
     </span>
    </p>
   </div>
  </div>
 </body>
</html>
