2222 3906
251 304 320 339 300
686 348 691 351 a
858 296 1090 332 JOHANNIS
1124 294 1417 340 BURCHARDI,
1811 300 1905 340 [Juin
1927 303 2022 344 1497]

256 405 334 451 (lat
355 403 553 461 aditum,
594 402 683 450 iter
716 400 1084 463 arripueruntet
1108 399 1230 446 ultra
1262 413 1359 446 non
1387 403 1776 460 comparuerunt,
1809 402 2018 452 Interro-

256 490 486 550 gaverunt
506 484 743 548 pontificis
767 482 1020 530 servitores
1043 497 1128 529 cur
1143 481 1246 545 ipse
1265 480 1499 543 Georgius
1517 483 1701 529 tantum
1722 481 1904 533 crimen
1922 500 2017 534 non

255 569 512 618 revelasset
551 564 857 630 gubernatori
898 564 1065 621 Urbis3
1099 563 1346 626 respondit
1378 563 1655 624 sevidisse,
1696 564 1794 614 suis
1830 565 2014 627 diebus,

254 657 449 702 centum
478 651 526 698 in
556 649 753 696 diversis
785 647 1006 695 noctibus
1040 646 1168 695 varie
1203 647 1388 696 occisos
1427 646 1475 695 in
1513 646 1693 694 flumen
1726 648 1896 712 projici
1933 665 2021 715 per

253 734 413 781 locum
432 729 718 795 predictum,
735 731 782 776 et
795 743 1058 790 numquam
1076 727 1235 791 aliqua
1252 743 1419 778 eorum
1440 731 1560 781 ratio
1574 732 1738 781 habita
1752 732 1862 793 fuit;
1880 749 2021 799 prop-

254 821 385 865 terea
406 814 464 862 de
492 827 637 862 causa
665 810 946 875 hujusmodi
978 811 1333 861 estimationem
1361 813 1570 878 aliquam
1597 831 1695 864 non
1721 816 1912 866 fecisse.
1937 817 2020 868 His

254 897 527 955 intellectiS,
542 895 694 944 vocati
709 898 818 942 sunt
830 894 1095 958 piscatores
1112 899 1158 943 et
1170 896 1326 946 navite
1340 886 1616 963 per'Urbem
1631 904 1677 948 et
1693 900 1762 949 eis
1777 900 1920 964 hujus
1935 900 2022 949 ho-

255 980 397 1029 minis
427 978 629 1043 piscatio
661 977 920 1026 commissa
947 982 993 1026 et
1017 977 1234 1027 laborum
1268 995 1465 1029 suorum·
1494 983 1673 1046 optima
1698 983 2022 1033 renumeratio

254 1064 508 1128 promissa.
530 1065 863 1111 Convenerunt
875 1061 1141 1125 piscatores
1158 1067 1204 1110 et
1216 1063 1392 1123 navite,
1410 1069 1462 1114 ut
1474 1065 1704 1128 intellexi,
1721 1067 1922 1116 trecenti
1936 1067 2018 1129 (1),

256 1148 335 1213 qui
365 1163 533 1196 omnes
563 1146 661 1194 suis
692 1146 1020 1194 instrumentis
1044 1162 1130 1210 per
1157 1148 1366 1197 ssuminis
1397 1149 1555 1198 alvum
1582 1149 1811 1213 projectis
1830 1149 1945 1198 etin
1963 1164 2022 1199 eo

252 1231 501 1279 hominem
540 1231 785 1294 piscarunt
819 1228 881 1294 (2)
918 1248 927 1276 ε
966 1230 1095 1278 circa
1127 1231 1297 1279 horam
1331 1247 1657 1296 vesperarum,
1701 1237 1810 1282 ante
1841 1236 2018 1291 tamen,

253 1315 554 1379 reperierunt
578 1314 753 1362 ducem
779 1329 890 1361 cum
912 1313 1043 1362 omni
1067 1313 1224 1363 adhuc
1252 1314 1419 1363 habitu
1442 1331 1546 1374 suo,
1577 1315 1799 1365 videlicet
1826 1315 2018 1377 calceiS,

252 1398 435 1461 caligiS,
462 1398 692 1461 diploide,
714 1396 967 1456 vestiteHO,
989 1397 1220 1445 mantello
1239 1397 1483 1457 vestitum,
1509 1397 1598 1446 sub
1620 1398 1813 1462 cingulo
1832 1399 2018 1447 haben-

254 1487 353 1531 tem
371 1481 679 1530 chirothecas
696 1496 805 1529 suas
817 1496 924 1528 cum
938 1480 1122 1528 ducatis
1139 1481 1350 1545 triginta,
1364 1481 1666 1530 vulneratum
1681 1497 1852 1531 novem
1861 1482 2021 1532 vulne-

254 1565 385 1613 ribus
416 1581 623 1628 quorum
654 1581 801 1623 unum
829 1567 930 1613 erat
956 1563 1005 1611 in
1032 1564 1155 1612 (30110
1186 1580 1273 1628 per
1303 1569 1480 1629 guttur,
1514 1566 1607 1614 alia
1635 1571 1743 1616 octo
1770 1567 1820 1615 in
1843 1568 2017 1631 capite,

254 1664 458 1715 corpore
482 1653 529 1698 et
554 1648 790 1696 cruribus,
822 1650 1109 1711 Compertus
1139 1647 1250 1708 dux,
1281 1648 1497 1697 navicula
1522 1649 1776 1712 impositus
1798 1653 1871 1698 est
1893 1653 1939 1698 et
1960 1649 2020 1698 ad

255 1738 465 1783 castrum
496 1733 649 1781 sancti
676 1731 847 1795 Angeli
880 1730 1050 1779 ductus
1072 1732 1235 1795 inquo
1252 1735 1421 1781 exutus
1445 1749 1454 1779 ε
1476 1732 1630 1781 lotum
1652 1735 1724 1780 est
1743 1732 1848 1795 ejus
1875 1731 2019 1781 cada-

255 1832 337 1865 ver
367 1821 414 1865 et
448 1816 619 1881 pannis
653 1814 938 1863 militaribus
973 1815 1210 1874 indutum,
1249 1815 1382 1864 socio
1416 1830 1545 1874 meo,
1582 1814 1879 1864 Bernardino
1906 1817 2020 1866 Gut-

253 1899 377 1957 terii,
403 1898 579 1947 clerico
603 1897 1008 1958 ceremoniarum,
1031 1897 1194 1946 omnia
1217 1898 1487 1949 ordinante.

316 1986 369 2033 In
403 1997 511 2030 sero
549 1982 673 2030 illius
713 1981 825 2040 diei,
869 1981 997 2030 circa
1028 1981 1200 2030 horam
1229 1983 1511 2047 vigesimam
1541 1989 1778 2048 quartam,
1820 1986 2020 2035 cadaver

250 2067 521 2132 predic-tum
549 2070 793 2130 portatum
825 2069 896 2113 est
922 2082 1009 2130 per
1029 2065 1290 2115 familiares
1312 2067 1498 2116 nobiles
1526 2083 1656 2129 suoS,
1689 2069 1728 2118 si
1756 2074 1888 2117 recte
1915 2084 2020 2118 me-

248 2151 383 2210 mini,
410 2167 468 2198 ex
489 2150 616 2198 dicto
649 2154 805 2198 castro
828 2149 889 2197 ad
920 2149 1178 2199 ecclesiam
1198 2149 1338 2198 beate
1368 2150 1516 2200 Marie
1540 2151 1599 2199 de
1622 2153 1823 2216 Populo,
1847 2167 2018 2215 prece-

249 2235 472 2283 dentibus
503 2235 757 2285 intorticiis
788 2234 979 2282 circiter
1009 2239 1202 2282 centum
1233 2238 1280 2283 et
1306 2233 1470 2297 viginti
1499 2238 1546 2283 et
1573 2235 1796 2284 omnibus
1822 2235 2018 2300 prelatis

247 2319 428 2383 palatii,
467 2318 771 2367 cubiculariis
806 2326 853 2366 et
886 2318 1126 2366 scutiferis
1161 2320 1287 2381 Pape
1318 2318 1476 2381 ipsum
1511 2318 1871 2379 comitantibus,
1908 2334 2018 2368 cum

248 2418 423 2466 magno
452 2403 567 2451 ssetu
596 2407 642 2452 et
667 2402 867 2462 ululatu,
899 2402 1001 2450 sine
1038 2401 1203 2450 ordine
1231 2401 1565 2450 incedentibus
1597 2418 1607 2451 ε
1637 2401 1828 2466 publice
1855 2406 2019 2466 porta-

246 2485 386 2536 hatur
417 2485 620 2535 cadaver
647 2485 698 2533 in
730 2485 963 2535 catalecto
992 2484 1279 2543 honorifice,
1316 2490 1363 2535 et
1395 2485 1643 2535 videbatur
1674 2502 1773 2535 non
1801 2491 2019 2536 mortuus

247 2570 333 2619 sed
360 2569 619 2620 dormiens.
654 2571 706 2617 In
734 2569 937 2618 ecclesia
964 2569 1179 2634 predicta
1209 2568 1390 2618 factum
1420 2573 1493 2618 est
1523 2568 1567 2617 ei
1594 2568 1864 2633 depositum
1896 2574 1943 2620 et
1969 2570 2016 2620 in

246 2668 303 2702 eo
326 2652 646 2712 reconditum,
671 2652 751 2700 uhi
773 2657 936 2701 manet
956 2668 1106 2716 usque
1128 2652 1188 2701 ad
1207 2652 1493 2702 hodiernum
1514 2653 1659 2703 diem.

312 2738 550 2797 PontifeX,
580 2741 631 2786 ut
654 2736 887 2786 intellexit
912 2736 1084 2785 ducem
1112 2736 1417 2785 interfectum
1445 2740 1490 2786 et
1516 2738 1565 2786 in
1586 2738 1785 2799 flumen,
1818 2747 1869 2788 ut
1895 2743 2017 2788 ster-

246 2838 347 2882 cus,
384 2822 672 2885 projectum,
723 2826 1023 2883 compertum
1062 2835 1186 2880 esse,
1228 2824 1470 2868 commota
1504 2820 1591 2868 sibi
1628 2821 1819 2870 fuerunt
1854 2822 2016 2872 omnia

246 2905 426 2952 viscera
453 2908 499 2952 et
524 2920 609 2968 pre
638 2903 802 2951 dolore
831 2907 876 2951 et
904 2903 1061 2951 cordis
1092 2902 1410 2951 amaritudine
1441 2903 1636 2953 reclusit
1663 2919 1714 2953 se
1735 2904 1783 2952 in
1807 2904 2013 2968 quadam

291 3043 324 3079 1.
353 3040 450 3077 Telle
478 3044 534 3077 est
563 3039 597 3075 la
623 3039 725 3085 lecon
752 3039 798 3075 du
825 3050 915 3076 mss
942 3039 1050 3084 5160,
1072 3038 1095 3074 f.
1124 3038 1206 3084 291,
1234 3049 1268 3076 v.
1297 3041 1333 3074 et
1358 3038 1542 3083 d’Eccard,
1564 3039 1633 3077 col.
1660 3040 1766 3078 2082.
1796 3040 1865 3078 Les
1892 3043 2012 3078 autres

243 3112 332 3137 mss.
356 3101 518 3136 donnent
538 3111 545 3136 :
569 3104 642 3136 tres
659 3101 714 3135 rel
734 3101 841 3136 circa.

289 3164 325 3200 2.
354 3161 406 3197 On
429 3162 573 3196 connait
592 3159 623 3196 le
645 3159 814 3206 sanglant
834 3158 991 3206 distique
1012 3159 1055 3194 de
1076 3158 1260 3195 Sannazar
1282 3168 1292 3196 ε

806 3238 848 3273 In
867 3237 1118 3274 Aleoeandrum
1143 3238 1201 3274 VI.
1225 3237 1328 3274 Pom.
1351 3238 1451 3274 Mam.

529 3308 744 3341 piscatorem
762 3308 946 3340 hominum
968 3315 1011 3339 nc
1025 3309 1058 3340 te
1075 3315 1160 3346 non,
1183 3306 1297 3347 Sexte,
1318 3308 1497 3349 putemus,

593 3362 741 3394 Piscaris
763 3364 884 3394 natum
905 3360 1040 3392 retibus
1062 3368 1141 3392 ecce
1157 3361 1271 3392 tuum.

1067 3425 1365 3469 (Epiqmmmalon
1387 3425 1446 3459 lib.
1469 3426 1493 3467 Ι,
1516 3434 1551 3460 n.
1574 3428 1641 3469 51.)
