2216 3886
288 281 360 316 512
894 280 1128 318 JOHANNIS
1162 279 1458 326 BURCHARDI,
1840 284 1948 324 [Mars
1969 285 2063 325 1499]

290 382 364 430 vel
399 382 575 443 addita,
614 383 789 431 nullius
822 382 1050 447 ponderis
1085 388 1131 430 et
1164 382 1475 446 precellentie
1513 385 1630 430 erat.
1674 381 1779 430 Alia
1813 383 2065 432 observata

290 481 425 514 more
447 466 605 514 solito.
1292 469 1294 471 ’
1879 521 1884 529 ,

355 551 504 597 Nocte
527 547 773 612 preterita,
798 548 927 595 venit
947 563 1115 595 cursor
1133 562 1219 610 per
1242 561 1389 609 quem
1411 545 1680 594 nuntiatum
1703 546 1792 595 fuit
1813 549 1897 595 SS.
1922 550 1979 596 D.
2004 551 2060 597 N.

289 630 448 696 legam
480 647 585 680 esse
614 630 889 679 conclusam
916 629 1041 677 inter
1069 630 1381 678 Sanctitatem
1410 645 1564 688 suam,
1595 645 1761 693 regem
1789 630 1989 678 Francie
2019 635 2067 679 et

291 713 555 762 dominium
590 715 905 762 Venetorum.
942 711 1051 759 Fuit
1086 711 1231 760 etiam
1265 728 1293 760 a
1324 712 1566 760 nonnullis
1602 712 1807 761 relatum
1841 715 2066 762 Cesarem

291 796 442 844 filium
474 798 618 859 Pape,
653 794 767 842 olim
798 794 1091 843 cardinalem
1119 794 1449 854 Valentinum,
1485 795 1844 845 matrimonium
1877 801 2068 844 contra-

291 878 418 927 xisse
441 894 551 926 cum
570 876 668 924 filia
687 876 815 940 regis
836 877 1137 941 Neapolitani
1159 877 1204 925 in
1228 877 1429 926 Francia
1449 877 1701 937 existente,
1725 877 1937 941 illudque
1959 894 2066 926 car-

290 961 386 1009 nali
408 961 582 1026 copula
602 960 863 1008 subsecuta
884 975 1246 1010 consummasse
1274 979 1282 1008 :
1308 961 1367 1009 de
1395 977 1489 1024 quo
1517 965 1679 1011 tamen
1706 961 1942 1011 certitudo
1968 976 2065 1010 non

291 1046 362 1092 est
381 1043 545 1091 habita
565 1042 649 1106 (1).
1365 1049 1368 1051 ’

357 1125 607 1175 Dominica
644 1124 785 1173 tertia
824 1123 1218 1188 quadragesime,
1259 1141 1352 1189 que
1387 1126 1475 1175 fuit
1518 1131 1544 1176 3
1579 1127 1759 1176 mensis
1793 1128 1969 1188 martii,
2005 1132 2060 1177 R.

294 1211 349 1256 D.
385 1208 778 1272 Christophorus,
812 1207 1067 1272 episcopus
1101 1209 1429 1270 Cortonensis,
1470 1213 1554 1259 SS.
1586 1214 1642 1259 D.
1681 1214 1739 1260 N.
1771 1227 1894 1276 pape
1922 1212 2066 1260 assis-

262 1308 265 1312 ·
292 1296 399 1339 tens
432 1291 689 1339 celebravit
721 1289 919 1338 missam
952 1290 1195 1354 publicam
1227 1292 1275 1339 in
1310 1292 1495 1356 capella
1526 1293 1760 1357 predicta,
1796 1298 1925 1359 Papa
1955 1311 2066 1360 pre-

294 1378 428 1423 sente
455 1390 465 1422 :
491 1389 766 1422 sermonem
794 1374 908 1422 fecit
930 1373 1124 1436 quidam
1151 1375 1298 1423 frater
1324 1375 1504 1424 ordinis
1532 1376 1941 1426 heremitarums.
1966 1380 2066 1426 Au-

294 1457 470 1521 gustini
493 1472 579 1521 pro
600 1460 910 1521 procuratore
934 1457 1152 1521 ejusdem
1180 1458 1378 1506 ordinis.
1405 1458 1508 1507 Alia
1529 1459 1779 1508 observata
1799 1465 1910 1508 sunt
1930 1476 2065 1508 more

293 1541 452 1590 solito.

357 1625 497 1673 Feria
517 1624 746 1679 secunda,
769 1628 796 1672 4
819 1625 931 1674 dicti
955 1625 1135 1674 mensis
1158 1625 1331 1685 martii,
1359 1625 1443 1673 fuit
1464 1626 1804 1674 consistorium
1823 1631 2065 1675 secretum

293 1706 341 1754 in
371 1723 466 1770 quo
498 1710 553 1754 R.
588 1707 637 1753 in
664 1705 852 1754 Christo
880 1710 1024 1755 Pater
1050 1710 1108 1755 D.
1133 1707 1417 1755 Franciscus
1445 1699 1505 1755 de
1539 1707 1815 1766 Busleiden,
1847 1708 2068 1757 decreto-

293 1798 398 1837 rum
426 1790 611 1849 doctor,
642 1789 914 1853 prepositus
936 1789 1140 1839 ecclesie
1163 1790 1418 1849 Leodensi,
1443 1790 1557 1838 olim
1582 1795 1839 1855 preceptor
1865 1795 1913 1840 et
1939 1807 2067 1840 nunc

293 1873 610 1921 cancellarius
633 1872 772 1919 lllmi.
798 1875 855 1919 D.
884 1872 1089 1935 Philippi
1111 1872 1381 1921 archiducis
1403 1872 1696 1936 Burgundie,
1721 1872 1807 1920 fuit
1827 1872 2069 1936 prefectus

292 1957 497 2006 ecclesie
527 1956 774 2004 Bisuntine
802 1972 912 2005 cum
941 1957 1265 2006 reservatione
1294 1956 1509 2005 omnium
1536 1956 1901 2019 beneficiorum,
1934 1962 1982 2006 et
2008 1956 2070 2005 ad

292 2040 577 2089 relationem
600 2039 854 2088 cardinalis
877 2041 1107 2103 Capuani.

359 2125 497 2173 Feria
528 2129 712 2188 quarta,
743 2127 770 2171 6
796 2124 909 2173 (11011
935 2125 1116 2173 mensis
1144 2125 1319 2186 martii,
1351 2128 1406 2173 R.
1438 2125 1487 2172 111
1516 2125 1704 2174 Christo
1733 2128 1785 2173 P.
1817 2127 1873 2173 D.
1902 2128 2065 2184 Josue,

294 2207 546 2272 episcopus
591 2206 875 2267 Asculanus,
919 2206 1178 2255 celebravit
1216 2207 1416 2255 missam
1461 2207 1728 2256 solemnem
1770 2207 1819 2255 in
1864 2206 2071 2256 ecclesia

293 2292 340 2340 b.
372 2291 521 2340 Marie
556 2290 615 2339 de
641 2291 873 2350 Minerva,
907 2291 1213 2356 presentibus
1247 2291 1588 2351 cardinalibus,
1625 2292 1810 2341 scilicet
1842 2291 2068 2356 Neapoli-

296 2380 429 2434 tano,
454 2374 774 2423 Recanatensi
800 2374 1056 2439 episcopis,
1082 2377 1440 2434 Beneventano,
1465 2392 1504 2423 s.
1530 2375 1775 2435 Praxedis,
1800 2374 1992 2435 Ursino,
2029 2390 2069 2421 s.

294 2458 528 2523 Dionysii,
552 2457 896 2518 Alexandrino,
922 2474 960 2506 s.
988 2458 1171 2517 Crucis,
1196 2458 1446 2519 Gurcensi,
1477 2458 1812 2522 Agrigentino,
1845 2461 2071 2522 Capuano

293 2541 606 2606 presbyteris,
645 2541 865 2601 Senensi,
904 2558 942 2589 5.
982 2541 1192 2605 Georgii,
1230 2542 1477 2606 Columna,
1514 2542 1928 2601 vicecancellario,
1969 2544 2072 2590 Me-

295 2624 426 2682 dice,
465 2640 504 2671 5.
542 2624 773 2687 Severini,
807 2624 1059 2685 Cesarino,
1097 2625 1322 2674 Farnesio
1359 2629 1406 2673 et
1450 2625 1643 2689 Borgia,
1679 2625 1911 2674 diaconis.
1946 2624 2075 2673 Dixit

296 2723 443 2755 unam
471 2706 739 2756 orationem
771 2710 957 2756 tantum
987 2712 1035 2757 et
1070 2707 1232 2756 Gloria
1263 2709 1311 2756 in
1343 2708 1550 2766 excelsis,
1589 2708 1756 2756 Credo.
1789 2710 2074 2757 Sermonem

296 2794 405 2853 post
442 2790 744 2853 evangelium
787 2791 902 2839 fecit
947 2791 1141 2854 quidam
1180 2791 1488 2840 Marchianus
1528 2791 1776 2839 familiaris
1816 2790 2072 2839 cardinalis

296 2873 616 2936 Neapolitani.
643 2873 829 2921 Chorus
850 2874 938 2921 fuit
958 2873 1222 2932 ordinatus,
1250 2877 1391 2937 prout
1413 2874 1518 2922 fieri
1538 2874 1662 2922 solet
1682 2873 1869 2921 infesto
1891 2889 2074 2921 annun-

297 2956 509 3005 tiationis
531 2957 578 3005 b.
609 2957 758 3005 Marie
787 2957 1000 3021 virginis,
1027 2962 1075 3006 et
1104 2963 1155 3006 ut
1176 2958 1502 3022 superioribus
1541 2957 1678 3006 annis
1705 2958 1863 3006 fuerat
1883 2957 2076 3007 ordina-

347 3093 380 3130 1.
409 3092 481 3129 Les
502 3092 647 3130 articles
668 3093 712 3128 de
734 3092 769 3128 la
787 3091 886 3140 ligue
909 3096 1009 3129 entre
1026 3092 1136 3129 Louis
1157 3093 1224 3129 XII
1246 3097 1282 3130 et
1299 3093 1333 3129 10
1352 3092 1565 3142 republique
1585 3094 1630 3129 de
1650 3093 1786 3131 Venise
1803 3093 1924 3130 furent
1946 3093 2074 3142 signes

229 3149 246 3175 ’·
298 3155 319 3189 a
339 3151 456 3194 Eleis,
477 3150 510 3188 10
536 3152 559 3188 9
584 3151 715 3189 sevrier
742 3151 864 3188 1-495:
893 3151 936 3187 115
970 3156 1054 3188 50111
1077 3151 1220 3200 publies
1252 3153 1344 3189 dans
1373 3153 1527 3198 Sanuto,
1555 3156 1582 3189 t.
1615 3153 1661 3199 ΙΙ,
1683 3152 1751 3190 001.
1778 3153 1861 3191 522.
1885 3153 2005 3198 Quant
2027 3164 2073 3189 au

298 3211 461 3259 mariage
481 3210 526 3247 de
547 3210 660 3248 Cesar
679 3222 766 3248 avec
787 3210 971 3248 Charlotte
992 3211 1189 3259 d’Aragou,
1212 3211 1235 3248 il
1256 3224 1299 3248 en
1320 3212 1374 3249 fut
1398 3211 1567 3260 question
1587 3211 1743 3261 quelque
1763 3216 1881 3261 temps
1903 3212 2070 3260 (Sanuto,

298 3270 367 3307 col.
386 3271 486 3317 558),
508 3270 598 3307 mais
626 3271 678 3308 les
705 3269 955 3319 negociations
974 3276 1086 3320 ayant
1105 3272 1255 3317 echoue,
1284 3283 1331 3308 on
1356 3271 1457 3320 parla
1482 3272 1526 3307 de
1554 3271 1585 3307 le
1611 3271 1741 3309 marier
1765 3283 1852 3309 avec
1878 3271 1912 3308 la
1937 3270 2009 3308 fille
2029 3271 2074 3307 de

298 3329 559 3378 monseigneur
593 3330 756 3368 d'Albert
794 3345 813 3364 «
846 3330 880 3368 10
909 3330 990 3379 plus
1022 3330 1114 3368 belle
1147 3331 1218 3368 fille
1250 3332 1295 3368 de
1328 3331 1468 3368 France
1501 3346 1534 3377 »,
1571 3331 1667 3368 alors
1699 3334 1789 3380 agee
1815 3332 1859 3368 de
1887 3330 1981 3368 seize
2006 3341 2074 3367 ans

300 3387 470 3434 (Sanuto,
492 3388 560 3426 col.
581 3390 681 3437 558).
704 3390 753 3427 Le
772 3390 933 3439 mariage
953 3394 1015 3428 eut
1033 3389 1103 3427 lieu
1125 3389 1156 3426 le
1178 3391 1222 3427 12
1241 3390 1311 3427 mai
1333 3391 1438 3429 1499.
