2216 3886
293 264 364 299 510
901 261 1130 299 JOHANle
1166 260 1460 306 BURCHAHDL
1802 262 1958 303 [Fevrier
1978 264 2070 301 1499}

294 366 435 430 pallio
466 365 609 430 panni
638 364 786 413 rubei.
811 367 861 412 In
892 380 1033 413 mane
1066 365 1283 428 ejusdem
1315 364 1408 411 diei
1440 364 1623 420 martis,
1649 364 1890 427 predictus
1915 366 2070 414 cardi-

293 450 412 499 nalis
434 448 692 498 Gurcensis
713 448 879 495 habuit
901 447 1194 494 audientiam
1220 463 1247 493 a
1275 449 1357 494 SS.
1386 449 1442 492 D.
1468 449 1522 493 N.
1542 462 1551 504 ;
1575 445 1820 494 redeundo
1853 447 1911 494 de
1939 449 2072 511 pala-

294 533 357 580 tio
374 531 622 581 descendit
644 547 700 577 ex
724 545 848 592 equo
879 530 923 575 in
955 529 1099 576 domo
1123 529 1245 575 Rmi.
1274 532 1328 575 D.
1352 527 1605 575 cardinalis
1636 544 1674 574 s.
1702 527 1933 592 Dionysii,
1963 545 2072 577 cum

293 632 388 678 quo
423 620 591 678 postea
620 612 844 675 equitavit
878 612 934 658 ad
967 611 1162 658 domum
1197 611 1255 658 de
1291 611 1482 658 Bubalis
1514 627 1600 674 pro
1635 627 1692 658 eo
1727 610 2005 674 dispositam
2028 617 2076 660 et

294 699 581 746 ordinatam.
607 694 827 744 N'isitavit
848 698 1105 757 propterea
1132 694 1346 758 singulos
1374 693 1658 752 cardinales,
1685 693 1770 741 sed
1796 694 2073 757 paucissimi

295 781 559 828 reviserunt
578 779 752 842 ipsum.

361 863 493 912 Feria
515 865 699 926 quarta,
726 860 941 908 cinerum
964 865 1256 924 nuncupata,
1284 861 1327 908 iu
1357 861 1510 924 capite
1528 860 1721 924 jejunii,
1751 862 1835 907 SS.
1863 862 1924 908 D.
1945 863 1999 908 N.
2028 861 2074 908 in

294 947 478 1011 capella
497 946 680 1010 majore
699 943 859 1007 palatii
884 944 1152 1007 apostolici,
1179 945 1304 1008 apud
1326 961 1364 991 s.
1386 947 1599 1004 Petrum,
1621 943 1865 991 benedixit
1886 944 2075 992 cineres

294 1034 358 1087 ct,
388 1029 458 1077 eis
490 1028 646 1091 primo
681 1043 708 1073 a
742 1029 880 1073 Rmo.
919 1027 975 1072 D.
1010 1025 1239 1073 cardinali
1275 1042 1312 1072 s.
1349 1025 1563 1089 Dionysii
1595 1026 1818 1089 receptis,
1850 1026 2080 1090 imposuit

294 1112 397 1159 illas
417 1111 575 1159 eidem
598 1109 844 1169 cardinali,
871 1110 1044 1158 deinde
1067 1109 1170 1156 aliis
1193 1124 1327 1156 more
1349 1108 1506 1156 solito.
1534 1112 1646 1157 Post
1674 1109 1890 1157 cinerum
1912 1109 2072 1158 distri-

296 1194 562 1253 butionem,
588 1193 718 1241 dedit
748 1209 922 1255 aquam
950 1193 1170 1240 manibus
1200 1195 1326 1256 Pape
1361 1195 1522 1239 orator
1549 1192 1880 1251 Florentinus3
1906 1197 2071 1241 Rmus.

301 1281 354 1326 D.
381 1276 636 1325 cardinalis
670 1276 915 1340 predictus
950 1276 1210 1325 celebravit
1243 1275 1440 1323 missam
1475 1275 1772 1333 solemnem3
1805 1292 2079 1326 sermonem

298 1360 409 1409 fecit
449 1364 506 1408 D.
545 1360 866 1423 Hieronymus
906 1359 965 1407 de
1009 1362 1216 1417 Cesena,
1254 1359 1531 1422 capellanus
1569 1359 1693 1407 Rmi.
1730 1363 1786 1408 D.
1826 1359 2080 1408 cardinalis

298 1442 506 1490 Ascanii.
538 1442 643 1489 Alia
672 1441 924 1489 observata
951 1446 1058 1489 sunt
1085 1457 1220 1490 more
1248 1442 1406 1490 solito.
1436 1441 1591 1489 Finita
1623 1441 1786 1500 missa,
1819 1443 1901 1489 SS.
1935 1444 1991 1489 D.
2023 1444 2079 1490 N.

299 1524 458 1572 adhuc
479 1523 527 1570 in
556 1523 740 1587 capella
762 1524 989 1583 existens,
1016 1523 1208 1571 indulsit
1236 1523 1374 1571 nobis
1403 1524 1646 1587 magistris
1674 1524 2077 1583 ceremoniarum,

301 1605 579 1654 cantoribus
600 1610 740 1669 atque
770 1607 874 1654 aliis
897 1606 955 1655 de
979 1607 1162 1670 capella
1184 1623 1270 1654 sua
1292 1606 1624 1666 existentibus,
1648 1612 1697 1654 ut
1729 1607 1903 1670 singuli
1925 1623 2089 1670 posse-

304 1705 410 1737 mus
430 1689 610 1753 eligere
632 1689 771 1738 nobis
790 1690 1119 1738 confessorem
1137 1690 1215 1753 qui
1239 1705 1327 1737 nos
1346 1689 1562 1752 plenarie
1584 1690 1630 1737 in
1653 1691 1876 1739 omnibus
1892 1691 2082 1738 casibus

303 1772 448 1820 ctiam
480 1772 581 1820 sedi
610 1773 871 1835 apostolice
903 1773 1154 1820 reservatis
1179 1772 1445 1820 absolveret
1472 1776 1518 1819 et
1542 1772 1806 1835 plenariam
1832 1773 2087 1836 indulgen-

307 1855 421 1902 tiam
453 1859 500 1903 et
529 1856 866 1903 remissionem
900 1856 1117 1903 omnium
1146 1861 1457 1919 peccatorum
1490 1860 1763 1904 nostrorum
1794 1856 2085 1905 concederet

308 1943 355 1985 et
388 1938 517 2001 quod
551 1938 748 2002 singulis
785 1938 970 1996 diebus,
995 1934 1228 1987 visitando
1261 1939 1407 1988 altare
1442 1939 1596 2003 majus
1632 1939 1828 1988 basilice
1866 1956 1906 1987 s.
1937 1940 2084 1998 Petri,

309 2037 720 2084 consequeremur
741 2021 1089 2086 indulgentiam
1113 2023 1392 2071 stationum.
1439 2073 1445 2078 ,

375 2104 626 2152 Dominica
645 2105 801 2168 prima
821 2106 1207 2168 quadragesime.
1238 2100 1330 2169 que
1352 2106 1441 2154 fuit
1472 2110 1526 2153 17
1551 2105 1663 2154 dicti
1687 2106 1867 2154 mensis
1895 2105 2089 2153 februa-

310 2184 387 2246 rii,
425 2190 480 2234 R.
517 2187 563 2233 in
600 2188 788 2236 Christo
822 2192 874 2236 P.
901 2192 956 2236 D.
987 2189 1286 2247 Franciscus,
1318 2189 1572 2252 episcopus
1612 2190 1927 2247 Perusiensis,
1960 2189 2089 2237 cele-

314 2269 463 2318 bravit
491 2270 689 2317 missam
719 2271 960 2334 publicam
992 2271 1039 2317 in
1070 2271 1254 2334 capella
1283 2271 1514 2334 predicta,
1548 2274 1676 2334 Papa
1702 2275 1951 2335 presente3
1990 2287 2091 2320 ser-

313 2367 508 2400 monem
549 2352 663 2401 fecit
701 2353 847 2401 frater
886 2355 1055 2401 Petrus
1096 2354 1154 2406 de
1195 2357 1443 2412 Ranzano,
1487 2354 1667 2402 ordinis
1705 2355 2088 2417 predicatorum,

315 2435 591 2498 capellanus
610 2436 716 2483 Rmi
738 2439 794 2484 D.
821 2436 1075 2483 cardinalis
1098 2436 1491 2502 vicecancellarii,
1516 2452 1602 2500 pro
1624 2442 1937 2499 procuratore
1960 2437 2090 2501 ejus-

316 2517 427 2566 dem
455 2518 653 2566 ordinis.
678 2519 784 2566 Alia
804 2519 1052 2568 observata
1074 2523 1185 2567 sunt
1206 2535 1342 2568 more
1364 2520 1523 2568 solitu.

385 2602 494 2650 Heri
517 2603 713 2650 domina
733 2603 969 2662 Lucretia,
996 2603 1091 2650 filia
1114 2605 1197 2651 SS.
1222 2605 1278 2650 D.
1304 2604 1359 2649 N.
1384 2618 1523 2665 pape,
1550 2603 1708 2651 eundo
1730 2619 1816 2666 per
1837 2602 2095 2666 quamdam

318 2685 505 2732 vineam
550 2701 696 2733 causa
738 2687 911 2745 solatii,
953 2686 1127 2734 cecidit
1162 2686 1210 2733 in
1253 2686 1420 2748 plano,
1448 2686 1648 2749 expavit
1691 2691 1738 2734 et
1775 2686 1947 2734 exinde
1984 2686 2097 2733 fecit

266 2800 270 2804 -
320 2768 543 2815 abortum
565 2768 624 2815 de
646 2769 837 2817 femella
853 2770 954 2832 jam
977 2774 1228 2832 concepta,
1254 2769 1388 2832 cujus
1413 2769 1569 2816 alvum
1598 2770 1844 2833 gravidum
1865 2755 2103 2818 habebat.

391 2849 529 2897 Feria
559 2854 708 2906 sexta.
749 2855 806 2898 22
839 2851 950 2898 dicti
982 2851 1163 2898 mensis
1193 2850 1437 2910 februarii,
1475 2852 1770 2900 intraverunt
1804 2852 1980 2900 Urbem
2011 2868 2098 2915 per

324 2936 510 2997 portam
542 2933 767 2982 Viridarii
805 2934 932 2981 circa
963 2934 1132 2980 horam
1168 2950 1247 2980 xm
1279 2937 1332 2980 R.
1373 2933 1422 2980 in
1456 2933 1643 2982 Christo
1676 2938 1727 2982 P.
1769 2937 1824 2982 D.
1863 2934 2099 2983 Robertus

324 3015 580 3079 episcopus
606 3017 931 3076 Trecorensis,
960 3016 1244 3080 magnificus
1268 3016 1336 3063 vir
1362 3016 1584 3064 dominus
1611 3017 1855 3065 Johannes
1877 3017 1935 3065 de
1959 3020 2102 3066 Coet-

325 3115 454 3159 man,
499 3100 657 3159 miles,
694 3116 897 3164 magnus
930 3100 1159 3163 magister
1192 3100 1436 3148 Britannie
1472 3103 1518 3147 et
1553 3103 1608 3147 R.
1645 3100 1692 3147 in
1727 3101 1914 3150 Christo
1948 3104 1999 3148 P.
2041 3104 2097 3149 D.

323 3182 572 3230 Johannes
595 3183 657 3231 du
681 3183 880 3241 Bochet,
896 3183 1017 3247 juris
1041 3183 1286 3247 utriusque
1308 3183 1496 3241 doctor,
1515 3183 1640 3230 sedis
1662 3184 1921 3247 apostolice
1942 3188 2103 3247 proto-

327 3265 562 3324 notarius,
597 3266 906 3315 serenissime
936 3269 991 3314 D.
1022 3268 1159 3314 Anne
1188 3266 1351 3329 regine
1384 3265 1603 3324 Francie,
1636 3266 1827 3315 ducisse
1859 3265 2100 3314 Britannie

332 3353 564 3408 oratores,
602 3350 663 3397 ad
696 3349 1001 3414 prestandam
1048 3348 1370 3397 obedientiam
1413 3351 1497 3397 SS.
1536 3351 1591 3397 D.
1630 3352 1707 3409 N.‚
1743 3349 1936 3398 nominc
1976 3349 2102 3397 dicte
