2228 3938
205 378 416 422 [Decembre
436 378 532 420 1492]
655 375 824 413 RERUM
858 373 1161 417 URBANARUM
1194 371 1547 410 COMMENTARII.
1946 378 1989 414 21

204 480 552 532 recordationis
590 483 647 529 D.
685 479 819 528 Pauli
851 481 911 538 ΙΙ,
948 494 1061 527 cum
1091 478 1141 526 in
1177 478 1304 527 Urbe
1342 475 1529 534 fuisset,
1565 475 1728 524 locum
1761 477 1991 527 habuisse

205 569 316 614 ante
351 564 479 612 bone
514 562 746 612 memorie
786 561 1083 610 cardinalem
1122 563 1438 610 Mantuanum
1477 566 1592 610 tunc
1635 561 1857 609 ultimum
1891 562 1991 610 dia-

206 664 384 698 conum
403 647 728 707 cardinalem;
756 649 1153 711 perscrutataque
1183 661 1331 709 super
1356 644 1636 709 hujusmodi
1667 660 1777 693 mea
1797 660 1995 708 respon-

210 733 345 781 sione
389 737 462 780 est
500 731 737 780 Sanctitas
778 746 864 779 sua
899 729 1218 779 cardinalium
1252 729 1469 777 omnium
1504 728 1820 777 Sanctitatem
1861 744 1995 776 suam

209 815 628 864 circumstantium
647 819 774 874 vota,
792 813 932 862 nobis
953 813 1003 861 in
1021 812 1183 861 medio
1203 812 1328 860 inter
1342 827 1426 860 eos
1445 826 1609 860 coram
1626 811 1891 859 Sanctitate
1911 826 1997 859 sua

209 900 506 964 genuflexis3
532 899 698 947 RRmi.
730 901 832 946 DD.
868 897 1019 946 sancti
1045 896 1234 960 Angeli,
1270 913 1309 944 s.
1341 896 1612 955 Anastasie‚
1638 895 1928 944 camerarius
1950 899 1998 943 et

207 982 442 1030 Ascanius
464 981 513 1028 in
535 981 635 1028 suis
655 980 779 1028 votis
809 994 1037 1043 expresse
1066 979 1287 1027 dixerunt
1308 994 1360 1027 se
1381 977 1628 1026 recordari
1652 981 1757 1025 Don
1779 978 1996 1026 Francis-

203 1079 313 1114 cum
335 1064 450 1112 dicti
472 1067 530 1112 D.
558 1063 789 1111 Friderici
821 1078 1106 1127 germanum
1136 1066 1246 1126 post
1270 1077 1441 1127 omnes
1470 1063 1700 1112 diaconos
1726 1063 1994 1111 cardinales

200 1149 363 1200 locum
392 1148 653 1207 habuisse3
690 1145 821 1210 quod
850 1145 967 1194 licet
995 1145 1113 1193 mihi
1148 1144 1392 1194 videretur
1427 1161 1704 1206 erroneum,
1740 1151 1905 1195 tamen
1936 1146 1997 1194 ad

203 1235 298 1283 hoc
326 1232 447 1281 nihil
485 1230 731 1296 respondi.
763 1230 1083 1279 Interlocutus
1122 1234 1281 1278 tamen
1321 1229 1389 1277 fui
1430 1230 1563 1277 illum
1602 1230 1994 1294 quartogenitum

205 1321 337 1369 hunc
357 1323 521 1368 autem
543 1314 976 1380 secundogenitum
995 1330 1120 1373 esse,
1149 1318 1198 1363 et
1217 1318 1476 1378 propterea
1501 1314 1628 1363 inter
1653 1329 1737 1362 eos
1770 1329 1996 1377 magnam

205 1403 548 1454 differentiam.
583 1400 900 1464 Interrogavit
936 1398 1310 1462 interloquendo
1342 1401 1507 1446 Rmus.
1543 1402 1600 1447 D.
1631 1398 1867 1446 Ascanius
1892 1398 1998 1460 quis

207 1488 365 1551 maj0r
383 1503 444 1534 an
466 1488 523 1534 D.
546 1484 819 1534 Fridericus
840 1483 917 1532 vel
938 1483 1035 1531 dux
1052 1482 1330 1531 Mediolani.
1355 1482 1599 1546 Respondi
1620 1484 1676 1529 D.
1700 1481 1998 1529 Fridericum

201 1572 348 1635 longe
386 1570 623 1634 majorem
667 1584 775 1616 esse
817 1567 945 1631 apud
987 1582 1094 1625 nOS‚
1132 1566 1401 1615 secundum
1440 1569 1606 1614 nostra
1633 1563 1995 1621 ceremonialia,

202 1656 325 1704 duce
373 1652 652 1711 Mediolani,
691 1651 923 1716 quoniam
964 1666 1060 1700 non
1100 1650 1255 1699 solum
1293 1650 1402 1698 duci
1436 1648 1695 1698 Mediolani
1732 1647 1819 1696 sed
1851 1647 1995 1695 etiam

210 1738 501 1789 electoribus
535 1737 729 1801 Imperii
757 1736 912 1784 filium
948 1735 1075 1798 regis
1109 1750 1465 1799 quemcumque
1492 1732 1835 1798 preferendum
1867 1747 1992 1779 esse.

214 1826 384 1872 RmuS.
410 1825 467 1871 D.
493 1821 751 1870 cardinalis
773 1824 938 1868 sancte
959 1819 1110 1868 Marie
1131 1813 1181 1866 in
1197 1819 1391 1867 Porticu
1410 1818 1529 1867 dixit
1550 1821 1661 1866 ante
1682 1820 1844 1865 votum
1863 1831 2001 1862 suum

216 1907 263 1953 in
285 1910 453 1954 nostra
468 1904 712 1969 presentia
731 1903 993 1952 votandum
1014 1918 1119 1951 non
1134 1918 1269 1962 esse3
1295 1903 1381 1951 sed
1407 1918 1517 1950 cum
1539 1904 1666 1966 Papa
1687 1899 2005 1964 responderet

215 1989 307 2037 hec
338 1988 478 2036 nobis
511 1986 860 2036 committenda
893 1990 940 2034 et
978 1985 1332 2034 manifestanda
1362 2002 1489 2045 esse,
1521 1989 1781 2049 propterea
1809 1999 1899 2031 nos
1937 1983 2005 2030 eis

216 2071 487 2131 advertere,
520 2076 682 2119 votum
710 2070 842 2119 dedit
869 2070 1159 2119 remittendo
1200 2085 1251 2118 se
1275 2070 1460 2134 judicio
1489 2073 1546 2118 D.
1580 2069 1796 2133 episcopi
1827 2068 2006 2116 Pienti—

214 2156 379 2207 nensis
401 2170 545 2219 quem
565 2154 724 2203 vocari
752 2153 893 2213 fecit3
921 2154 1050 2218 quod
1071 2170 1180 2201 cum
1205 2153 1310 2201 fieri
1336 2168 1434 2200 non
1455 2156 1637 2217 posset,
1662 2167 1772 2200 cum
1795 2156 1923 2199 esset
1944 2151 2005 2198 ad

212 2240 553 2290 associandum
595 2238 778 2287 dictum
823 2241 881 2286 D.
923 2237 1221 2286 Fridericum
1266 2251 1354 2301 per
1392 2235 1688 2284 cardinalem
1737 2237 2004 2283 Senensem

212 2325 407 2383 missuS‚
444 2323 598 2371 noluit
626 2321 943 2370 nihilominus
976 2335 1063 2384 per
1092 2323 1257 2368 votum
1292 2333 1433 2367 suum
1469 2318 1576 2382 ejus
1607 2316 1755 2365 finem
1790 2316 2006 2380 acquies-

214 2423 344 2467 cere,
369 2412 415 2456 et
437 2407 557 2455 dixit
578 2422 629 2454 se
654 2422 751 2454 non
772 2410 951 2454 votare.

279 2492 385 2539 Fuit
413 2490 610 2539 tandem
642 2506 701 2538 ex
727 2489 849 2537 votis
877 2488 1076 2552 majoris
1103 2488 1252 2551 partis
1283 2486 1600 2534 cardinalium
1628 2501 1717 2549 per
1748 2487 1833 2534 SS.
1861 2488 1915 2533 D.
1942 2489 1998 2534 N.

210 2573 493 2623 conclusum
515 2572 646 2636 quod
673 2572 769 2620 duo
785 2571 1006 2636 juniores
1036 2570 1228 2619 diaconi
1261 2570 1533 2618 cardinales
1565 2570 1747 2617 dictum
1779 2571 1835 2617 D.
1863 2569 2010 2617 Fede-

212 2658 368 2706 ricum
403 2656 464 2705 ad
494 2655 739 2720 pontificis
778 2654 1074 2719 presentiam
1111 2654 1436 2712 associarent,
1479 2658 1528 2701 et
1563 2652 1694 2716 quod
1725 2653 1862 2701 locus
1899 2657 2009 2700 ante

216 2739 439 2787 ultimum
460 2738 718 2786 diaconum
741 2736 1039 2786 cardinalem
1061 2737 1273 2796 daretur,
1296 2753 1356 2785 ex
1377 2753 1435 2785 eo
1454 2737 1584 2800 quod
1600 2736 1828 2784 eumdem
1848 2736 2011 2783 locum

214 2823 332 2879 alias
363 2822 632 2881 habuisset,
676 2825 723 2869 et
761 2820 892 2884 quod
924 2819 1072 2867 hodie
1111 2823 1309 2883 propter
1346 2818 2011 2882 obedientie-prestationem

213 2908 340 2955 inter
376 2904 645 2973 cardinales
681 2919 780 2952 non
814 2904 1025 2962 sederet,
1058 2903 1145 2952 sed
1182 2906 1334 2951 staret
1366 2918 1477 2950 cum
1506 2902 1610 2950 aliis
1639 2902 2008 2950 conoratoribus

217 2991 314 3039 suis
349 2992 458 3053 post
489 2988 798 3053 presbyteros
843 2987 1113 3037 cardinales
1149 2987 1199 3035 in
1238 2986 1348 3035 loco
1406 2991 1659 3035 consuet0.
1703 2986 2008 3034 Adveniente

212 3072 388 3121 deinde
409 3073 469 3120 ad
489 3071 724 3136 palatium
757 3074 812 3119 D.
849 3071 1095 3120 Friderico
1122 3069 1358 3135 predicto,
1392 3083 1453 3116 ne
1484 3073 1675 3132 tempus
1703 3067 2005 3132 perderetur,

210 3159 444 3204 venerunt
472 3156 514 3204 ei
544 3155 736 3204 obviam
772 3171 928 3218 usque
965 3155 1026 3203 ad
1059 3153 1213 3202 scalas
1254 3152 1303 3199 in
1335 3151 1479 3215 plano
1513 3166 1706 3199 camere
1743 3149 2006 3214 apostolice

213 3238 580 3300 respondentes,
612 3239 780 3286 RRmi.
822 3241 922 3286 DD.
958 3238 1192 3286 Ascanius
1221 3234 1645 3283 vicecancellarius
1677 3238 1724 3282 et
1760 3233 1818 3282 de
1842 3238 2007 3280 sancto

213 3320 458 3381 Severino,
481 3322 636 3370 ultimi
657 3323 752 3370 duo
784 3322 974 3371 diaconi
1005 3321 1275 3370 cardinales
1302 3334 1358 3367 ac
1379 3318 1542 3382 plures
1575 3333 1634 3366 ex
1665 3316 2002 3366 assistentibus

214 3404 361 3464 Pape,
385 3399 464 3447 ubi
487 3400 576 3464 ipsi
598 3403 865 3451 cardinales
894 3405 948 3452 D.
975 3403 1274 3451 Fridericum
1297 3406 1344 3450 et
1365 3400 1645 3448 assistentes
1670 3406 1766 3448 tres
1788 3398 1998 3462 prelatos

216 3499 272 3532 ac
298 3484 472 3532 ducem
499 3486 546 3531 et
574 3487 672 3531 tres
701 3485 903 3534 comites
937 3485 1156 3547 superius
1188 3483 1463 3532 nominatos
1494 3497 1550 3529 ac
1582 3485 1638 3529 D.
1673 3480 1905 3528 Aloisium
1934 3477 1993 3524 de
