2202 3926
128 302 212 344 [nai
231 301 326 342 1493]
412 275 421 289 '
566 299 738 338 RERUM
773 298 1081 336 URBANARUM
1113 298 1467 339 COMMENTARII.
1867 305 1914 341 79

129 405 390 455 multarum
425 403 703 464 mulierum,
742 402 994 468 potissime
1020 402 1350 467 pulchrarum,
1382 404 1598 468 projecte
1627 405 1839 463 fuerunt,
1867 409 1915 452 et

126 489 222 538 hoc
261 489 322 538 ad
355 489 595 538 honorem
629 493 678 539 et
714 488 910 536 laudem
954 487 1302 551 omnipotentis
1342 487 1431 536 Dei
1474 492 1523 537 et
1563 487 1780 536 Ecclesie
1815 491 1910 535 Ro-

129 589 272 622 mane
300 572 380 638 (1).

190 657 467 706 Alexander
513 656 919 707 consuetudinem
960 658 1064 722 jam
1109 661 1302 722 ceptam
1343 673 1432 722 per
1471 655 1810 705 Innocentium
1856 656 1915 703 de

123 741 397 790 maritanda
428 741 563 806 prole
594 741 831 791 feminina
858 745 1184 807 prosequutus
1213 746 1288 790 est
1324 745 1372 791 et
1392 741 1651 806 ampliavit.
1674 740 1917 789 Incumbit

125 825 273 890 igitur
294 825 453 874 clerus
475 825 651 885 omniS,
685 829 734 874 et
760 826 955 889 quidem
982 842 1092 874 cum
1120 826 1386 890 diligentia,
1418 825 1547 873 circa
1566 825 1785 874 sobolem
1806 839 1920 889 pro-

130 909 411 959 creandam.
451 912 619 974 Itaque
660 926 689 958 a
726 911 913 974 majore
958 926 1110 974 usque
1151 910 1211 958 ad
1243 910 1501 958 minimum
1535 910 1833 958 concubinas
1872 908 1922 955 in

130 994 286 1059 figura
317 994 636 1053 matrimonii,
679 997 726 1042 et
759 994 956 1057 quidem
982 993 1196 1057 publice,
1221 993 1443 1042 attinent.
1467 992 1608 1050 Quod
1634 993 1727 1040 nisi
1760 1008 1789 1040 a
1818 994 1919 1039 Deo

123 1078 446 1144 provideatur,
485 1077 709 1128 transibit
736 1077 831 1126 1166
867 1077 1115 1141 corruptio
1143 1094 1298 1142 usque
1332 1077 1394 1126 ad
1426 1076 1698 1126 monachos
1727 1079 1776 1125 et
1810 1075 1923 1124 reli-

127 1164 308 1227 310305,
351 1162 570 1227 quamvis
609 1162 913 1211 monasteria
947 1160 1090 1210 Urbis
1131 1162 1269 1225 quasi
1307 1163 1471 1212 omnia
1507 1163 1612 1229 jam
1658 1161 1786 1211 facta
1825 1160 1920 1208 sint

124 1246 394 1312 lupanaria,
417 1246 614 1297 nemine
639 1245 1004 1296 contradicente
1030 1232 1111 1312 (2).

174 1413 208 1449 1.
235 1411 332 1459 Voy.
355 1405 615 1459 Gregorovius,
636 1411 792 1447 Luereee
811 1411 962 1456 Boryza,
985 1409 1044 1448 ch.
1063 1409 1146 1448 V11.

172 1472 209 1510 2.
240 1470 344 1508 Cette
370 1469 611 1507 assimilation
636 1470 702 1507 des
727 1469 902 1518 lupanars
932 1482 1006 1507 aux
1030 1474 1207 1508 couvents
1241 1470 1286 1507 de
1310 1470 1444 1519 jeunes
1470 1469 1564 1506 filles
1596 1469 1736 1507 revient
1767 1475 1923 1507 souvent

126 1543 214 1569 sous
234 1530 269 1568 la
288 1530 410 1579 plume
430 1530 495 1567 des
521 1529 702 1568 ecrivains
729 1531 779 1567 du
803 1537 868 1567 xv⁰
889 1530 1019 1578 siecle;
1041 1543 1081 1567 ce
1108 1530 1171 1580 qui
1192 1530 1397 1579 s'explique
1423 1530 1607 1567 d'ailleurs
1631 1541 1698 1578 par
1716 1529 1751 1566 la
1771 1542 1920 1578 corrup-

124 1591 200 1629 tion
221 1593 382 1628 extreme
401 1590 451 1627 du
471 1590 592 1639 cierge
612 1589 773 1639 regulier
790 1594 828 1628 et
847 1590 1014 1629 seculier.
1031 1590 1082 1627 Le
1098 1590 1210 1640 pieux
1230 1595 1267 1628 et
1286 1595 1416 1628 savant
1435 1591 1480 1627 de
1502 1590 1711 1640 Clemengis
1725 1590 1836 1628 disait
1849 1603 1920 1639 que

122 1651 176 1688 les
197 1655 375 1688 couvents
395 1650 442 1687 de
462 1650 606 1699 vierges
631 1649 769 1687 etaient
794 1650 1044 1687 d'execrables
1067 1650 1259 1700 lupanars,
1282 1654 1319 1688 et
1339 1662 1410 1699 que
1430 1650 1520 1687 faire
1545 1651 1701 1699 prendre
1728 1651 1760 1687 le
1786 1650 1879 1688 voile
1899 1653 1919 1687 a

123 1722 196 1747 une
209 1710 321 1759 jeune
339 1709 412 1746 fille
432 1709 521 1747 etait
539 1708 575 1745 la
594 1712 710 1746 meme
736 1709 849 1747 chose
870 1722 941 1759 que
968 1709 1001 1747 la
1021 1722 1135 1748 vouer
1155 1713 1177 1747 a
1202 1710 1238 1747 la
1262 1710 1514 1760 prostitution.
1540 1726 1558 1745 «
1645 1711 1804 1748 Restant
1822 1723 1920 1747 nune

124 1769 211 1808 solae
229 1769 420 1816 moniales,
443 1773 483 1806 ut
501 1773 663 1806 nostram
683 1769 930 1807 narrationem
949 1770 1257 1819 quemadmodum
1276 1769 1424 1819 polliciti
1441 1782 1584 1817 sumus,
1601 1782 1624 1808 a
1638 1782 1780 1807 summo
1799 1769 1918 1819 capite

122 1841 241 1878 usque
259 1830 307 1867 ad
326 1833 489 1867 extrema
506 1827 680 1876 vestigia,
702 1828 801 1867 nullo
824 1830 1074 1879 praetermisso
1093 1831 1225 1879 gradu,
1248 1830 1487 1869 deducamus.
1509 1830 1564 1867 De
1590 1830 1647 1868 his
1667 1834 1789 1868 autem
1813 1830 1917 1880 plura

123 1889 243 1926 dicere
265 1889 348 1936 (etsi
367 1889 472 1937 plura
485 1899 567 1936 quae
583 1887 655 1923 dici
674 1894 840 1937 possent,
857 1890 1115 1938 suppetebant)
1131 1889 1352 1927 verecundia
1364 1889 1536 1938 prohibet
1545 1902 1591 1927 ne
1605 1902 1679 1928 non
1693 1891 1738 1927 de
1750 1894 1830 1927 cetu
1843 1889 1917 1926 vir-

122 1949 250 1998 ginum
270 1949 347 1986 Deo
367 1949 588 1994 dedicatum,
614 1948 679 1984 sed
703 1948 824 1996 magis
850 1948 896 1984 de
915 1948 1169 1997 lupanaribus,
1193 1949 1238 1985 de
1251 1948 1347 1986 dolis
1368 1953 1404 1985 et
1423 1950 1593 1997 procacia
1606 1951 1849 1996 meretricum,
1872 1951 1916 1986 de

126 2009 264 2059 stupris
291 2012 329 2046 et
354 2008 578 2046 incestuosis
609 2008 782 2057 operibus
814 2009 1027 2057 pudendum
1063 2021 1268 2046 sermonem
1299 2008 1441 2057 prolixe
1467 2009 1668 2047 trahamus.
1696 2010 1803 2055 Nam,
1830 2009 1917 2057 quid

123 2070 276 2108 obsecro
296 2069 396 2106 aliud
417 2073 505 2106 sunt
523 2069 594 2105 hoc
612 2072 775 2116 tempore
793 2068 995 2117 puellarum
1016 2069 1239 2106 monasteria
1256 2068 1329 2105 nisi
1345 2069 1513 2117 quaedam
1533 2081 1607 2105 non
1627 2069 1709 2105 dico
1724 2068 1790 2106 Dei
1808 2080 1915 2106 sanc-

122 2129 253 2175 tuaria,
277 2129 342 2166 sed
361 2127 517 2166 Veneris
538 2127 744 2165 execranda
763 2128 983 2176 prostibula,
1007 2129 1073 2166 sed
1093 2128 1313 2166 lascivorum
1334 2133 1370 2166 et
1392 2128 1659 2176 impudicorum
1675 2129 1852 2178 juvenum
1871 2129 1918 2166 ad

121 2189 293 2226 libidines
313 2188 514 2237 explendas
535 2187 788 2237 receptacula?
809 2192 850 2225 ut
874 2188 971 2225 idem
998 2188 1107 2226 hodie
1130 2189 1178 2226 sit
1196 2188 1355 2238 puellam
1380 2188 1502 2226 velare
1523 2189 1622 2236 quod
1642 2192 1678 2225 et
1706 2187 1850 2237 publice
1869 2188 1915 2225 ad

121 2249 356 2287 scortandum
394 2260 577 2299 exponere
582 2263 700 2286 .....
738 2247 911 2285 Nicolaus
951 2248 1163 2298 Clemangis
1202 2248 1483 2286 archidiaconus
1521 2248 1750 2297 Bajocensis,
1790 2249 1917 2285 doctor

122 2309 266 2347 Sanctae
285 2308 497 2358 Theologiae
517 2307 756 2354 Parisiensis,
778 2311 829 2345 De
848 2313 1019 2357 corrupto
1041 2310 1215 2346 Ecclesiae
1234 2314 1348 2355 statu,
1364 2321 1476 2346 causa
1494 2309 1662 2355 XXXVI,
1683 2320 1719 2357 p.
1742 2308 1802 2354 46,
1823 2308 1916 2345 dans

120 2368 154 2405 le
176 2370 366 2406 Tractatus
387 2369 431 2406 de
443 2369 548 2406 modo
569 2369 757 2406 Generalis
769 2369 925 2406 Concilii
945 2370 1154 2407 celebrandi
1173 2381 1239 2418 per
1260 2369 1303 2407 G.
1321 2370 1537 2406 Durandum
1557 2367 1770 2418 episcopum
1784 2367 1914 2406 Mima-

118 2433 275 2475 tensem,
302 2428 473 2475 Parisiis,
502 2429 608 2474 1671,
635 2428 732 2467 in-8.
761 2429 857 2478 Voy.
879 2429 973 2466 dans
1000 2442 1040 2466 ce
1066 2429 1213 2467 dernier
1241 2441 1404 2479 ouvrage
1430 2429 1464 2466 16
1490 2427 1574 2466 titre
1600 2426 1752 2473 XXXV,
1779 2439 1816 2476 p.
1844 2428 1914 2464 305

123 2504 142 2523 «
170 2489 214 2526 de
234 2490 397 2531 luxuria,
423 2489 712 2532 inordinatione,
741 2494 776 2526 et
801 2490 1068 2527 cohabitatione
1095 2491 1308 2527 elericorum
1336 2494 1369 2527 et
1395 2491 1591 2526 mulierum
1610 2492 1644 2525 et
1664 2488 1914 2534 voluptatibus

118 2550 314 2586 evitandis.
336 2563 356 2582 »
378 2548 410 2586 J.
433 2548 474 2587 F.
497 2547 563 2585 Pic
582 2548 628 2585 de
647 2547 683 2586 la
701 2548 920 2595 MIrandole,
941 2549 1035 2586 dans
1057 2562 1126 2587 son
1158 2550 1327 2587 discours
1355 2561 1418 2586 sur
1443 2549 1478 2585 la
1500 2548 1654 2585 reforme
1674 2547 1740 2584 des
1761 2558 1912 2591 moeurs,

123 2608 318 2658 s'exprime
338 2607 432 2645 dans
465 2608 531 2644 des
563 2612 697 2645 termes
718 2608 936 2658 analogues.
960 2625 980 2643 «
1075 2609 1171 2655 Quid
1190 2609 1304 2655 aliud,
1325 2610 1436 2646 Pater
1456 2606 1714 2653 Sanctissime,
1735 2606 1915 2651 Quidnam

122 2669 221 2706 aliud
247 2669 355 2706 nobis
381 2668 587 2716 intelligere
619 2668 754 2705 debere
787 2681 897 2717 quam
924 2681 1048 2706 sacras
1082 2670 1181 2707 aedes
1208 2674 1246 2707 et
1276 2669 1411 2718 templa
1435 2667 1631 2705 lenonibus
1658 2670 1695 2703 et
1726 2666 1916 2714 catamytis

124 2731 233 2764 antea
257 2727 467 2774 commissa,
506 2739 616 2775 quam
643 2728 795 2765 nefariis
817 2728 914 2777 lupis
941 2729 1067 2778 optimi
1092 2729 1253 2778 pastoris
1280 2728 1390 2766 ovilia
1415 2727 1645 2772 demandata,
1669 2735 1777 2774 quam
1802 2723 1915 2773 virgi-

122 2786 233 2824 nibus
254 2787 339 2824 olim
359 2787 479 2824 dicata
497 2787 682 2836 plerisque
702 2787 740 2824 in
766 2788 921 2826 urbibus
942 2793 1048 2838 septa
1067 2788 1105 2825 in
1130 2788 1353 2826 meretricios
1375 2788 1544 2825 formices
1570 2791 1606 2824 et
1632 2786 1807 2823 obscoena
1830 2785 1913 2822 lati-

121 2847 208 2884 bula
226 2846 343 2884 fuisse
364 2848 611 2886 conversa?...
635 2863 655 2882 »
678 2849 720 2887 P.
743 2849 974 2895 Mirandulae,
991 2850 1110 2896 Opera
1130 2851 1265 2894 omnia,
1283 2848 1451 2894 Basileae,
1466 2847 1527 2885 fol.
1546 2848 1652 2893 1601,
1665 2850 1693 2884 1.
1710 2847 1756 2892 ΙΙ,
1769 2858 1806 2895 p.
1822 2846 1911 2883 886:

123 2908 172 2944 ad
199 2907 350 2944 Leonem
374 2908 408 2943 X
435 2911 471 2944 et
495 2907 699 2945 Concilium
726 2910 882 2947 lateran.
910 2909 990 2947 Joh.
1018 2911 1207 2946 Francisei
1231 2911 1312 2946 Pici
1331 2908 1554 2947 Mirandulae
1571 2908 1711 2943 domini
1733 2907 1777 2942 de
1794 2907 1914 2951 refor-

122 2969 268 3005 mandis
285 2967 446 3004 moribus
463 2969 593 3005 oratio.
618 2982 636 3001 »
658 2967 783 3006 Pierre
804 2969 990 3018 Dauphin,
1013 2969 1106 3006 dans
1133 2981 1206 3006 une
1239 2967 1343 3006 lettre
1364 2971 1386 3006 a
1410 2969 1452 3006 P.
1476 2967 1680 3014 Barrotius,
1702 2969 1841 3014 aveque
1867 2966 1912 3002 de

122 3027 284 3074 Padoue,
307 3039 371 3064 sur
389 3027 424 3064 la
443 3027 628 3064 necessita
648 3032 685 3066 et
704 3028 739 3066 la
758 3029 934 3067 difficulte
955 3029 1000 3065 de
1019 3029 1193 3067 reformer
1212 3029 1265 3067 les
1285 3032 1512 3067 monasteres
1533 3028 1578 3065 de
1597 3026 1704 3071 filies,
1733 3024 1882 3063 ecrivait
1904 3036 1912 3060 ε

125 3101 143 3119 «
242 3087 500 3125 Reformandis
522 3087 707 3136 virginum
732 3089 965 3127 monasteriis
992 3089 1199 3139 apposuisti
1229 3102 1391 3128 manum.
1424 3089 1598 3138 Apponat
1622 3098 1746 3123 secum
1772 3089 1806 3122 et
1828 3096 1915 3121 suas

124 3145 313 3184 Dominus.
338 3148 402 3185 Est
420 3147 517 3184 enim
537 3159 596 3184 res
623 3147 798 3198 indigens
823 3149 1058 3198 potissimum
1086 3150 1222 3188 auxilio
1249 3150 1330 3188 Dei.
1353 3150 1540 3195 Quantum
1565 3146 1791 3184 difficultatis
1811 3145 1849 3182 in
1876 3157 1913 3181 se

123 3205 269 3252 habeat,
290 3207 381 3244 satis
398 3207 487 3244 mihi
507 3211 682 3256 expectas
702 3208 842 3256 videor,
865 3208 916 3246 ita
935 3212 977 3246 ut
995 3209 1188 3247 verissime
1203 3209 1380 3258 scriptum
1399 3213 1524 3258 putem
1541 3220 1549 3246 :
1565 3206 1692 3245 Brevis
1712 3210 1770 3244 est
1794 3204 1912 3243 omnis

124 3264 274 3311 malitia,
295 3277 405 3314 super
423 3267 598 3305 malitiam
616 3269 821 3306 mulierum.
847 3285 865 3303 «
886 3270 1026 3314 Romae,
1042 3269 1101 3307 die
1115 3270 1182 3307 VII
1194 3269 1283 3307 Maii
1298 3271 1403 3308 1492.
1420 3284 1439 3303 »
1458 3271 1571 3316 (Petri
1584 3269 1759 3316 Delphini
1770 3268 1908 3314 Epist..

122 3324 185 3363 lib.
209 3325 272 3370 111,
293 3325 402 3373 epist.
422 3326 605 3374 XXXIV).
627 3328 727 3366 Dans
749 3341 817 3366 son
846 3328 1154 3378 vingt-troisieme
1183 3341 1328 3366 sermon
1353 3330 1487 3377 preche
1510 3328 1673 3377 pendant
1697 3326 1840 3364 l'Avent
1866 3325 1909 3360 de

122 3384 263 3422 l’annee
288 3385 392 3430 1493,
417 3384 637 3424 Savonarole
656 3386 782 3435 disait,
800 3401 845 3426 en
868 3389 1013 3438 pax-lant
1032 3389 1098 3426 des
1118 3391 1257 3438 pretres
1280 3399 1289 3425 :
1314 3402 1333 3421 «
1420 3388 1551 3425 Hanno
1571 3398 1705 3425 ancora
1729 3384 1908 3422 maculato

118 3444 361 3484 d'immudizia
376 3456 396 3481 e
416 3443 453 3481 di
473 3444 645 3493 spurcitie
663 3445 688 3483 il
702 3447 934 3487 tabernacolo
954 3453 1018 3486 tuo
1022 3473 1113 3494 ......
1133 3448 1273 3493 Questo
1293 3447 1325 3485 si
1346 3450 1419 3496 puo
1443 3459 1592 3496 esporre
1617 3448 1683 3484 che
1705 3449 1724 3482 e
1745 3456 1819 3482 non
1838 3443 1869 3479 ci
1888 3446 1906 3478 ὲ
