2216 3886
899 265 1184 322 APPENDICE.
1863 284 1933 321 000

155 387 414 429 referamus.
435 387 728 429 Diaconorum
750 387 948 429 ordinem
972 401 996 429 a
1019 388 1137 428 tribu
1162 389 1264 429 Levi
1286 391 1329 428 et
1352 387 1453 429 inde
1478 387 1580 429 dicti
1602 387 1731 429 levite
1746 387 1789 427 in
1817 387 1935 427 auxi-

151 454 260 495 lium
281 455 500 507 assumpti
520 454 800 496 sacerdotum
825 454 1041 507 originem
1070 453 1333 505 produxisse
1356 454 1602 495 communis
1629 457 1746 495 extat
1761 453 1906 504 opinio
1925 466 1935 491 ε

157 522 397 565 observant
426 521 633 573 quicquid
665 521 720 562 ad
748 521 828 562 Dei
857 521 1021 561 cultum
1053 521 1250 561 noscitur
1275 521 1511 572 pertinere,
1534 519 1806 561 tabernaculi
1830 530 1936 559 vasa

156 587 434 638 custodiunt3
470 587 616 629 divino
650 586 893 628 ministerio
924 586 1180 627 servientes.
1206 586 1310 626 Hinc
1338 586 1508 627 diaconi
1536 585 1787 627 Cardinales
1815 577 1938 624 suni-

158 664 280 693 mum
300 652 552 694 Pontificem
572 653 764 694 medium
788 653 907 694 velut
931 653 1105 693 archam
1128 652 1291 694 federis
1320 654 1401 695 soli
1425 654 1671 706 deportant,
1691 652 1938 693 Pontificem

154 720 351 760 medium
381 719 438 760 ab
466 719 756 771 oppressione
789 717 1045 759 defendunt.
1075 718 1359 760 Sacerdotum
1390 721 1785 772 episcoporumque
1819 728 1940 758 sacer

156 786 449 828 Cardinalium
473 789 596 826 cetus
615 786 916 837 subsequitur,
940 785 995 825 de
1016 795 1204 836 quorum
1227 786 1451 826 veteribus
1471 786 1681 826 institutis
1702 785 1806 825 alibi
1833 786 1875 824 et
1896 784 1941 823 in

150 851 421 903 compendiis
439 851 549 891 meis
563 851 695 891 latius
715 849 975 903 degustabis
1000 862 1008 888 :
1031 849 1281 890 sacerdotes
1303 850 1505 901 planetas
1527 862 1637 903 quas
1659 861 1741 890 nos
1764 849 1941 889 casulas

151 916 380 957 distinctas
403 927 510 957 auro
534 928 543 956 ε
565 916 770 968 Episcopi
791 914 998 967 pluv1alia
1021 914 1218 965 preciosa
1241 915 1404 968 singuli
1425 916 1581 956 mitras
1603 927 1654 956 ex
1674 916 1811 955 serico
1840 925 1944 954 con-

152 982 288 1023 fectas
306 981 552 1023 deferentes
566 980 821 1022 Pontificem
841 980 1069 1021 anteibant
1094 993 1103 1020 ε
1127 980 1296 1021 Medius
1313 981 1492 1022 tandem
1513 982 1628 1021 inter
1647 981 1775 1021 binos
1799 980 1942 1021 diaco-

153 1058 235 1088 nos
250 1046 504 1089 Cardinales
520 1047 749 1100 egreditur
760 1045 1005 1087 Alexander
1019 1045 1147 1097 cujus
1162 1057 1244 1099 ego
1259 1047 1454 1087 humeris
1468 1048 1723 1088 inherebam
1738 1046 1945 1086 manibus

152 1113 328 1154 mitram
347 1116 530 1166 gestans
551 1112 788 1164 aliquando
804 1112 1007 1164 thyaram
1028 1110 1188 1152 diversi
1208 1112 1391 1164 generis
1409 1113 1758 1164 preciosissimos
1774 1111 1945 1163 lapides

155 1179 430 1220 continentes
449 1191 458 1218 :
481 1179 618 1220 secuti
637 1181 742 1220 sunt
761 1177 1079 1230 prothonotarii
1094 1180 1137 1218 et
1159 1178 1302 1218 omnis
1316 1178 1470 1218 militia
1488 1179 1742 1219 clericorum
1757 1188 1947 1229 quorum

155 1247 305 1285 tantus
324 1247 417 1285 erat
436 1256 649 1286 numerus
669 1247 718 1285 ut
735 1247 778 1285 et
798 1247 961 1285 terram
978 1243 1145 1284 calcare
1165 1255 1255 1284 non
1278 1256 1452 1295 posses.
1477 1244 1683 1285 Substitit
1700 1243 1757 1284 ad
1781 1243 1948 1294 primos

156 1310 324 1364 gradus
350 1311 471 1351 beati
493 1311 607 1351 Petri
628 1310 858 1352 vestibulis
878 1310 1144 1350 adherentes
1166 1310 1243 1351 ubi
1265 1313 1411 1363 tapeto
1433 1310 1595 1351 calcato
1623 1313 1671 1350 ut
1691 1312 1854 1350 terram
1875 1309 1951 1349 de-

157 1377 324 1429 spicere
345 1380 388 1417 et
408 1387 556 1417 amare
570 1376 749 1416 celestia
767 1375 906 1416 discat
924 1376 1160 1417 :deaurata
1177 1376 1282 1417 sede
1293 1377 1528 1428 quiescens
1543 1375 1723 1416 basilice
1740 1374 1949 1426 principis

157 1441 462 1494 apostolorum
479 1442 715 1482 canonicos
729 1439 1015 1493 precedentes
1035 1441 1091 1481 ad
1110 1441 1260 1482 oscula
1274 1442 1438 1493 pedum
1459 1442 1651 1494 benigne
1665 1441 1827 1492 recepit
1845 1452 1854 1479 ε
1873 1441 1950 1480 Sa-

156 1509 314 1561 cellum
335 1509 454 1560 quod
485 1509 584 1549 divo
607 1507 796 1549 Andreae
812 1507 913 1548 Pius
935 1507 1156 1548 secundus
1177 1507 1374 1559 pontifex
1399 1508 1620 1548 maximus
1648 1506 1862 1547 dedicavit
1882 1517 1950 1546 as-

157 1575 317 1624 cendit,
330 1575 407 1615 ubi
424 1575 577 1615 altiore
593 1585 726 1615 aurea
743 1573 848 1614 sede
869 1574 1014 1627 papali
1030 1574 1282 1615 cardinales
1302 1573 1502 1626 singulos
1519 1573 1767 1622 inclinatos,
1787 1572 1952 1623 capite-

157 1652 244 1694 que
267 1641 460 1682 detectos
479 1641 668 1693 primum
691 1640 749 1681 ad
766 1639 1079 1689 obedientiam,
1099 1640 1185 1680 illis
1207 1640 1263 1680 ad
1287 1639 1503 1688 osculum,
1527 1638 1718 1691 pluviale
1749 1640 1953 1690 presente

158 1709 374 1759 porrecta,
396 1705 588 1747 fraterne
607 1707 786 1758 recepit.
809 1708 924 1747 Dum
945 1717 1067 1747 sacra
1098 1706 1322 1746 continuat
1351 1716 1578 1746 sacrorum
1604 1705 1790 1745 antistes
1821 1714 1954 1755 quem

158 1772 422 1826 magistrum
449 1772 800 1813 ceremoniarum
824 1772 959 1825 vulgo
987 1771 1211 1822 describit,
1235 1775 1440 1824 stuppam
1465 1771 1673 1813 arundini
1698 1771 1954 1823 impositam

160 1838 282 1879 brevi
302 1839 404 1891 igne
424 1839 689 1879 comburens
715 1839 758 1879 in
779 1838 925 1879 medio
944 1840 1013 1878 ter
1031 1837 1192 1878 clamat
1213 1838 1408 1878 ecclesiae
1428 1849 1518 1878 non
1533 1837 1578 1878 id
1595 1837 1715 1889 quod
1736 1837 1780 1876 in
1796 1836 1954 1889 gallico

163 1904 386 1956 triumpho
400 1904 528 1945 miles
543 1905 691 1946 Cesari
713 1904 973 1945 memoravit
989 1902 1152 1944 Gallias
1169 1904 1373 1945 Cesarem
1388 1904 1623 1956 subegisse
1643 1913 1733 1943 non
1759 1902 1956 1942 Nicome-

163 1970 284 2020 dem;
303 1970 382 2011 sed
395 1973 521 2022 pater
535 1974 689 2011 sancte
710 1971 770 2011 sic
785 1969 940 2011 transit
952 1969 1092 2022 gloria
1113 1969 1269 2009 mundi
1285 1982 1295 2009 ε
1311 1971 1431 2009 Vana
1444 1972 1549 2009 sunt
1565 1968 1713 2010 omnia
1728 1971 1771 2008 et
1791 1968 1956 2008 habent

163 2036 362 2076 subitum
393 2036 593 2077 mortalia
611 2047 778 2077 casum.
800 2037 898 2077 Mox
919 2034 1260 2087 celebratur[us]
1287 2035 1423 2075 altare
1443 2035 1590 2087 maJus
1622 2034 1742 2086 quod
1762 2033 1958 2073 diximus

165 2102 250 2142 divi
281 2102 396 2142 Petri
415 2102 560 2153 posito
583 2100 827 2143 faldiStorio
858 2101 1122 2155 genuflexus
1144 2101 1329 2153 supplex
1358 2100 1528 2149 adorat,
1558 2099 1772 2140 adversus
1795 2096 1957 2137 diaboli

164 2166 348 2207 insidias
380 2170 660 2219 pugnaturus
685 2168 818 2208 armis
838 2167 1037 2208 induitur
1056 2177 1145 2207 non
1166 2166 1327 2218 quibus
1349 2166 1479 2206 Cesar
1508 2165 1553 2204 in
1576 2175 1682 2205 suos
1709 2167 1750 2204 et
1781 2163 1957 2212 Marius,

168 2232 247 2273 sed
288 2233 487 2274 sandalia
528 2234 720 2285 primum
765 2233 941 2283 calciat,
982 2233 1223 2281 Amictum,
1265 2231 1433 2280 albam,
1470 2231 1652 2279 stolam,
1693 2229 1960 2280 Manipolum

167 2298 346 2350 suscipit
368 2301 411 2339 et
439 2299 589 2340 casula
610 2310 701 2340 non
722 2299 876 2351 clypeo
913 2299 1100 2351 tegitur,
1130 2298 1253 2339 Mitre
1273 2294 1453 2335 demum
1473 2293 1613 2346 gloria
1637 2296 1680 2333 et
1699 2293 1866 2333 honore
1888 2302 1958 2331 co-

165 2367 348 2405 ronatur
368 2364 422 2405 de
438 2376 628 2417 quorum
650 2365 893 2406 ministerio
914 2363 1142 2417 singulari,
1162 2363 1283 2403 velut
1303 2361 1530 2402 notissimo
1551 2360 1736 2400 verbum
1757 2368 1850 2398 non
1869 2368 1960 2397 am-

169 2428 283 2479 plius
315 2429 476 2470 addam
483 2460 636 2471 .........
659 2431 792 2471 Missa
814 2426 893 2482 pei·
924 2429 1222 2470 Alexandrum
1246 2427 1366 2468 omni
1398 2438 1497 2467 cum
1525 2426 1739 2478 dignitate
1768 2426 1958 2475 peracta,

170 2491 287 2533 idem
306 2494 403 2546 ipse
424 2496 569 2546 palam
591 2507 638 2536 se
652 2496 860 2549 gentibus
885 2495 1011 2536 offert
1025 2498 1067 2535 et
1086 2494 1255 2546 primus
1277 2493 1562 2533 diaconorum
1582 2489 1824 2532 cardinalis
1844 2500 1867 2529 a
1889 2500 1960 2529 me

169 2556 296 2609 cujus
313 2556 506 2599 officium
523 2563 592 2600 est
610 2563 832 2612 receptam
851 2561 1054 2613 thyaram
1074 2571 1206 2611 quam
1227 2570 1308 2599 nos
1329 2568 1518 2610 regnum
1539 2557 1723 2597 dicimus
1740 2555 1858 2594 illius
1878 2554 1958 2593 im-

171 2623 321 2673 posuit
340 2624 472 2675 capiti
492 2636 580 2676 quo
610 2626 655 2666 in
675 2626 853 2678 signum
879 2626 1051 2678 imperii
1077 2627 1310 2666 coronatur
1336 2626 1380 2664 et
1397 2623 1550 2673 utitur,
1573 2619 1809 2673 aliquando
1830 2620 1959 2660 mitra

172 2691 320 2729 tamen
350 2687 625 2741 frequentius
649 2695 694 2733 et
712 2692 878 2744 ubique
902 2704 912 2731 ε
932 2689 1197 2731 Pontificalis
1224 2689 1342 2730 enim
1375 2688 1567 2741 dignitas
1587 2685 1803 2738 imperiali
1831 2684 1960 2725 diffu-

172 2754 263 2794 sior
283 2757 350 2795 est
355 2784 438 2796 .....
461 2755 537 2808 (1).

227 2835 247 2857 <‹
279 2820 559 2863 Hieronimus
579 2824 773 2876 Porcisus
794 2824 998 2865 Patritius
1014 2825 1146 2864 Roma
1152 2824 1256 2875 snus
1272 2823 1394 2862 Rotae
1414 2819 1667 2871 Primasrius
1687 2817 1872 2858 Auditor
1892 2816 1958 2857 Ci-

175 2886 292 2937 vislis
313 2889 357 2927 et
374 2887 590 2929 pontificii
608 2890 740 2942 lui-sis
757 2892 977 2943 Interpres
991 2901 1042 2931 ac
1057 2889 1202 2931 Sancti
1216 2887 1330 2929 Petri
1342 2886 1596 2938 canosnicus
1612 2883 1903 2934 Ferdinandos
1917 2887 1961 2923 et

176 2951 404 2992 Elisabeth
419 2954 746 3006 Hisspaniarum
754 2960 796 2998 et
812 2957 1033 3009 Grasnatae
1042 2955 1236 3008 Regibus
1250 2952 1497 3008 Ausgustis,
1507 2951 1704 2992 Porcium
1720 2949 1959 3000 Comlmen-

178 3016 340 3057 tarium
358 3020 621 3071 compilavit.
645 3038 662 3058 ι

226 3198 254 3228 1.
280 3196 332 3229 On
359 3198 445 3238 peut
471 3197 547 3229 voir
573 3198 594 3229 a
619 3196 651 3228 la
677 3198 771 3230 suite
802 3199 854 3231 les
882 3199 1043 3231 discours
1073 3199 1301 3231 u'obcdiencc
1335 3198 1535 3239 prononces
1565 3205 1630 3238 par
1658 3195 1706 3226 les
1731 3197 1890 3226 orateurs
1917 3195 1959 3225 de

181 3252 326 3291 Sienne,
341 3250 386 3282 dc
405 3251 581 3292 Lucques,
604 3251 647 3283 de
669 3251 851 3291 Florence,
872 3253 917 3285 de
938 3252 1062 3291 Genes,
1079 3253 1123 3285 de
1142 3253 1279 3292 Venise,
1303 3252 1350 3284 du
1371 3251 1423 3283 roi
1447 3251 1490 3282 de
1513 3250 1650 3291 Naples,
1673 3250 1721 3281 du
1739 3247 1895 3289 mat-quis
1917 3248 1959 3280 ‹le

183 3305 360 3343 Mantoue,
383 3304 446 3336 des
467 3304 553 3336 ducs
574 3305 617 3337 de
639 3305 747 3338 Milan
767 3309 803 3338 et
823 3306 867 3338 de
887 3307 977 3345 Bari,
999 3308 1034 3339 et
1060 3307 1110 3339 les
1138 3308 1310 3349 rt'aeponses
1330 3305 1377 3337 du
1404 3314 1496 3346 pape
1519 3303 1716 3335 Alexandro
1735 3302 1788 3335 Vl.
1812 3302 1852 3333 fl.
1874 3302 1961 3333 Por-

181 3358 258 3390 cius
276 3359 417 3399 promet
436 3357 481 3391 de
505 3358 642 3391 donner
661 3359 749 3392 dans
771 3369 817 3392 un
839 3362 937 3392 autre
956 3359 1099 3392 volume
1118 3359 1149 3391 la
1170 3361 1261 3391 suite
1282 3359 1343 3390 des
1364 3358 1523 3389 discours
1544 3355 1770 3388 (l‘obedifflcv
1792 3354 1854 3386 des
1876 3354 1959 3385 ‹luo-s

181 3411 224 3443 de
244 3410 382 3450 Savoie,
403 3410 466 3442 dns
486 3412 556 3443 ruis
577 3411 619 3443 d·-
642 3413 786 3451 Franco,
808 3413 1059 3452 unumunurn,
1083 3413 1125 3445 de
1150 3411 1338 3450 Lusitaniv,
1355 3414 1421 3442 νίν.

378 3502 405 3525 r.
435 3501 470 3524 ῐι.
1730 3489 1775 3519 13¹.»
