2202 3926
293 365 361 400 172
903 359 1132 398 JOHANNIS
1167 358 1462 404 BURCHARDI,
1866 362 1948 402 [Mai
1972 363 2047 394 1493
2053 364 2065 403 J

291 466 420 514 circa
446 464 605 519 locari⁴
625 467 853 527 possunt;
891 467 999 510 sunt
1028 462 1156 511 enim
1185 461 1449 510 testudines
1478 459 1582 522 ipse
1612 458 1672 506 ad
1692 459 1741 507 id
1771 474 1880 508 cum
1901 478 2064 525 prese-

290 548 448 612 pibus,
486 552 533 596 et
566 546 772 595 rastellis
807 550 989 609 parate.
1028 548 1110 592 Est
1145 558 1253 592 vero
1286 544 1429 604 longe
1461 541 1610 590 altero
1643 541 1750 591 loco
1786 548 1944 607 grutta
1974 546 2066 594 alia

293 626 821 694 magna‘suhterranea,
854 644 997 691 supra
1027 628 1162 689 cujus
1191 625 1567 684 testitudinibuS,
1596 625 1723 674 horti
1753 643 1861 674 cum
1883 628 2065 676 arbori-

292 715 380 762 bus
409 719 456 762 et
484 713 682 762 diversis
712 711 925 773 frugibus
960 709 1259 758 seminantur
1289 713 1336 756 et
1367 708 1605 756 coluntur.
1643 710 1786 759 Venit
1813 711 2063 761 nobiscum

294 795 642 858 Bellaguardia,
666 792 937 841 balistarius
960 793 1018 841 de
1043 792 1260 841 custodia
1288 791 1432 855 regis,
1459 791 1648 856 singula
1667 792 1784 839 mihi
1807 794 2064 843 ostendens

294 879 389 943 (qui
411 878 557 926 etiam
583 877 754 925 domus
776 891 884 924 mee
908 875 1004 923 sive
1030 874 1223 938 hospitii
1251 874 1449 938 Neapoli
1482 890 1646 923 curam
1668 875 1847 940 habuit)
1870 891 1930 924 ne
1951 877 2063 940 quid

289 961 426 1010 nobis
449 977 506 1008 ex
528 961 870 1009 commissione
892 959 1026 1030 regia
1047 958 1135 1007 sibi
1159 957 1285 1006 facta
1305 958 1513 1006 deesset.

357 1044 616 1094 Prandium
638 1045 684 1091 in
708 1026 969 1108 Puteolano
989 1042 1085 1090 sive
1106 1041 1317 1090 Pozzuoli
1337 1042 1562 1101 fecimus;
1588 1058 1682 1106 quo
1703 1044 1847 1103 facto,
1873 1044 2064 1092 barcam

292 1130 522 1178 intrantes
561 1143 726 1175 versus
766 1127 1007 1175 civitatem
1045 1127 1312 1190 Bayensem
1354 1141 1446 1188 que
1487 1129 1615 1191 Baya
1656 1127 1940 1190 appellatur,
1981 1143 2068 1191 per

288 1228 419 1259 mare
451 1212 511 1260 ad
544 1211 729 1260 miliare
763 1226 873 1259 cum
903 1209 1099 1257 dimidio
1132 1209 1474 1273 navigavimus,
1511 1209 1591 1257 ubi
1625 1210 1890 1273 reperimus
1923 1227 2065 1274 quam

290 1295 427 1359 plura
457 1295 630 1344 balnea
660 1311 669 1343 :
702 1295 831 1354 inde,
866 1294 927 1342 ad
958 1293 1048 1341 tria
1079 1292 1282 1340 miliaria
1312 1293 1398 1340 sub
1432 1297 1560 1341 terra
1593 1298 1666 1341 est
1689 1294 1929 1357 quoddam
1959 1295 2067 1359 pul-

289 1378 585 1427 cherrimum
616 1393 736 1442 opus
769 1376 1131 1436 testudinatum,
1154 1380 1314 1439 grutta
1334 1375 1565 1423 mirabilis
1598 1381 1945 1440 nuncupatum,
1979 1377 2067 1425 ha-

290 1463 409 1510 hens
430 1477 518 1526 per
535 1461 887 1525 longitudinem
907 1459 1159 1508 testudinis
1180 1475 1320 1506 arcus
1339 1459 1718 1522 quatuordecim,
1741 1464 1787 1507 et
1807 1475 1894 1523 per
1909 1460 2067 1508 latitu-

291 1545 453 1593 dinem
475 1545 727 1593 testudinis
756 1545 983 1608 quinque,
1010 1558 1210 1606 quarum
1238 1542 1449 1606 quelibet
1479 1547 1552 1590 est
1577 1542 1838 1590 latitudinis
1866 1542 2066 1591 duarum

290 1644 553 1677 cannarum
574 1628 648 1675 vel
669 1628 793 1676 circa
802 1612 818 1675 s
1342 1675 1344 1677 ,

354 1714 407 1760 In
425 1713 518 1761 alia
534 1717 687 1776 parte,
702 1713 838 1775 juxta
855 1727 1006 1770 mare,
1026 1711 1076 1758 in
1094 1715 1257 1758 monte
1277 1714 1349 1758 est
1367 1727 1516 1759 unum
1536 1724 1797 1759 concavum
1815 1724 2062 1772 magnum,

294 1796 342 1843 in
366 1797 500 1860 cujus
522 1796 682 1844 medio
705 1800 777 1843 est
798 1810 946 1842 unum
971 1794 1196 1841 balneum
1218 1793 1439 1851 incisum,
1463 1793 1648 1841 habens
1666 1793 1803 1856 juxta
1828 1808 1878 1840 se
1901 1807 1928 1840 a
1948 1807 2067 1855 qua-

288 1874 398 1927 tuor
436 1879 622 1942 angulis
657 1883 862 1941 quatuor
895 1878 985 1926 alia
1018 1877 1190 1925 balnea
1224 1877 1392 1935 incisa,
1432 1892 1632 1940 quarum
1667 1876 1855 1939 singula
1885 1876 2066 1925 habent

291 1961 555 2023 singulares
577 1962 894 2025 proprietates
925 1965 971 2008 et
999 1960 1196 2008 virtutes
1221 1964 1388 2007 contra
1415 1960 1626 2008 diversos
1657 1959 1876 2018 morbos3
1906 1944 2063 2023 itaque

287 2044 469 2091 circum
500 2044 626 2092 circa
655 2044 828 2093 balnea
855 2044 1135 2108 hujusmodi
1166 2045 1322 2108 posite
1357 2048 1492 2092 erant
1519 2044 1678 2092 tabule
1708 2059 1948 2092 marmore
1978 2060 2064 2108 pro

287 2143 454 2174 corum
477 2127 768 2195 diversitate,
800 2128 849 2174 in
871 2128 1040 2190 quibus
1068 2128 1272 2176 incisum
1301 2131 1421 2186 erat,
1453 2127 1513 2175 ad
1539 2127 1653 2190 quid
1681 2127 1869 2191 singula
1893 2127 2065 2175 balnea

292 2209 601 2273 prodessent3
654 2225 770 2272 quas
810 2209 993 2258 tabulas
1032 2214 1140 2258 ante
1184 2210 1329 2273 longa
1379 2215 1597 2274 tempora
1642 2211 1856 2259 medicos
1908 2210 2064 2258 Saler-
2092 2241 2102 2251 -

286 2292 476 2339 nitanos
506 2292 758 2341 abstulisse
792 2293 932 2356 vulgo
967 2292 1155 2351 dicitur,
1191 2308 1277 2356 pro
1311 2308 1367 2341 eo
1400 2292 1529 2355 quod
1563 2297 1672 2340 ante
1708 2293 1776 2340 eis
1803 2293 2062 2356 plurimum

287 2374 642 2438 prejudicarent
686 2374 770 2435 (1),
821 2377 972 2439 Prope
1021 2375 1194 2423 balnea
1233 2375 1512 2439 hujusmodi
1554 2391 1641 2439 per
1684 2375 1846 2439 plures
1889 2376 2064 2439 gradus

288 2458 565 2507 ascenditur
585 2458 645 2506 ad
667 2459 910 2521 quondam
928 2474 1189 2508 concavum
1208 2459 1424 2523 longum,
1451 2459 1693 2507 sudatoria
1713 2464 2061 2523 nuncupatum,

289 2546 447 2590 certos
483 2542 891 2590 meatus-habens
933 2558 989 2590 ex
1027 2543 1132 2606 ipso
1172 2546 1335 2590 monte
1375 2542 1712 2602 calidissimos,
1753 2543 1924 2605 quibus
1961 2542 2063 2590 sine

288 2679 429 2728 corrige
450 2691 516 2728 par
531 2683 684 2716 centum.
710 2694 727 2712 ‹<
748 2679 765 2714 J
772 2691 790 2715 e
811 2679 855 2715 lis
877 2684 1029 2716 centum.
1046 2679 1095 2715 Le
1113 2683 1189 2715 mot
1209 2682 1265 2715 est
1284 2678 1393 2715 altere
1414 2679 1506 2715 dans
1527 2678 1580 2715 les
1597 2679 1829 2724 manuscrits,
1851 2662 1950 2715 cette
1963 2678 2063 2723 lecon

291 2752 348 2776 me
368 2742 486 2788 parcit
505 2739 539 2775 la
557 2738 641 2787 plus
662 2738 846 2787 probable.
872 2754 890 2772 »
915 2740 1009 2785 (Not.
1034 2740 1093 2775 des
1110 2750 1195 2776 mss.
1219 2740 1268 2775 du
1287 2740 1366 2780 Roi,
1389 2742 1414 2776 t.
1439 2739 1465 2783 I,
1488 2750 1524 2787 p.
1549 2739 1631 2784 107,
1654 2742 1740 2776 note
1761 2739 1810 2783 b.)

335 2800 369 2836 1.
400 2814 417 2832 (ι
436 2798 477 2835 Si
496 2797 602 2835 vuole
623 2799 689 2834 che
712 2807 783 2835 una
808 2798 906 2835 volta
925 2798 936 2833 i
956 2797 1085 2834 medici
1112 2797 1344 2843 Salernitani,
1367 2799 1611 2844 conoscendo,
1630 2798 1696 2834 che
1723 2797 1733 2832 i
1758 2797 1834 2834 loro
1862 2797 2063 2845 guadagni‚
2126 2833 2130 2838 ,

293 2871 312 2895 6
332 2858 366 2894 la
385 2857 460 2893 loro
480 2858 650 2906 opinione
669 2858 858 2894 andavano
879 2869 900 2894 a
918 2857 1021 2893 finire
1041 2869 1106 2906 per
1124 2857 1149 2893 il
1162 2869 1252 2905 gran
1267 2868 1455 2903 concorso,
1479 2858 1544 2894 che
1568 2857 1598 2893 si
1619 2868 1779 2893 avevano
1797 2855 1930 2892 attirati
1944 2855 2063 2903 questi

290 2916 416 2965 bagni,
439 2916 531 2953 dove
558 2927 707 2964 ognuno
735 2929 844 2953 senza
868 2917 1046 2965 consiglio
1066 2917 1102 2952 di
1132 2915 1261 2953 medici
1288 2916 1319 2952 si
1348 2928 1480 2952 curava
1506 2918 1552 2952 da
1579 2919 1633 2961 se,
1656 2927 1728 2952 una
1753 2919 1852 2951 notte
1870 2915 2063 2951 *andarono

294 2988 401 3024 sopra
420 2987 469 3011 un
488 2975 709 3012 bastimento
726 2988 747 3012 a
769 2978 910 3021 Triton,
934 2989 952 3013 e
973 2988 1016 3013 ne
1037 2976 1259 3013 distrussero
1279 2975 1310 3011 le
1327 2980 1445 3012 statue
1466 2988 1484 3012 e
1505 2975 1537 3011 16
1554 2974 1748 3019 iscrizioni,
1770 2984 1830 3009 ma
1848 2973 1907 3010 nel
1927 2973 2064 3010 ritorno

293 3046 479 3084 pagarono
499 3034 524 3070 il
543 3034 590 3071 fio
618 3036 774 3071 essendo
798 3036 1002 3084 naufragati
1025 3035 1142 3072 vicino
1163 3034 1219 3071 all‘
1240 3034 1332 3071 isola
1357 3034 1393 3070 di
1414 3034 1532 3082 Capri.
1557 3034 1601 3070 Di
1630 3037 1760 3082 questo
1784 3033 1872 3069 fatto
1899 3032 2064 3070 Dionisio

295 3094 331 3130 di
352 3095 462 3130 Samo
477 3098 646 3142 rapporta
665 3094 699 3130 la
720 3100 895 3142 seguente
916 3095 1102 3131 iscrizione
1123 3098 1262 3131 trovata
1281 3093 1339 3130 nel
1359 3093 1469 3141 luogo
1490 3094 1590 3130 detto
1611 3098 1663 3130 tre
1684 3093 1849 3130 colonne.

294 3191 307 3205 ιι
335 3177 390 3209 Sin
415 3177 585 3210 Amomus
616 3178 792 3218 Summam,
818 3179 873 3211 Sin
902 3180 1072 3212 Pnimprus
1094 3180 1340 3217 CAPOGRASSUS,
1366 3178 1421 3210 Sin
1450 3178 1583 3210 Haemi«
1613 3187 1655 3210 nc
1685 3178 1828 3210 Pnocim
1858 3186 2063 3209 FAMOSlssnn

341 3240 451 3263 manici
482 3240 703 3271 SALERNJTAM,
729 3241 833 3265 surm
856 3242 990 3265 mamm
1016 3242 1117 3265 ΝΑνιΜ
1139 3241 1180 3264 AB
1202 3241 1275 3263 irs».
1303 3240 1446 3263 civrrmn
1476 3240 1611 3262 susum
1641 3240 1810 3263 Ρυτεοιοε
1838 3238 2065 3263 'rnmsrnrxm-

339 3293 478 3324 vanum,
502 3293 567 3317 cum
591 3295 726 3317 FERREIS
754 3295 987 3318 lNSTRL'MENTls
1014 3294 1254 3318 mscmrriom-:s
1275 3293 1469 3316 BALNEORUM
1495 3293 1663 3316 vmruruu
1687 3293 1912 3324 namvemmr,
1934 3291 1974 3316 ετ
1996 3291 2063 3325 cun

342 3347 588 3377 aavanwnunr,
613 3348 761 3371 reanum*
784 3349 851 3371 cun
874 3349 951 3371 mvi
973 3339 1177 3371 murmurosa
1204 3347 1368 3370 summasr.
1387 3350 1401 3365 υ

340 3414 512 3462 (Panvini
539 3415 733 3462 Pasquale,
761 3418 792 3452 ll
817 3418 1004 3462 foreslierc
1031 3418 1180 3452 istruito
1207 3417 1276 3453 alle
1302 3416 1478 3452 antidana
1497 3428 1515 3449 e
1534 3417 1710 3451 euriositcz
1731 3412 1956 3452 naturali'di
1974 3414 2061 3449 1³03<

291 3475 398 3518 moli,
420 3475 543 3517 Cuma,
566 3477 656 3521 Baja
677 3487 694 3508 e
714 3477 864 3519 Miseno,
885 3487 920 3523 p.
944 3475 1077 3521 101-2.)
