<?xml version="1.0" encoding="UTF-8"?>
<!DOCTYPE html PUBLIC "-//W3C//DTD XHTML 1.0 Transitional//EN"
    "http://www.w3.org/TR/xhtml1/DTD/xhtml1-transitional.dtd">
<html xmlns="http://www.w3.org/1999/xhtml" xml:lang="en" lang="en">
 <head>
  <title>
</title>
<meta http-equiv="Content-Type" content="text/html;charset=utf-8" />
  <meta name='ocr-system' content='tesseract 3.04.00' />
  <meta name='ocr-capabilities' content='ocr_page ocr_carea ocr_par ocr_line ocrx_word'/>
</head>
<body>
  <div class='ocr_page' id='page_1' title='image "./diariumsivererum02burcuoft_0270.png"; bbox 0 0 2222 3926; ppageno 0'>
   <div class='ocr_carea' id='block_1_1' title="bbox 341 315 2122 362">
    <p class='ocr_par' dir='ltr' id='par_1_1' title="bbox 341 315 2122 362">
     <span class='ocr_line' id='line_1_1' title="bbox 341 315 2122 362; baseline 0.001 -8"><span class='ocrx_word' id='word_1_1' title='bbox 341 319 412 354; x_wconf 80' lang='lat'>258</span> <span class='ocrx_word' id='word_1_2' title='bbox 800 353 806 360; x_wconf 71' lang='grc'>,</span> <span class='ocrx_word' id='word_1_3' title='bbox 950 316 969 354; x_wconf 89' lang='lat' dir='ltr'>J</span> <span class='ocrx_word' id='word_1_4' title='bbox 973 316 1181 354; x_wconf 87' lang='lat' dir='ltr'>OHANNIS</span> <span class='ocrx_word' id='word_1_5' title='bbox 1217 316 1511 362; x_wconf 87' lang='lat' dir='ltr'>BURCHARDI,</span> <span class='ocrx_word' id='word_1_6' title='bbox 1793 315 2002 356; x_wconf 53' lang='lat' dir='ltr'>[Dbcembre</span> <span class='ocrx_word' id='word_1_7' title='bbox 2023 316 2122 356; x_wconf 71' lang='lat'><strong>1495}</strong></span> 
     </span>
    </p>
   </div>
   <div class='ocr_carea' id='block_1_2' title="bbox 341 417 2176 3489">
    <p class='ocr_par' dir='ltr' id='par_1_2' title="bbox 343 417 2128 2569">
     <span class='ocr_line' id='line_1_2' title="bbox 408 417 2117 482; baseline -0.001 -16"><span class='ocrx_word' id='word_1_8' title='bbox 408 419 680 468; x_wconf 81' lang='lat' dir='ltr'>Alexander</span> <span class='ocrx_word' id='word_1_9' title='bbox 700 418 972 482; x_wconf 87' lang='lat' dir='ltr'>episcopus,</span> <span class='ocrx_word' id='word_1_10' title='bbox 999 435 1161 468; x_wconf 90' lang='lat' dir='ltr'>servus</span> <span class='ocrx_word' id='word_1_11' title='bbox 1183 434 1432 467; x_wconf 91' lang='lat' dir='ltr'>servorum</span> <span class='ocrx_word' id='word_1_12' title='bbox 1453 418 1560 476; x_wconf 88' lang='lat' dir='ltr'>Dei,</span> <span class='ocrx_word' id='word_1_13' title='bbox 1584 417 1763 465; x_wconf 91' lang='lat' dir='ltr'>dilecto</span> <span class='ocrx_word' id='word_1_14' title='bbox 1789 417 1887 465; x_wconf 87' lang='lat' dir='ltr'>filio</span> <span class='ocrx_word' id='word_1_15' title='bbox 1909 417 2117 466; x_wconf 89' lang='lat' dir='ltr'>Johanni</span> 
     </span>
     <span class='ocr_line' id='line_1_3' title="bbox 343 499 2114 563; baseline 0 -13"><span class='ocrx_word' id='word_1_16' title='bbox 343 503 569 561; x_wconf 88' lang='lat' dir='ltr'>Antonio,</span> <span class='ocrx_word' id='word_1_17' title='bbox 597 502 720 551; x_wconf 90' lang='lat' dir='ltr'>tituli</span> <span class='ocrx_word' id='word_1_18' title='bbox 751 506 1027 551; x_wconf 88' lang='lat' dir='ltr'>sanctorum</span> <span class='ocrx_word' id='word_1_19' title='bbox 1066 503 1207 550; x_wconf 89' lang='lat' dir='ltr'>Nerei</span> <span class='ocrx_word' id='word_1_20' title='bbox 1232 507 1279 550; x_wconf 94' lang='lat' dir='ltr'>et</span> <span class='ocrx_word' id='word_1_21' title='bbox 1311 500 1513 549; x_wconf 89' lang='lat' dir='ltr'>Achillei</span> <span class='ocrx_word' id='word_1_22' title='bbox 1548 499 1831 563; x_wconf 85' lang='lat' dir='ltr'>presbytero</span> <span class='ocrx_word' id='word_1_23' title='bbox 1868 500 2114 561; x_wconf 79' lang='lat' dir='ltr'>cardinali,</span> 
     </span>
     <span class='ocr_line' id='line_1_4' title="bbox 343 582 2125 653; baseline -0.001 -19"><span class='ocrx_word' id='word_1_24' title='bbox 343 586 546 635; x_wconf 89' lang='lat' dir='ltr'>salutem</span> <span class='ocrx_word' id='word_1_25' title='bbox 586 591 633 634; x_wconf 88' lang='lat' dir='ltr'>et</span> <span class='ocrx_word' id='word_1_26' title='bbox 668 586 980 649; x_wconf 89' lang='lat' dir='ltr'>apostolicam</span> <span class='ocrx_word' id='word_1_27' title='bbox 1014 585 1421 633; x_wconf 77' lang='lat' dir='ltr'>benedictionem.</span> <span class='ocrx_word' id='word_1_28' title='bbox 1465 582 1739 631; x_wconf 89' lang='lat' dir='ltr'>Devotionis</span> <span class='ocrx_word' id='word_1_29' title='bbox 1776 591 1856 631; x_wconf 89' lang='lat' dir='ltr'>tue</span> <span class='ocrx_word' id='word_1_30' title='bbox 1890 599 2035 647; x_wconf 91' lang='lat' dir='ltr'>quam</span> <span class='ocrx_word' id='word_1_31' title='bbox 2056 584 2125 653; x_wconf 60' lang='lat' dir='ltr'>ad..</span> 
     </span>
     <span class='ocr_line' id='line_1_5' title="bbox 344 666 2116 731; baseline -0.001 -14"><span class='ocrx_word' id='word_1_32' title='bbox 344 685 432 717; x_wconf 91' lang='lat' dir='ltr'>nos</span> <span class='ocrx_word' id='word_1_33' title='bbox 457 675 503 716; x_wconf 89' lang='lat' dir='ltr'>et</span> <span class='ocrx_word' id='word_1_34' title='bbox 526 673 740 717; x_wconf 78' lang='lat' dir='ltr'>sanctam</span> <span class='ocrx_word' id='word_1_35' title='bbox 762 684 1012 716; x_wconf 83' lang='lat' dir='ltr'>romanam</span> <span class='ocrx_word' id='word_1_36' title='bbox 1042 668 1169 731; x_wconf 86' lang='lat' dir='ltr'>geris</span> <span class='ocrx_word' id='word_1_37' title='bbox 1209 667 1473 716; x_wconf 86' lang='lat' dir='ltr'>Ecclesiam</span> <span class='ocrx_word' id='word_1_38' title='bbox 1495 666 1775 731; x_wconf 89' lang='lat' dir='ltr'>magnitudo</span> <span class='ocrx_word' id='word_1_39' title='bbox 1802 667 1911 716; x_wconf 88' lang='lat' dir='ltr'>facit</span> <span class='ocrx_word' id='word_1_40' title='bbox 1939 672 1991 716; x_wconf 89' lang='lat' dir='ltr'>ut</span> <span class='ocrx_word' id='word_1_41' title='bbox 2021 667 2116 726; x_wconf 91' lang='lat' dir='ltr'>his,</span> 
     </span>
     <span class='ocr_line' id='line_1_6' title="bbox 345 750 2119 815; baseline 0.001 -18"><span class='ocrx_word' id='word_1_42' title='bbox 345 766 436 812; x_wconf 89' lang='lat' dir='ltr'>que</span> <span class='ocrx_word' id='word_1_43' title='bbox 473 750 534 797; x_wconf 92' lang='lat' dir='ltr'>ad</span> <span class='ocrx_word' id='word_1_44' title='bbox 555 755 901 813; x_wconf 84' lang='lat' dir='ltr'>augumentum</span> <span class='ocrx_word' id='word_1_45' title='bbox 940 751 1090 815; x_wconf 87' lang='lat' dir='ltr'>ipsius</span> <span class='ocrx_word' id='word_1_46' title='bbox 1125 750 1392 799; x_wconf 90' lang='lat' dir='ltr'>devotionis</span> <span class='ocrx_word' id='word_1_47' title='bbox 1433 750 1606 799; x_wconf 84' lang='lat' dir='ltr'>cedere</span> <span class='ocrx_word' id='word_1_48' title='bbox 1641 750 1845 813; x_wconf 83' lang='lat' dir='ltr'>possint,</span> <span class='ocrx_word' id='word_1_49' title='bbox 1887 755 2119 815; x_wconf 90' lang='lat' dir='ltr'>quantum</span> 
     </span>
     <span class='ocr_line' id='line_1_7' title="bbox 345 834 2124 898; baseline 0.002 -19"><span class='ocrx_word' id='word_1_50' title='bbox 345 834 481 881; x_wconf 88' lang='lat' dir='ltr'>nobis</span> <span class='ocrx_word' id='word_1_51' title='bbox 522 849 632 881; x_wconf 91' lang='lat' dir='ltr'>cum</span> <span class='ocrx_word' id='word_1_52' title='bbox 669 837 770 882; x_wconf 93' lang='lat' dir='ltr'>Deo</span> <span class='ocrx_word' id='word_1_53' title='bbox 807 835 927 897; x_wconf 15' lang='lat' dir='ltr'>*licet</span> <span class='ocrx_word' id='word_1_54' title='bbox 955 835 1279 883; x_wconf 86' lang='lat' dir='ltr'>favorabiliter</span> <span class='ocrx_word' id='word_1_55' title='bbox 1317 850 1603 882; x_wconf 89' lang='lat' dir='ltr'>annuamus.</span> <span class='ocrx_word' id='word_1_56' title='bbox 1629 837 1690 882; x_wconf 87' lang='lat' dir='ltr'>Ut</span> <span class='ocrx_word' id='word_1_57' title='bbox 1724 834 1870 897; x_wconf 85' lang='lat' dir='ltr'>igitur</span> <span class='ocrx_word' id='word_1_58' title='bbox 1904 835 2124 898; x_wconf 89' lang='lat' dir='ltr'>proxima</span> 
     </span>
     <span class='ocr_line' id='line_1_8' title="bbox 344 917 2119 982; baseline 0.002 -18"><span class='ocrx_word' id='word_1_59' title='bbox 344 917 503 965; x_wconf 89' lang='lat' dir='ltr'>futura</span> <span class='ocrx_word' id='word_1_60' title='bbox 537 917 778 966; x_wconf 91' lang='lat' dir='ltr'>dominica</span> <span class='ocrx_word' id='word_1_61' title='bbox 815 934 902 982; x_wconf 90' lang='lat' dir='ltr'>pro</span> <span class='ocrx_word' id='word_1_62' title='bbox 924 919 1195 967; x_wconf 88' lang='lat' dir='ltr'>cessatione</span> <span class='ocrx_word' id='word_1_63' title='bbox 1233 918 1394 966; x_wconf 92' lang='lat' dir='ltr'>diluvii</span> <span class='ocrx_word' id='word_1_64' title='bbox 1431 922 1477 966; x_wconf 91' lang='lat' dir='ltr'>et</span> <span class='ocrx_word' id='word_1_65' title='bbox 1507 917 1833 966; x_wconf 89' lang='lat' dir='ltr'>inundationis</span> <span class='ocrx_word' id='word_1_66' title='bbox 1866 934 2119 982; x_wconf 89' lang='lat' dir='ltr'>aquarum,</span> 
     </span>
     <span class='ocr_line' id='line_1_9' title="bbox 344 1001 2122 1066; baseline 0.002 -18"><span class='ocrx_word' id='word_1_67' title='bbox 344 1016 434 1049; x_wconf 89' lang='lat' dir='ltr'>nec</span> <span class='ocrx_word' id='word_1_68' title='bbox 461 1017 559 1048; x_wconf 91' lang='lat' dir='ltr'>non</span> <span class='ocrx_word' id='word_1_69' title='bbox 593 1001 770 1049; x_wconf 88' lang='lat' dir='ltr'>salubri</span> <span class='ocrx_word' id='word_1_70' title='bbox 807 1018 918 1051; x_wconf 87' lang='lat' dir='ltr'>aere</span> <span class='ocrx_word' id='word_1_71' title='bbox 952 1002 1176 1066; x_wconf 90' lang='lat' dir='ltr'>illiusque</span> <span class='ocrx_word' id='word_1_72' title='bbox 1212 1002 1575 1051; x_wconf 88' lang='lat' dir='ltr'>conservatione</span> <span class='ocrx_word' id='word_1_73' title='bbox 1606 1001 1857 1061; x_wconf 88' lang='lat' dir='ltr'>accedere,</span> <span class='ocrx_word' id='word_1_74' title='bbox 1896 1006 1944 1050; x_wconf 90' lang='lat' dir='ltr'>et</span> <span class='ocrx_word' id='word_1_75' title='bbox 1975 1002 2122 1051; x_wconf 86' lang='lat' dir='ltr'>misse</span> 
     </span>
     <span class='ocr_line' id='line_1_10' title="bbox 346 1084 2124 1154; baseline 0 -21"><span class='ocrx_word' id='word_1_76' title='bbox 346 1090 394 1133; x_wconf 90' lang='lat' dir='ltr'>et</span> <span class='ocrx_word' id='word_1_77' title='bbox 429 1085 532 1132; x_wconf 88' lang='lat' dir='ltr'>aliis</span> <span class='ocrx_word' id='word_1_78' title='bbox 567 1084 736 1132; x_wconf 91' lang='lat' dir='ltr'>divinis</span> <span class='ocrx_word' id='word_1_79' title='bbox 765 1086 935 1134; x_wconf 90' lang='lat' dir='ltr'>officiis</span> <span class='ocrx_word' id='word_1_80' title='bbox 964 1085 1027 1133; x_wconf 93' lang='lat' dir='ltr'>ibi</span> <span class='ocrx_word' id='word_1_81' title='bbox 1063 1086 1318 1145; x_wconf 88' lang='lat' dir='ltr'>interesse,</span> <span class='ocrx_word' id='word_1_82' title='bbox 1349 1101 1539 1134; x_wconf 89' lang='lat' dir='ltr'>necnon</span> <span class='ocrx_word' id='word_1_83' title='bbox 1573 1084 1849 1149; x_wconf 84' lang='lat' dir='ltr'>rogationes</span> <span class='ocrx_word' id='word_1_84' title='bbox 1871 1085 1932 1132; x_wconf 90' lang='lat' dir='ltr'>ad</span> <span class='ocrx_word' id='word_1_85' title='bbox 1959 1085 2124 1154; x_wconf 48' lang='lat' dir='ltr'>&#39;omnif</span> 
     </span>
     <span class='ocr_line' id='line_1_11' title="bbox 345 1169 2126 1232; baseline 0.001 -16"><span class='ocrx_word' id='word_1_86' title='bbox 345 1173 595 1232; x_wconf 89' lang='lat' dir='ltr'>potentem</span> <span class='ocrx_word' id='word_1_87' title='bbox 640 1172 794 1217; x_wconf 92' lang='lat' dir='ltr'>Deum</span> <span class='ocrx_word' id='word_1_88' title='bbox 829 1170 1096 1230; x_wconf 86' lang='lat' dir='ltr'>effundere,</span> <span class='ocrx_word' id='word_1_89' title='bbox 1139 1170 1438 1219; x_wconf 88' lang='lat' dir='ltr'>decrevimus</span> <span class='ocrx_word' id='word_1_90' title='bbox 1484 1170 1683 1217; x_wconf 88' lang='lat' dir='ltr'>missam</span> <span class='ocrx_word' id='word_1_91' title='bbox 1733 1172 1781 1217; x_wconf 90' lang='lat' dir='ltr'>et</span> <span class='ocrx_word' id='word_1_92' title='bbox 1825 1169 1918 1216; x_wconf 91' lang='lat' dir='ltr'>alia</span> <span class='ocrx_word' id='word_1_93' title='bbox 1967 1169 2126 1218; x_wconf 88' lang='lat' dir='ltr'>divina</span> 
     </span>
     <span class='ocr_line' id='line_1_12' title="bbox 347 1252 2124 1319; baseline 0.002 -19"><span class='ocrx_word' id='word_1_94' title='bbox 347 1252 506 1301; x_wconf 88' lang='lat' dir='ltr'>officia</span> <span class='ocrx_word' id='word_1_95' title='bbox 538 1254 815 1318; x_wconf 89' lang='lat' dir='ltr'>hujusmodi</span> <span class='ocrx_word' id='word_1_96' title='bbox 850 1255 1097 1304; x_wconf 90' lang='lat' dir='ltr'>celebrare</span> <span class='ocrx_word' id='word_1_97' title='bbox 1126 1255 1302 1319; x_wconf 90' lang='lat' dir='ltr'>possis,</span> <span class='ocrx_word' id='word_1_98' title='bbox 1339 1253 1759 1318; x_wconf 85' lang='lat' dir='ltr'>circumspectioni</span> <span class='ocrx_word' id='word_1_99' title='bbox 1791 1258 1889 1313; x_wconf 93' lang='lat' dir='ltr'>tue,</span> <span class='ocrx_word' id='word_1_100' title='bbox 1913 1253 2017 1318; x_wconf 90' lang='lat' dir='ltr'>ipso</span> <span class='ocrx_word' id='word_1_101' title='bbox 2049 1254 2124 1303; x_wconf 85' lang='lat' dir='ltr'>die</span> 
     </span>
     <span class='ocr_line' id='line_1_13' title="bbox 347 1337 2123 1402; baseline 0 -18"><span class='ocrx_word' id='word_1_102' title='bbox 347 1337 606 1398; x_wconf 89' lang='lat' dir='ltr'>dominico,</span> <span class='ocrx_word' id='word_1_103' title='bbox 629 1353 716 1402; x_wconf 91' lang='lat' dir='ltr'>pro</span> <span class='ocrx_word' id='word_1_104' title='bbox 737 1338 828 1386; x_wconf 91' lang='lat' dir='ltr'>hac</span> <span class='ocrx_word' id='word_1_105' title='bbox 857 1339 959 1388; x_wconf 89' lang='lat' dir='ltr'>vice</span> <span class='ocrx_word' id='word_1_106' title='bbox 987 1340 1232 1399; x_wconf 87' lang='lat' dir='ltr'>duntaxat,</span> <span class='ocrx_word' id='word_1_107' title='bbox 1258 1338 1533 1386; x_wconf 88' lang='lat' dir='ltr'>celebrandi</span> <span class='ocrx_word' id='word_1_108' title='bbox 1556 1337 1837 1386; x_wconf 89' lang='lat' dir='ltr'>solemniter</span> <span class='ocrx_word' id='word_1_109' title='bbox 1861 1337 1922 1384; x_wconf 89' lang='lat' dir='ltr'>ad</span> <span class='ocrx_word' id='word_1_110' title='bbox 1942 1337 2123 1384; x_wconf 88' lang='lat' dir='ltr'>dictum</span> 
     </span>
     <span class='ocr_line' id='line_1_14' title="bbox 347 1420 2125 1486; baseline 0 -18"><span class='ocrx_word' id='word_1_111' title='bbox 347 1421 497 1470; x_wconf 88' lang='lat' dir='ltr'>altare</span> <span class='ocrx_word' id='word_1_112' title='bbox 528 1421 725 1469; x_wconf 89' lang='lat' dir='ltr'>missam</span> <span class='ocrx_word' id='word_1_113' title='bbox 758 1427 805 1470; x_wconf 93' lang='lat' dir='ltr'>et</span> <span class='ocrx_word' id='word_1_114' title='bbox 846 1422 938 1470; x_wconf 90' lang='lat' dir='ltr'>alia</span> <span class='ocrx_word' id='word_1_115' title='bbox 970 1422 1129 1471; x_wconf 92' lang='lat' dir='ltr'>divina</span> <span class='ocrx_word' id='word_1_116' title='bbox 1161 1423 1321 1471; x_wconf 89' lang='lat' dir='ltr'>officia</span> <span class='ocrx_word' id='word_1_117' title='bbox 1359 1421 1592 1486; x_wconf 90' lang='lat' dir='ltr'>predicta,</span> <span class='ocrx_word' id='word_1_118' title='bbox 1630 1421 1782 1469; x_wconf 78' lang='lat' dir='ltr'>etiani</span> <span class='ocrx_word' id='word_1_119' title='bbox 1803 1421 1851 1468; x_wconf 92' lang='lat' dir='ltr'>in</span> <span class='ocrx_word' id='word_1_120' title='bbox 1880 1420 2125 1484; x_wconf 85' lang='lat' dir='ltr'>presentia</span> 
     </span>
     <span class='ocr_line' id='line_1_15' title="bbox 346 1504 2125 1570; baseline -0.002 -17"><span class='ocrx_word' id='word_1_121' title='bbox 346 1509 527 1566; x_wconf 88' lang='lat' dir='ltr'>nostra,</span> <span class='ocrx_word' id='word_1_122' title='bbox 558 1506 980 1554; x_wconf 88' lang='lat' dir='ltr'>constitutionibus</span> <span class='ocrx_word' id='word_1_123' title='bbox 1008 1507 1286 1570; x_wconf 89' lang='lat' dir='ltr'>apostolicis</span> <span class='ocrx_word' id='word_1_124' title='bbox 1313 1521 1369 1554; x_wconf 89' lang='lat' dir='ltr'>ac</span> <span class='ocrx_word' id='word_1_125' title='bbox 1405 1505 1593 1553; x_wconf 85' lang='lat' dir='ltr'>statutis</span> <span class='ocrx_word' id='word_1_126' title='bbox 1622 1511 1669 1553; x_wconf 92' lang='lat' dir='ltr'>et</span> <span class='ocrx_word' id='word_1_127' title='bbox 1696 1504 2125 1554; x_wconf 88' lang='lat' dir='ltr'>consuetudinibus</span> 
     </span>
     <span class='ocr_line' id='line_1_16' title="bbox 347 1589 2128 1655; baseline -0.001 -18"><span class='ocrx_word' id='word_1_128' title='bbox 347 1590 622 1653; x_wconf 87' lang='lat' dir='ltr'>apostolicis</span> <span class='ocrx_word' id='word_1_129' title='bbox 669 1590 795 1638; x_wconf 91' lang='lat' dir='ltr'>dicte</span> <span class='ocrx_word' id='word_1_130' title='bbox 836 1590 1051 1649; x_wconf 87' lang='lat' dir='ltr'>basilice,</span> <span class='ocrx_word' id='word_1_131' title='bbox 1098 1591 1392 1655; x_wconf 89' lang='lat' dir='ltr'>juramento,</span> <span class='ocrx_word' id='word_1_132' title='bbox 1449 1589 1815 1638; x_wconf 86' lang='lat' dir='ltr'>confirmatione</span> <span class='ocrx_word' id='word_1_133' title='bbox 1864 1589 2128 1654; x_wconf 88' lang='lat' dir='ltr'>apostolica</span> 
     </span>
     <span class='ocr_line' id='line_1_17' title="bbox 348 1672 2126 1737; baseline -0.001 -15"><span class='ocrx_word' id='word_1_134' title='bbox 348 1674 423 1722; x_wconf 86' lang='lat' dir='ltr'>vel</span> <span class='ocrx_word' id='word_1_135' title='bbox 462 1674 628 1737; x_wconf 85' lang='lat' dir='ltr'>quavis</span> <span class='ocrx_word' id='word_1_136' title='bbox 656 1674 881 1722; x_wconf 87' lang='lat' dir='ltr'>firmitate</span> <span class='ocrx_word' id='word_1_137' title='bbox 917 1674 1009 1722; x_wconf 88' lang='lat' dir='ltr'>alia</span> <span class='ocrx_word' id='word_1_138' title='bbox 1046 1674 1299 1734; x_wconf 87' lang='lat' dir='ltr'>roboratis,</span> <span class='ocrx_word' id='word_1_139' title='bbox 1338 1672 1609 1735; x_wconf 88' lang='lat' dir='ltr'>ceterisque</span> <span class='ocrx_word' id='word_1_140' title='bbox 1640 1673 1893 1721; x_wconf 88' lang='lat' dir='ltr'>contrariis</span> <span class='ocrx_word' id='word_1_141' title='bbox 1927 1673 2126 1736; x_wconf 87' lang='lat' dir='ltr'>quibus-</span> 
     </span>
     <span class='ocr_line' id='line_1_18' title="bbox 348 1756 2126 1820; baseline -0.001 -16"><span class='ocrx_word' id='word_1_142' title='bbox 348 1771 555 1820; x_wconf 88' lang='lat' dir='ltr'>cumque</span> <span class='ocrx_word' id='word_1_143' title='bbox 589 1772 893 1820; x_wconf 89' lang='lat' dir='ltr'>nequaquam</span> <span class='ocrx_word' id='word_1_144' title='bbox 928 1756 1246 1815; x_wconf 86' lang='lat' dir='ltr'>obstantibus,</span> <span class='ocrx_word' id='word_1_145' title='bbox 1292 1758 1584 1806; x_wconf 88' lang='lat' dir='ltr'>authoritate</span> <span class='ocrx_word' id='word_1_146' title='bbox 1631 1756 1911 1820; x_wconf 88' lang='lat' dir='ltr'>apostolica,</span> <span class='ocrx_word' id='word_1_147' title='bbox 1958 1759 2126 1803; x_wconf 84' lang='lat' dir='ltr'>tenore.</span> 
     </span>
     <span class='ocr_line' id='line_1_19' title="bbox 346 1838 2127 1904; baseline -0.001 -17"><span class='ocrx_word' id='word_1_148' title='bbox 346 1841 642 1903; x_wconf 90' lang='lat' dir='ltr'>presentium</span> <span class='ocrx_word' id='word_1_149' title='bbox 675 1841 734 1888; x_wconf 92' lang='lat' dir='ltr'>de</span> <span class='ocrx_word' id='word_1_150' title='bbox 769 1840 965 1904; x_wconf 80' lang='lat' dir='ltr'>speciali</span> <span class='ocrx_word' id='word_1_151' title='bbox 1013 1841 1168 1904; x_wconf 85' lang='lat' dir='ltr'>gratia</span> <span class='ocrx_word' id='word_1_152' title='bbox 1201 1841 1446 1899; x_wconf 85' lang='lat' dir='ltr'>licentiam</span> <span class='ocrx_word' id='word_1_153' title='bbox 1485 1839 1814 1890; x_wconf 90' lang='lat' dir='ltr'>concedimus.</span> <span class='ocrx_word' id='word_1_154' title='bbox 1857 1838 1982 1887; x_wconf 91' lang='lat' dir='ltr'>Nulli</span> <span class='ocrx_word' id='word_1_155' title='bbox 2012 1854 2127 1902; x_wconf 88' lang='lat' dir='ltr'>ergo</span> 
     </span>
     <span class='ocr_line' id='line_1_20' title="bbox 348 1923 2127 1989; baseline -0.001 -18"><span class='ocrx_word' id='word_1_156' title='bbox 348 1924 544 1971; x_wconf 89' lang='lat' dir='ltr'>omnino</span> <span class='ocrx_word' id='word_1_157' title='bbox 594 1924 849 1972; x_wconf 90' lang='lat' dir='ltr'>hominum</span> <span class='ocrx_word' id='word_1_158' title='bbox 906 1924 1051 1972; x_wconf 89' lang='lat' dir='ltr'>liceat</span> <span class='ocrx_word' id='word_1_159' title='bbox 1095 1925 1222 1973; x_wconf 93' lang='lat' dir='ltr'>hanc</span> <span class='ocrx_word' id='word_1_160' title='bbox 1279 1925 1504 1989; x_wconf 83' lang='lat' dir='ltr'>paginam</span> <span class='ocrx_word' id='word_1_161' title='bbox 1572 1928 1738 1972; x_wconf 88' lang='lat' dir='ltr'>nostre</span> <span class='ocrx_word' id='word_1_162' title='bbox 1798 1923 2127 1971; x_wconf 87' lang='lat' dir='ltr'>concessionis</span> 
     </span>
     <span class='ocr_line' id='line_1_21' title="bbox 348 2007 2128 2072; baseline 0 -18"><span class='ocrx_word' id='word_1_163' title='bbox 348 2007 625 2072; x_wconf 85' lang='lat' dir='ltr'>infringere,</span> <span class='ocrx_word' id='word_1_164' title='bbox 655 2008 731 2056; x_wconf 91' lang='lat' dir='ltr'>vel</span> <span class='ocrx_word' id='word_1_165' title='bbox 753 2007 797 2056; x_wconf 91' lang='lat' dir='ltr'>ei</span> <span class='ocrx_word' id='word_1_166' title='bbox 832 2024 952 2056; x_wconf 90' lang='lat' dir='ltr'>ausu</span> <span class='ocrx_word' id='word_1_167' title='bbox 981 2009 1241 2056; x_wconf 88' lang='lat' dir='ltr'>temerario</span> <span class='ocrx_word' id='word_1_168' title='bbox 1263 2009 1622 2067; x_wconf 87' lang='lat' dir='ltr'>contradicere;</span> <span class='ocrx_word' id='word_1_169' title='bbox 1648 2007 1686 2054; x_wconf 90' lang='lat' dir='ltr'>si</span> <span class='ocrx_word' id='word_1_170' title='bbox 1711 2007 1818 2070; x_wconf 90' lang='lat' dir='ltr'>quis</span> <span class='ocrx_word' id='word_1_171' title='bbox 1839 2011 2002 2055; x_wconf 91' lang='lat' dir='ltr'>autem</span> <span class='ocrx_word' id='word_1_172' title='bbox 2034 2007 2128 2055; x_wconf 93' lang='lat' dir='ltr'>hoc</span> 
     </span>
     <span class='ocr_line' id='line_1_22' title="bbox 347 2090 2127 2155; baseline 0 -16"><span class='ocrx_word' id='word_1_173' title='bbox 347 2095 586 2140; x_wconf 88' lang='lat' dir='ltr'>attentare</span> <span class='ocrx_word' id='word_1_174' title='bbox 614 2091 963 2155; x_wconf 86' lang='lat' dir='ltr'>presumpserit</span> <span class='ocrx_word' id='word_1_175' title='bbox 993 2091 1378 2155; x_wconf 84' lang='lat' dir='ltr'>indignationem</span> <span class='ocrx_word' id='word_1_176' title='bbox 1409 2091 1752 2155; x_wconf 89' lang='lat' dir='ltr'>omnipotentis</span> <span class='ocrx_word' id='word_1_177' title='bbox 1784 2090 1871 2138; x_wconf 87' lang='lat' dir='ltr'>Dei</span> <span class='ocrx_word' id='word_1_178' title='bbox 1893 2095 1940 2139; x_wconf 87' lang='lat' dir='ltr'>et</span> <span class='ocrx_word' id='word_1_179' title='bbox 1958 2090 2127 2139; x_wconf 87' lang='lat' dir='ltr'>beato-</span> 
     </span>
     <span class='ocr_line' id='line_1_23' title="bbox 348 2174 2128 2239; baseline 0 -17"><span class='ocrx_word' id='word_1_180' title='bbox 348 2188 456 2222; x_wconf 86' lang='lat' dir='ltr'>rum</span> <span class='ocrx_word' id='word_1_181' title='bbox 477 2174 604 2223; x_wconf 89' lang='lat' dir='ltr'>Petri</span> <span class='ocrx_word' id='word_1_182' title='bbox 627 2178 674 2223; x_wconf 90' lang='lat' dir='ltr'>et</span> <span class='ocrx_word' id='word_1_183' title='bbox 695 2174 826 2230; x_wconf 78' lang='lat' dir='ltr'>Pauli</span> <span class='ocrx_word' id='word_1_184' title='bbox 845 2175 1174 2238; x_wconf 90' lang='lat' dir='ltr'>apostolorum</span> <span class='ocrx_word' id='word_1_185' title='bbox 1196 2176 1300 2239; x_wconf 89' lang='lat' dir='ltr'>ejus</span> <span class='ocrx_word' id='word_1_186' title='bbox 1328 2191 1379 2223; x_wconf 90' lang='lat' dir='ltr'>se</span> <span class='ocrx_word' id='word_1_187' title='bbox 1397 2175 1586 2223; x_wconf 87' lang='lat' dir='ltr'>noverit</span> <span class='ocrx_word' id='word_1_188' title='bbox 1610 2174 1930 2222; x_wconf 89' lang='lat' dir='ltr'>incursurum.</span> <span class='ocrx_word' id='word_1_189' title='bbox 1957 2177 2128 2222; x_wconf 89' lang='lat' dir='ltr'>Datum</span> 
     </span>
     <span class='ocr_line' id='line_1_24' title="bbox 349 2256 2128 2321; baseline -0.001 -15"><span class='ocrx_word' id='word_1_190' title='bbox 349 2261 500 2306; x_wconf 89' lang='lat' dir='ltr'>Rome</span> <span class='ocrx_word' id='word_1_191' title='bbox 542 2257 670 2321; x_wconf 91' lang='lat' dir='ltr'>apud</span> <span class='ocrx_word' id='word_1_192' title='bbox 706 2274 743 2304; x_wconf 78' lang='lat' dir='ltr'>S·</span> <span class='ocrx_word' id='word_1_193' title='bbox 787 2261 1002 2318; x_wconf 89' lang='lat' dir='ltr'>Petrum,</span> <span class='ocrx_word' id='word_1_194' title='bbox 1051 2274 1176 2306; x_wconf 91' lang='lat' dir='ltr'>anno</span> <span class='ocrx_word' id='word_1_195' title='bbox 1210 2258 1555 2306; x_wconf 88' lang='lat' dir='ltr'>incarnationis</span> <span class='ocrx_word' id='word_1_196' title='bbox 1599 2257 1838 2306; x_wconf 87' lang='lat' dir='ltr'>dominice</span> <span class='ocrx_word' id='word_1_197' title='bbox 1871 2256 2128 2304; x_wconf 90' lang='lat' dir='ltr'>millesimo</span> 
     </span>
     <span class='ocr_line' id='line_1_25' title="bbox 350 2338 2128 2406; baseline -0.002 -16"><span class='ocrx_word' id='word_1_198' title='bbox 350 2341 828 2406; x_wconf 86' lang='lat' dir='ltr'>quadringentesimo</span> <span class='ocrx_word' id='word_1_199' title='bbox 868 2341 1184 2405; x_wconf 85' lang='lat' dir='ltr'>nonagesimo</span> <span class='ocrx_word' id='word_1_200' title='bbox 1222 2341 1378 2401; x_wconf 90' lang='lat' dir='ltr'>tertio,</span> <span class='ocrx_word' id='word_1_201' title='bbox 1415 2340 1572 2388; x_wconf 91' lang='lat' dir='ltr'>idibus</span> <span class='ocrx_word' id='word_1_202' title='bbox 1607 2338 1895 2398; x_wconf 71' lang='lat' dir='ltr'>deCembris,</span> <span class='ocrx_word' id='word_1_203' title='bbox 1932 2338 2128 2403; x_wconf 83' lang='lat' dir='ltr'>pontifi-</span> 
     </span>
     <span class='ocr_line' id='line_1_26' title="bbox 350 2422 2125 2488; baseline -0.002 -14"><span class='ocrx_word' id='word_1_204' title='bbox 350 2429 482 2474; x_wconf 88' lang='lat' dir='ltr'>catus</span> <span class='ocrx_word' id='word_1_205' title='bbox 532 2425 685 2472; x_wconf 91' lang='lat' dir='ltr'>nostri</span> <span class='ocrx_word' id='word_1_206' title='bbox 721 2440 847 2472; x_wconf 90' lang='lat' dir='ltr'>anno</span> <span class='ocrx_word' id='word_1_207' title='bbox 888 2429 1076 2488; x_wconf 87' lang='lat' dir='ltr'>quarto.</span> <span class='ocrx_word' id='word_1_208' title='bbox 1125 2424 1396 2488; x_wconf 88' lang='lat' dir='ltr'>Registrata</span> <span class='ocrx_word' id='word_1_209' title='bbox 1433 2424 1482 2471; x_wconf 92' lang='lat' dir='ltr'>in</span> <span class='ocrx_word' id='word_1_210' title='bbox 1521 2423 1783 2472; x_wconf 88' lang='lat' dir='ltr'>secretaria</span> <span class='ocrx_word' id='word_1_211' title='bbox 1821 2422 2125 2486; x_wconf 86' lang='lat' dir='ltr'>apostolica:</span> 
     </span>
     <span class='ocr_line' id='line_1_27' title="bbox 351 2508 1551 2569; baseline -0.001 -13"><span class='ocrx_word' id='word_1_212' title='bbox 351 2509 651 2569; x_wconf 81' lang='lat' dir='ltr'>Laurentius3</span> <span class='ocrx_word' id='word_1_213' title='bbox 677 2512 729 2556; x_wconf 92' lang='lat' dir='ltr'>L</span> <span class='ocrx_word' id='word_1_214' title='bbox 757 2508 1139 2569; x_wconf 83' lang='lat' dir='ltr'>Podocatharus3</span> <span class='ocrx_word' id='word_1_215' title='bbox 1166 2512 1216 2559; x_wconf 92' lang='lat' dir='ltr'>L.</span> <span class='ocrx_word' id='word_1_216' title='bbox 1244 2509 1302 2558; x_wconf 91' lang='lat' dir='ltr'>de</span> <span class='ocrx_word' id='word_1_217' title='bbox 1321 2508 1551 2557; x_wconf 85' lang='lat' dir='ltr'>Penafiel.</span> 
     </span>
    </p>

    <p class='ocr_par' dir='ltr' id='par_1_3' title="bbox 349 2590 2176 2974">
     <span class='ocr_line' id='line_1_28' title="bbox 417 2590 2125 2656; baseline -0.002 -15"><span class='ocrx_word' id='word_1_218' title='bbox 417 2593 669 2641; x_wconf 87' lang='lat' dir='ltr'>Dominica</span> <span class='ocrx_word' id='word_1_219' title='bbox 696 2598 867 2656; x_wconf 91' lang='lat' dir='ltr'>quarta</span> <span class='ocrx_word' id='word_1_220' title='bbox 906 2593 1155 2652; x_wconf 87' lang='lat' dir='ltr'>adventus,</span> <span class='ocrx_word' id='word_1_221' title='bbox 1186 2596 1246 2641; x_wconf 77' lang='lat'>20</span> <span class='ocrx_word' id='word_1_222' title='bbox 1277 2592 1567 2651; x_wconf 85' lang='lat' dir='ltr'>decembris,</span> <span class='ocrx_word' id='word_1_223' title='bbox 1596 2594 1650 2639; x_wconf 88' lang='lat' dir='ltr'>R.</span> <span class='ocrx_word' id='word_1_224' title='bbox 1685 2591 1734 2638; x_wconf 92' lang='lat' dir='ltr'>in</span> <span class='ocrx_word' id='word_1_225' title='bbox 1775 2590 1963 2639; x_wconf 88' lang='lat' dir='ltr'>Christo</span> <span class='ocrx_word' id='word_1_226' title='bbox 1991 2591 2040 2638; x_wconf 90' lang='lat' dir='ltr'>P.</span> <span class='ocrx_word' id='word_1_227' title='bbox 2068 2592 2125 2638; x_wconf 94' lang='lat' dir='ltr'>D.</span> 
     </span>
     <span class='ocr_line' id='line_1_29' title="bbox 351 2672 2176 2741; baseline -0.003 -16"><span class='ocrx_word' id='word_1_228' title='bbox 351 2677 621 2741; x_wconf 90' lang='lat' dir='ltr'>Stephanus</span> <span class='ocrx_word' id='word_1_229' title='bbox 661 2677 1055 2741; x_wconf 86' lang='lat' dir='ltr'>archiepiscopus</span> <span class='ocrx_word' id='word_1_230' title='bbox 1088 2676 1390 2725; x_wconf 87' lang='lat' dir='ltr'>Patracensis</span> <span class='ocrx_word' id='word_1_231' title='bbox 1435 2676 1693 2725; x_wconf 90' lang='lat' dir='ltr'>celebravit</span> <span class='ocrx_word' id='word_1_232' title='bbox 1740 2675 1938 2723; x_wconf 90' lang='lat' dir='ltr'>missam</span> <span class='ocrx_word' id='word_1_233' title='bbox 1973 2672 2129 2738; x_wconf 90' lang='lat' dir='ltr'>publi-</span> <span class='ocrx_word' id='word_1_234' title='bbox 2169 2727 2176 2732; x_wconf 50' lang='grc'><strong>,</strong></span> 
     </span>
     <span class='ocr_line' id='line_1_30' title="bbox 351 2759 2130 2825; baseline -0.002 -17"><span class='ocrx_word' id='word_1_235' title='bbox 351 2776 475 2820; x_wconf 88' lang='lat' dir='ltr'>cam,</span> <span class='ocrx_word' id='word_1_236' title='bbox 503 2764 632 2824; x_wconf 89' lang='lat' dir='ltr'>Papa</span> <span class='ocrx_word' id='word_1_237' title='bbox 663 2764 908 2825; x_wconf 84' lang='lat' dir='ltr'>presente,</span> <span class='ocrx_word' id='word_1_238' title='bbox 948 2761 996 2808; x_wconf 92' lang='lat' dir='ltr'>in</span> <span class='ocrx_word' id='word_1_239' title='bbox 1030 2760 1215 2824; x_wconf 89' lang='lat' dir='ltr'>capella</span> <span class='ocrx_word' id='word_1_240' title='bbox 1247 2760 1436 2824; x_wconf 87' lang='lat' dir='ltr'>majori,</span> <span class='ocrx_word' id='word_1_241' title='bbox 1477 2776 1611 2809; x_wconf 90' lang='lat' dir='ltr'>more</span> <span class='ocrx_word' id='word_1_242' title='bbox 1646 2759 1805 2808; x_wconf 90' lang='lat' dir='ltr'>solito.</span> <span class='ocrx_word' id='word_1_243' title='bbox 1844 2759 2130 2806; x_wconf 88' lang='lat' dir='ltr'>Sermonem</span> 
     </span>
     <span class='ocr_line' id='line_1_31' title="bbox 349 2840 2127 2907; baseline -0.001 -17"><span class='ocrx_word' id='word_1_244' title='bbox 349 2843 463 2891; x_wconf 90' lang='lat' dir='ltr'>fecit</span> <span class='ocrx_word' id='word_1_245' title='bbox 484 2844 678 2906; x_wconf 89' lang='lat' dir='ltr'>quidam</span> <span class='ocrx_word' id='word_1_246' title='bbox 702 2844 849 2892; x_wconf 87' lang='lat' dir='ltr'>frater</span> <span class='ocrx_word' id='word_1_247' title='bbox 875 2844 1056 2892; x_wconf 87' lang='lat' dir='ltr'>ordinis</span> <span class='ocrx_word' id='word_1_248' title='bbox 1078 2844 1435 2893; x_wconf 87' lang='lat' dir='ltr'>carmelitarum</span> <span class='ocrx_word' id='word_1_249' title='bbox 1457 2859 1544 2907; x_wconf 91' lang='lat' dir='ltr'>pro</span> <span class='ocrx_word' id='word_1_250' title='bbox 1566 2846 1879 2907; x_wconf 86' lang='lat' dir='ltr'>procuratore</span> <span class='ocrx_word' id='word_1_251' title='bbox 1909 2840 2127 2905; x_wconf 86' lang='lat' dir='ltr'>ejusdem</span> 
     </span>
     <span class='ocr_line' id='line_1_32' title="bbox 349 2925 547 2974; baseline 0.005 -1"><span class='ocrx_word' id='word_1_252' title='bbox 349 2925 547 2974; x_wconf 88' lang='lat' dir='ltr'>ordinis.</span> 
     </span>
    </p>

    <p class='ocr_par' dir='ltr' id='par_1_4' title="bbox 341 3006 2129 3489">
     <span class='ocr_line' id='line_1_33' title="bbox 415 3006 2125 3071; baseline -0.002 -14"><span class='ocrx_word' id='word_1_253' title='bbox 415 3010 554 3058; x_wconf 87' lang='lat' dir='ltr'>Feria</span> <span class='ocrx_word' id='word_1_254' title='bbox 577 3011 804 3068; x_wconf 88' lang='lat' dir='ltr'>secunda,</span> <span class='ocrx_word' id='word_1_255' title='bbox 832 3013 884 3057; x_wconf 76' lang='lat'>21</span> <span class='ocrx_word' id='word_1_256' title='bbox 911 3010 1092 3058; x_wconf 91' lang='lat' dir='ltr'>mensis</span> <span class='ocrx_word' id='word_1_257' title='bbox 1115 3009 1403 3068; x_wconf 89' lang='lat' dir='ltr'>decembris,</span> <span class='ocrx_word' id='word_1_258' title='bbox 1430 3009 1608 3057; x_wconf 90' lang='lat' dir='ltr'>festum</span> <span class='ocrx_word' id='word_1_259' title='bbox 1631 3025 1670 3056; x_wconf 86' lang='lat' dir='ltr'>s.</span> <span class='ocrx_word' id='word_1_260' title='bbox 1695 3008 1880 3057; x_wconf 89' lang='lat' dir='ltr'>Thome</span> <span class='ocrx_word' id='word_1_261' title='bbox 1901 3006 2125 3071; x_wconf 90' lang='lat' dir='ltr'>apostoli,</span> 
     </span>
     <span class='ocr_line' id='line_1_34' title="bbox 348 3090 2129 3162; baseline -0.001 -23"><span class='ocrx_word' id='word_1_262' title='bbox 348 3095 403 3140; x_wconf 87' lang='lat' dir='ltr'>R.</span> <span class='ocrx_word' id='word_1_263' title='bbox 429 3093 476 3140; x_wconf 93' lang='lat' dir='ltr'>in</span> <span class='ocrx_word' id='word_1_264' title='bbox 509 3094 697 3142; x_wconf 84' lang='lat' dir='ltr'>Christo</span> <span class='ocrx_word' id='word_1_265' title='bbox 734 3096 785 3141; x_wconf 88' lang='lat' dir='ltr'>P.</span> <span class='ocrx_word' id='word_1_266' title='bbox 812 3093 1058 3140; x_wconf 85' lang='lat' dir='ltr'>Johannes</span> <span class='ocrx_word' id='word_1_267' title='bbox 1088 3091 1480 3155; x_wconf 87' lang='lat' dir='ltr'>archiepiscopus</span> <span class='ocrx_word' id='word_1_268' title='bbox 1515 3090 1802 3154; x_wconf 87' lang='lat' dir='ltr'>Ragusinus,</span> <span class='ocrx_word' id='word_1_269' title='bbox 1833 3090 2129 3162; x_wconf 83' lang='lat' dir='ltr'>gubernator</span> 
     </span>
     <span class='ocr_line' id='line_1_35' title="bbox 347 3171 2128 3241; baseline -0.002 -19"><span class='ocrx_word' id='word_1_270' title='bbox 347 3175 502 3235; x_wconf 87' lang='lat' dir='ltr'>Urbis,</span> <span class='ocrx_word' id='word_1_271' title='bbox 527 3177 575 3224; x_wconf 93' lang='lat' dir='ltr'>in</span> <span class='ocrx_word' id='word_1_272' title='bbox 595 3177 688 3224; x_wconf 89' lang='lat' dir='ltr'>vim</span> <span class='ocrx_word' id='word_1_273' title='bbox 707 3175 928 3241; x_wconf 88' lang='lat' dir='ltr'>specialis</span> <span class='ocrx_word' id='word_1_274' title='bbox 950 3174 1311 3239; x_wconf 89' lang='lat' dir='ltr'>supplicationis</span> <span class='ocrx_word' id='word_1_275' title='bbox 1333 3174 1422 3221; x_wconf 91' lang='lat' dir='ltr'>sub</span> <span class='ocrx_word' id='word_1_276' title='bbox 1437 3174 1548 3222; x_wconf 91' lang='lat' dir='ltr'>data</span> <span class='ocrx_word' id='word_1_277' title='bbox 1567 3174 1709 3223; x_wconf 90' lang='lat' dir='ltr'>tertio</span> <span class='ocrx_word' id='word_1_278' title='bbox 1727 3174 1834 3222; x_wconf 90' lang='lat' dir='ltr'>idus</span> <span class='ocrx_word' id='word_1_279' title='bbox 1855 3171 2128 3224; x_wconf 83' lang='lat' dir='ltr'>decembris</span> 
     </span>
     <span class='ocr_line' id='line_1_36' title="bbox 344 3255 2126 3324; baseline -0.001 -19"><span class='ocrx_word' id='word_1_280' title='bbox 344 3261 582 3321; x_wconf 88' lang='lat' dir='ltr'>presentis</span> <span class='ocrx_word' id='word_1_281' title='bbox 605 3261 790 3324; x_wconf 87' lang='lat' dir='ltr'>signate</span> <span class='ocrx_word' id='word_1_282' title='bbox 811 3263 962 3308; x_wconf 88' lang='lat' dir='ltr'>Rome</span> <span class='ocrx_word' id='word_1_283' title='bbox 985 3258 1033 3305; x_wconf 93' lang='lat' dir='ltr'>in</span> <span class='ocrx_word' id='word_1_284' title='bbox 1054 3258 1259 3307; x_wconf 88' lang='lat' dir='ltr'>ecclesia</span> <span class='ocrx_word' id='word_1_285' title='bbox 1287 3274 1324 3305; x_wconf 88' lang='lat' dir='ltr'>s.</span> <span class='ocrx_word' id='word_1_286' title='bbox 1351 3258 1599 3306; x_wconf 85' lang='lat' dir='ltr'>Michaelis</span> <span class='ocrx_word' id='word_1_287' title='bbox 1622 3258 1899 3322; x_wconf 87' lang='lat' dir='ltr'>archangeli</span> <span class='ocrx_word' id='word_1_288' title='bbox 1921 3257 1979 3305; x_wconf 92' lang='lat' dir='ltr'>de</span> <span class='ocrx_word' id='word_1_289' title='bbox 2002 3255 2126 3305; x_wconf 87' lang='lat' dir='ltr'>Urbe</span> 
     </span>
     <span class='ocr_line' id='line_1_37' title="bbox 343 3339 2124 3414; baseline -0.002 -25"><span class='ocrx_word' id='word_1_290' title='bbox 343 3343 626 3393; x_wconf 78' lang='lat' dir='ltr'>confirmate</span> <span class='ocrx_word' id='word_1_291' title='bbox 653 3345 786 3408; x_wconf 90' lang='lat' dir='ltr'>prius</span> <span class='ocrx_word' id='word_1_292' title='bbox 808 3347 919 3392; x_wconf 90' lang='lat' dir='ltr'>ante</span> <span class='ocrx_word' id='word_1_293' title='bbox 939 3342 1300 3390; x_wconf 87' lang='lat' dir='ltr'>inchoationem</span> <span class='ocrx_word' id='word_1_294' title='bbox 1321 3341 1466 3389; x_wconf 90' lang='lat' dir='ltr'>misse</span> <span class='ocrx_word' id='word_1_295' title='bbox 1487 3344 1544 3389; x_wconf 91' lang='lat' dir='ltr'>D.</span> <span class='ocrx_word' id='word_1_296' title='bbox 1570 3341 1751 3390; x_wconf 89' lang='lat' dir='ltr'>Vasino</span> <span class='ocrx_word' id='word_1_297' title='bbox 1773 3341 1833 3390; x_wconf 88' lang='lat' dir='ltr'>de</span> <span class='ocrx_word' id='word_1_298' title='bbox 1853 3339 2124 3414; x_wconf 59' lang='lat' dir='ltr'>Gambaris‚</span> 
     </span>
     <span class='ocr_line' id='line_1_38' title="bbox 341 3421 2128 3489; baseline 0.002 -19"><span class='ocrx_word' id='word_1_299' title='bbox 341 3424 586 3487; x_wconf 89' lang='lat' dir='ltr'>preposito</span> <span class='ocrx_word' id='word_1_300' title='bbox 606 3425 816 3483; x_wconf 80' lang='lat' dir='ltr'>Astensi,</span> <span class='ocrx_word' id='word_1_301' title='bbox 843 3425 969 3474; x_wconf 89' lang='lat' dir='ltr'>sedis</span> <span class='ocrx_word' id='word_1_302' title='bbox 991 3424 1254 3489; x_wconf 88' lang='lat' dir='ltr'>apostolice</span> <span class='ocrx_word' id='word_1_303' title='bbox 1277 3423 1591 3483; x_wconf 87' lang='lat' dir='ltr'>subdiacono,</span> <span class='ocrx_word' id='word_1_304' title='bbox 1611 3429 1659 3472; x_wconf 90' lang='lat' dir='ltr'>et</span> <span class='ocrx_word' id='word_1_305' title='bbox 1677 3423 1962 3473; x_wconf 87' lang='lat' dir='ltr'>Innocentio</span> <span class='ocrx_word' id='word_1_306' title='bbox 1979 3421 2128 3474; x_wconf 80' lang='lat' dir='ltr'>etiam.</span> 
     </span>
    </p>
   </div>
  </div>
 </body>
</html>
