2202 3926
206 314 459 356 [Juillet1494]
645 314 815 353 RERUM
848 314 1152 354 URBANARUM
1185 317 1534 358 COMMENTARH.
1921 327 1985 363 181

207 422 338 466 esset
359 421 471 466 ante
493 422 682 481 portam
706 433 745 465 s.
771 417 1015 466 Laurentii
1038 417 1289 468 descendit
1316 420 1375 468 de
1398 435 1541 483 equo,
1567 424 1614 469 et
1634 424 1849 471 ascendit
1872 442 1984 489 pos-

204 504 283 550 tea
308 501 516 561 mulam;
542 501 810 550 cardinales
841 501 1069 550 continuo
1097 518 1184 566 per
1207 503 1326 551 viam
1355 510 1699 567 precesserunt
1729 508 1907 570 Papam
1940 515 1986 559 et

205 585 358 634 secuti
378 589 487 633 sunt
509 590 867 634 sacramentum
889 589 936 634 et
956 586 1100 634 male.

271 669 407 717 Circa
426 669 595 717 horam
616 670 820 733 primam
842 669 1014 728 noctis,
1040 673 1167 735 Papa
1183 672 1312 720 venit
1337 672 1585 720 Tiburtum
1608 673 1686 721 ubi
1716 678 1850 723 extra
1870 690 1982 739 por-

203 758 301 802 tam
324 754 625 816 superiorem
644 753 893 801 descendit
911 753 970 801 de
992 754 1123 802 mula
1140 759 1188 803 et
1209 755 1331 804 sedit
1352 756 1399 803 in
1424 757 1527 820 ejus
1553 757 1686 816 sede,
1709 758 1754 805 in
1778 774 1873 822 qua
1896 759 1983 807 fuit

203 837 378 885 deinde
401 853 553 900 usque
587 837 647 885 ad
669 837 923 885 ecclesiam
947 854 986 885 s.
1017 839 1258 886 Francisci
1286 843 1504 903 portatus
1532 856 1560 888 a
1587 841 1785 899 civibus,
1816 847 1862 891 et
1885 843 1983 890 suis

201 919 525 968 cardinalibus
551 919 710 983 ipsum
729 919 774 965 in
797 919 894 966 suis
923 920 1205 982 equitaturis
1235 923 1546 984 sequentibus
1573 942 1581 970 :
1610 939 1775 972 comes
1799 925 1983 974 officia—

201 1003 319 1051 lium
350 1001 600 1061 Tiburtini,
630 1002 724 1049 hoc
757 1003 954 1050 nomine
993 1004 1277 1066 appellatus,
1313 1010 1449 1053 extra
1487 1010 1676 1069 portam
1717 1008 1982 1071 predictam

201 1085 371 1133 obtulit
401 1087 528 1148 Pape
563 1084 718 1132 claves
751 1085 952 1134 civitatis
984 1086 1085 1135 sine
1107 1087 1245 1135 bacili
1269 1107 1278 1146 ;
1303 1088 1430 1137 intra
1459 1095 1650 1153 portam
1690 1093 1978 1155 exspectavit

199 1168 445 1233 processio
476 1184 568 1232 que
597 1170 774 1232 Papam
811 1169 921 1218 inde
951 1186 1102 1233 usque
1134 1171 1193 1218 ad
1225 1171 1402 1220 dictam
1432 1173 1690 1222 ecclesiam
1723 1175 1978 1233 conduxit;

200 1252 418 1300 ordinata
440 1252 584 1300 etiam
606 1252 796 1301 fuerant
825 1254 1178 1317 quamplurima
1204 1255 1447 1303 intorticia
1467 1272 1554 1320 per
1581 1258 1980 1307 communitatem

199 1336 515 1395 Tiburtinam,
552 1352 639 1400 per
676 1337 801 1385 cives
838 1342 949 1385 ante
988 1342 1344 1386 sacramentum
1393 1344 1439 1387 et
1488 1342 1666 1403 Papam
1710 1347 1898 1405 portata
1934 1344 1980 1390 in

201 1422 406 1470 ecclesia
434 1438 473 1469 s.
506 1422 766 1470 Francisci.
793 1425 921 1486 Papa
947 1422 1206 1486 genuflexit
1231 1425 1341 1470 ante
1370 1419 1524 1470 'altare
1554 1423 1710 1486 majus
1741 1423 1790 1470 in
1818 1424 1983 1471 faldis-

198 1506 322 1554 torio
345 1521 429 1554 seu
453 1505 567 1553 sede
586 1505 765 1554 ibidem
788 1505 875 1553 sibi
897 1509 1080 1568 parata,
1106 1505 1205 1565 ubi,
1233 1520 1290 1553 eo
1316 1507 1503 1563 orante,
1529 1504 1686 1553 dictus
1711 1510 1783 1553 est
1811 1521 1977 1554 versus

198 1596 246 1638 et
267 1590 419 1639 oratio
447 1607 535 1656 per
561 1590 793 1638 vicarium
819 1589 1032 1654 episcopi
1063 1589 1318 1648 Tiburtini,
1344 1587 1519 1636 deinde
1549 1589 1753 1637 surrexit
1786 1592 1915 1653 Papa
1935 1596 1982 1638 et

196 1675 246 1721 in
281 1675 418 1723 altari
446 1674 622 1739 populo
651 1673 916 1732 benedixit,
941 1673 1107 1722 dicens
1133 1673 1208 1720 Sit
1230 1689 1400 1720 nomen
1431 1672 1648 1732 Domini,
1675 1680 1760 1720 etc.
1786 1677 1833 1721 et
1863 1688 1980 1721 con-

197 1758 343 1806 cessit
371 1758 697 1822 indulgentias
729 1764 916 1822 septem
943 1774 1182 1806 annorum
1211 1762 1258 1806 et
1288 1757 1490 1806 totidem
1531 1757 1971 1821 quadragenarum,

195 1841 417 1890 videlicet
445 1857 561 1905 quas
590 1841 850 1904 publicavit
877 1842 1132 1890 cardinalis
1163 1841 1314 1889 sancti
1346 1841 1566 1904 Georgii,
1598 1842 1710 1904 quia
1742 1842 1970 1890 Senensis

196 1929 481 1988 prevenerat
502 1927 681 1987 Papam
704 1931 750 1973 et
772 1931 1015 1973 manserat
1035 1925 1083 1972 in
1105 1940 1191 1973 suo
1214 1924 1445 1988 hospitio.
1470 1924 1586 1972 Inde
1609 1927 1738 1988 Papa
1756 1930 1973 1988 portatus

196 2009 283 2056 fuit
305 2008 366 2056 ad
392 2023 612 2057 cameras
641 2023 752 2055 suas
777 2009 915 2072 juxta
945 2006 1123 2056 dictam
1152 2006 1407 2057 ecclesiam
1435 2007 1703 2057 honorifice
1725 2013 1971 2071 paratam3

195 2092 280 2140 sed
307 2107 419 2140 cum
449 2091 650 2142 intraret
676 2093 882 2158 aspersit
918 2108 969 2140 se
1005 2108 1128 2155 aqua
1161 2096 1326 2141 sancta
1362 2098 1410 2141 et
1439 2093 1807 2142 circumstantes
1838 2108 1973 2141 more

196 2175 354 2224 solito.
390 2175 653 2223 Cardinalis
681 2193 720 2224 s.
745 2176 939 2240 Georgii
964 2191 989 2224 e
1014 2176 1236 2224 manibus
1258 2176 1372 2224 dicti
1402 2176 1561 2224 vicarii
1590 2179 1719 2240 P-ape
1747 2192 1972 2241 asperso-

194 2258 317 2306 rium
338 2257 602 2322 porrigenti
621 2260 831 2324 accepit3
854 2260 1197 2308 baldachinum
1218 2263 1345 2324 Pape
1367 2264 1679 2324 portaverunt
1700 2261 1843 2308 cives.

259 2341 527 2402 Dominica,
566 2346 621 2391 13
641 2343 766 2407 julii,
798 2345 882 2391 SS.
920 2347 976 2391 D.
1008 2349 1191 2404 noster,
1229 2344 1357 2392 circa
1388 2344 1557 2392 horam
1590 2344 1892 2408 vigesimam,
1923 2343 1970 2390 in

196 2426 311 2474 sede
335 2441 422 2474 sua
444 2427 618 2474 sedens
642 2427 842 2475 recessit
860 2443 919 2475 ex
939 2427 1138 2476 Tiburto
1161 2428 1313 2476 iturus
1334 2428 1658 2487 Vicovarium,
1680 2427 1972 2492 precedente

191 2511 348 2574 ipsum
384 2525 527 2558 cruce
562 2526 665 2570 sua,
702 2515 1024 2570 sacramento,
1058 2516 1105 2559 et
1130 2512 1453 2560 cardinalibus
1489 2512 1649 2576 ipsum
1681 2514 1860 2575 Papam
1895 2527 1972 2559 se-

192 2593 451 2656 quentibus
473 2610 482 2640 :
509 2609 619 2641 cum
641 2599 770 2642 esset
793 2598 929 2642 extra
949 2599 1139 2658 portam
1161 2595 1479 2654 Tiburtinam,
1506 2594 1756 2643 descendit
1777 2596 1834 2643 de
1859 2595 1972 2642 sede

192 2680 240 2724 et
269 2677 484 2724 ascendit
514 2677 694 2725 mulam
724 2678 773 2725 in
812 2694 908 2741 qua
941 2678 1168 2741 equitavit
1202 2695 1351 2742 usque
1387 2678 1446 2726 ad
1485 2682 1673 2742 portam
1714 2678 1968 2737 Vicovarii,

192 2760 515 2808 cardinalibus
536 2761 696 2824 ipsum
719 2778 912 2826 semper
934 2762 1264 2826 sequentibus,
1290 2762 1369 2825 qui
1393 2766 1579 2825 septem
1608 2762 1816 2820 fuerunt,
1841 2761 1971 2809 vide-

190 2846 303 2893 licet
335 2861 344 2892 :
382 2845 725 2909 Neapolitanus
759 2851 806 2894 et
839 2846 1176 2895 Ulixbonensis
1209 2846 1450 2910 episcopi;
1485 2845 1660 2893 Montis
1700 2846 1892 2909 Regalis
1926 2851 1972 2894 et

192 2929 411 2985 Ursinus,
433 2929 732 2994 presbyteri3
759 2930 1004 2989 Senensis,
1029 2930 1324 2979 camerarius
1346 2929 1713 2989 etValentinus,
1743 2929 1930 2978 diaconi
1958 2947 1966 2977 :

191 3016 327 3060 extra
346 3016 534 3077 portam
553 3014 792 3062 Vicovarii
813 3017 942 3078 Papa
962 3014 1211 3063 descendit
1233 3014 1291 3063 de
1314 3014 1444 3062 mula
1461 3019 1526 3075 et,
1549 3019 1746 3078 recepto
1769 3014 1965 3071 amictu,

192 3094 318 3153 alba,
343 3095 607 3159 cinguloflet
638 3098 759 3145 stola
779 3098 1000 3162 pulchra,
1022 3098 1252 3146 cardinali
1275 3099 1496 3160 Senensi,
1520 3099 1598 3163 qui
1629 3099 1687 3147 de
1710 3098 1839 3146 mula
1866 3098 1971 3145 des-

193 3177 438 3237 cenderat,
454 3179 612 3242 ipsum
627 3187 845 3244 parante,
865 3182 1082 3230 ascendit
1103 3182 1163 3230 ad
1180 3183 1365 3242 sedem,
1384 3183 1433 3230 in
1451 3199 1546 3246 qua
1561 3186 1776 3246 portatus
1794 3186 1866 3229 est
1884 3196 1970 3243 per

193 3265 382 3325 portam
420 3259 697 3311 inferiorem
720 3261 878 3328 *usque
913 3265 972 3313 ad
1003 3266 1258 3314 ecclesiam
1292 3282 1441 3330 prope
1465 3270 1694 3322 castrum,
1726 3264 1966 3313 cardinale

194 3343 397 3392 Senensi
426 3344 631 3408 pedibus
663 3348 759 3395 suis
792 3355 901 3412 post
931 3355 1287 3398 sacramentum
1316 3352 1494 3414 Papam
1522 3348 1830 3414 precedente,
1864 3346 1966 3412 aliis

194 3427 516 3476 cardinalibus
540 3427 587 3474 in
620 3429 716 3476 suis
744 3432 1026 3493 equitaturis
1056 3436 1233 3496 Papam
1261 3432 1591 3495 sequentibus.
1622 3431 1758 3478 Circa
1788 3429 1963 3490 vigesi-
