2222 3926
326 344 396 380 252
499 357 506 365 ·
783 350 786 352 “
933 342 1165 380 JOHANNIS
1202 341 1498 388 BURCHARDI,
1779 341 1988 381 [Decembre
2009 343 2101 384 1495]

327 446 583 510 episcopus
599 445 968 495 Concordiensis
988 445 1099 493 fecit
1121 444 1388 492 orationem
1411 443 1579 506 deliga
1594 442 1972 506 supradictaque
1994 449 2102 508 post

326 530 631 577 modum‘suit
667 529 904 593 impressa
932 528 1101 576 eadem
1126 527 1200 574 die
1232 530 1316 591 (1).
1344 528 1445 581 Qua
1473 525 1690 573 oratione
1714 525 1864 586 finita,
1890 542 2102 589 pronun-

327 613 464 661 ciavit
485 612 663 676 populo
685 611 925 675 plenarias
938 609 1261 672 indulgentias
1276 602 1674 657 interessentibus
1693 624 1950 658 concessas
1967 626 2100 660 more

327 696 490 753 solit03
517 694 687 757 quibus
708 693 963 757 publicatis
982 697 1232 756 apportato
1255 692 1343 740 sibi
1365 692 1424 740 ab
1446 692 1780 741 assistentibus
1800 692 1939 753 libro,
1967 692 2100 742 ince-

329 779 395 842 pit
430 782 624 825 cantare
651 793 659 824 :
688 777 751 825 Te
786 776 941 824 Deum
974 775 1271 835 Laudamus,
1301 781 1414 836 etc.,
1453 775 1580 839 quod
1613 781 1834 824 cantores
1861 777 2098 840 persecuti

327 867 438 908 sunt
460 875 614 923 usque
636 860 696 908 ad
718 859 883 909 finem.
909 862 1040 907 Tunc
1063 861 1192 923 Papa
1215 859 1458 908 inchoavit
1483 860 1633 907 Pater
1651 859 1842 919 Noster,
1874 860 1995 908 sicut
2012 877 2099 924 pro

326 944 526 992 mortuis
546 943 651 991 fieri
673 944 811 1002 solet,
825 943 951 1006 quod
966 942 1091 991 male
1111 943 1309 1001 sonavit,
1330 942 1503 991 etdixit
1516 942 1775 991 versiculos
1791 959 1900 991 cum
1912 933 2099 992 duobus

328 1027 624 1075 orationibus
662 1027 710 1074 in
752 1026 1077 1090 publicatione
1115 1025 1333 1074 federum
1364 1042 1451 1090 pro
1484 1026 1766 1074 defensione
1802 1025 2015 1074 Ecclesie
2053 1031 2101 1076 et

324 1111 457 1174 pacis
476 1110 841 1158 conservatione
863 1109 978 1157 inite
997 1125 1006 1168 ;
1034 1109 1206 1158 deinde
1223 1110 1402 1173 populo
1425 1109 1669 1158 benedixit
1691 1108 1780 1174 (2).

388 1193 526 1243 Feria
542 1193 723 1256 quinta,
745 1197 802 1241 10
823 1193 1112 1252 decembris,
1130 1193 1195 1240 fui
1215 1208 1325 1240 cum
1347 1196 1485 1240 Rmo.
1503 1195 1559 1241 D.
1580 1183 1807 1241 cardinali
1820 1195 1949 1243 abeo
1967 1182 2101 1243 voca-

323 1282 417 1336 tus,
439 1277 520 1341 qui
553 1277 673 1324 mihi
704 1277 819 1326 dixit
856 1278 939 1324 SS.
974 1279 1031 1324 D.
1069 1281 1288 1343 nostrum
1322 1276 1399 1325 die
1433 1276 1674 1325 dominica
1702 1277 1918 1341 proxime
1939 1278 2100 1328 fut-ura

325 1361 552 1410 statuisse
576 1360 941 1424 processionem
965 1360 1241 1423 generalem
1263 1359 1367 1407 fieri
1393 1375 1421 1408 a
1446 1360 1577 1408 clero
1603 1360 1742 1408 Urbis
1770 1361 1831 1409 ad
1849 1360 2096 1409 basilicam

300 1507 302 1511 ,
324 1461 362 1493 s.
389 1444 535 1504 Petri,
560 1445 619 1492 ad
637 1459 779 1507 quam
799 1444 944 1492 etiam
967 1443 1203 1491 Sanctitas
1233 1459 1319 1491 sua
1346 1459 1457 1492 cum
1488 1442 1809 1498 cardinalibus
1831 1447 1876 1491 et
1897 1435 2094 1507 prelatis

324 1545 381 1577 ea
399 1529 474 1576 die
504 1527 671 1592 venire
693 1527 834 1576 vellet
856 1527 904 1574 in
924 1527 1219 1590 paramentis
1252 1527 1371 1575 albis
1401 1527 1461 1575 ad
1489 1527 1853 1591 supplicandum
1872 1527 2094 1591 omnipo-

324 1613 444 1661 tenti
467 1615 568 1661 Deo
597 1626 683 1675 pro
705 1611 829 1659 aeris
852 1611 1111 1659 serenitate
1137 1629 1145 1658 :
1171 1611 1473 1660 commisisse
1502 1612 1813 1659 Sanctitatem
1847 1628 1983 1660 suam
2005 1612 2094 1676 ipsi

322 1695 451 1759 quod
478 1693 757 1758 hujusmodi
783 1694 1146 1757 processionem
1173 1694 1276 1742 fieri
1304 1694 1566 1754 ordinaret,
1597 1711 1683 1758 pro
1718 1696 1855 1758 cujus
1883 1683 2094 1744 mandati

323 1778 608 1826 executione
642 1776 944 1825 commisisse
981 1776 1157 1824 vicario
1195 1777 1333 1825 Urbis
1361 1777 1488 1840 quod
1516 1777 1717 1837 clerum,
1754 1782 2019 1826 conventus
2050 1783 2096 1827 et

322 1861 572 1926 religiosos
594 1865 852 1927 ‘exemptos
873 1864 1158 1908 convocaret
1176 1860 1236 1908 ad
1248 1860 1504 1909 ecclesiam
1521 1877 1558 1908 s.
1576 1861 1813 1909 Laurentii
1827 1861 1875 1908 in
1890 1864 2096 1910 Damaso

319 1945 383 1993 'de
397 1944 549 2010 Urbe,
567 1943 785 2008 predicta
798 1944 874 1990 die
891 1943 1152 2013 dominica,
1169 1948 1215 1993 et
1229 1944 1351 1992 hora
1363 1944 1555 2002 ,circiter
1575 1945 1886 2008 quindecima
1895 1962 2095 2010 proces-

324 2027 574 2077 sionaliter
605 2042 777 2077 omnes
808 2026 1025 2075 venirent
1055 2027 1116 2075 ad
1145 2028 1324 2076 dictam
1361 2028 1606 2077 basilicam
1639 2044 1726 2092 pro
1755 2027 1877 2077 hora
1909 2027 2096 2079 decima

370 2222 404 2259 1.
433 2236 451 2255 «
468 2221 595 2257 Sermo
615 2219 764 2257 habitus
779 2220 894 2256 Rome
915 2218 950 2254 in
966 2218 1120 2255 ecclesia
1131 2218 1257 2255 Sancti
1272 2218 1369 2254 Petri
1387 2218 1423 2254 in
1436 2218 1492 2254 die
1513 2217 1712 2266 palmarum
1732 2230 1827 2268 anno
1848 2218 1982 2255 domini
2003 2219 2094 2255 1495

320 2292 439 2317 coram
461 2281 701 2318 Sanctissimo
722 2279 757 2315 in
779 2279 927 2316 Christo
948 2279 1056 2314 Patre
1077 2281 1112 2314 et
1129 2277 1281 2314 Domino
1302 2281 1425 2314 nostro
1446 2278 1490 2313 D.
1504 2277 1710 2314 Alexandro
1730 2277 1850 2314 divina
1869 2277 2096 2326 providentia

318 2341 418 2389 Papa
443 2340 604 2377 sexto'in
631 2339 875 2389 publicatione
904 2336 1209 2375 confederationis
1239 2336 1324 2373 inite
1350 2336 1443 2373 inter
1468 2337 1588 2385 ipsum
1608 2349 1650 2373 ac
1672 2337 1917 2374 Romanorum
1937 2341 1972 2374 et
1997 2339 2094 2388 Hys-

319 2400 427 2449 panie
459 2412 581 2449 reges,
615 2399 909 2446 Venetorumque
930 2402 1038 2446 atque
1065 2397 1394 2436 Mediolanensium
1414 2399 1526 2434 duces
1548 2410 1611 2447 per
1641 2399 1878 2435 reverendum
1911 2398 2096 2435 dominum

320 2459 531 2497 Leonellum
557 2460 602 2497 de
624 2458 850 2505 Chieregatis
870 2458 1097 2494 decretorum
1117 2458 1300 2494 doctorem
1328 2457 1540 2506 episcopum
1568 2457 1865 2494 concordiensem
1884 2469 1925 2494 ac
1952 2458 2094 2495 Sancti-

319 2520 404 2557 tatis
427 2532 492 2556 sue
513 2519 794 2556 referendarium
822 2516 1072 2555 domesticum.
1105 2532 1123 2551 »
1148 2518 1210 2564 (Se
1232 2521 1358 2554 trouve
1379 2518 1470 2554 dans
1493 2515 1758 2556 Sanutoqmss.
1782 2519 1887 2565 1422,
1915 2517 1975 2556 fol.
2003 2518 2092 2563 1133

321 2580 413 2616 omis
434 2579 469 2617 d.
493 2578 604 2616 l’edit.
621 2579 665 2615 de
686 2578 820 2627 Fulin.)
851 2595 854 2596 ⁷

366 2641 401 2677 2.
433 2654 451 2673 «
472 2639 503 2675 A
523 2639 640 2676 Roma
665 2639 773 2675 etiam
793 2639 828 2675 fo
855 2639 943 2676 tatto
970 2639 1007 2674 in
1033 2639 1083 2676 tal
1108 2650 1217 2675 zorno
1239 2650 1329 2687 gran
1358 2637 1611 2683 solemnitade,
1635 2638 1780 2686 perche,
1802 2638 1967 2676 havendo
1987 2639 2095 2676 bene-

319 2700 418 2736 detto
445 2699 478 2735 le
511 2699 642 2748 palme,
666 2699 760 2736 ando
794 2698 827 2736 el
852 2698 1030 2735 Pontifice
1063 2711 1085 2735 a
1111 2698 1151 2734 S.
1179 2698 1300 2744 Piero,
1329 2703 1364 2735 et
1395 2697 1427 2733 el
1454 2698 1552 2735 card.
1584 2698 1804 2744 Benevento,
1830 2698 1866 2734 fo
1891 2701 2023 2746 nepote
2049 2699 2094 2734 de

319 2758 546 2805 Innocentio,
566 2759 664 2795 disse
685 2771 821 2805 messa,
844 2762 880 2796 et
898 2762 1074 2796 mostrato
1095 2770 1167 2795 uno
1188 2757 1296 2807 legno
1311 2758 1354 2794 de
1376 2757 1485 2805 quelli
1494 2758 1530 2794 fo
1550 2758 1657 2794 ficato
1677 2757 1710 2794 el
1729 2758 1949 2806 Redemptor
1967 2762 2093 2795 nostro

326 2830 369 2854 su
386 2818 420 2854 la
448 2816 513 2863 -l-‚
534 2830 601 2855 con
621 2818 732 2855 molta
752 2819 957 2865 devotione,
980 2822 1016 2855 et
1040 2818 1077 2854 in
1103 2818 1241 2854 chiesia
1260 2817 1341 2854 tutti
1361 2817 1453 2854 oltra
1478 2816 1597 2853 l'olivo
1622 2817 1761 2854 haveva
1787 2829 1859 2853 una
1883 2816 2032 2854 candela
2056 2816 2092 2853 in

319 2878 440 2915 mano.
464 2877 507 2913 Et
525 2877 560 2913 fo
580 2877 668 2914 fatto
689 2889 762 2913 una
781 2878 943 2915 oratione
969 2890 1034 2926 per
1062 2878 1094 2914 el
1113 2889 1269 2915 vescovo
1296 2877 1340 2914 de
1367 2877 1581 2923 Concordia,
1603 2877 1784 2914 vicentino
1812 2878 1855 2914 de
1876 2889 1964 2914 caxa
1983 2877 2091 2914 Chie-

320 2940 460 2985 regato,
480 2936 517 2972 in
538 2936 745 2973 laudatione
766 2937 802 2972 di
821 2937 872 2974 tal
891 2937 996 2985 lega;
1019 2937 1054 2972 la
1074 2937 1158 2985 qual
1184 2937 1247 2984 qui
1266 2941 1361 2974 sotto
1383 2940 1465 2974 sara
1485 2937 1610 2974 scritta
1630 2941 1666 2973 et
1690 2936 1749 2984 poi
1767 2936 1964 2984 publicata.
1986 2937 2094 2975 Tutto

319 2995 403 3043 quel
423 3007 531 3033 zorno
557 2995 594 3031 in
619 2995 737 3032 Roma
763 2999 854 3032 sono
876 3008 1063 3044 campane,
1086 3001 1122 3033 et
1140 2996 1175 3033 in
1197 2996 1309 3033 castel
1335 2997 1450 3033 Santo
1475 2996 1612 3033 Anzolo
1632 2995 1785 3040 trombe,
1808 3000 1844 3032 et
1868 2995 1905 3032 in
1932 3007 2022 3033 caxa
2047 2997 2092 3033 de

320 3054 502 3091 Cardinali
528 3055 665 3103 grande
694 3054 859 3102 alegreza
886 3060 921 3092 et
943 3055 980 3091 in
1007 3068 1097 3092 eaxa
1124 3055 1161 3092 di
1187 3055 1447 3092 l'ambassador
1466 3060 1596 3092 veneto
1616 3056 1650 3092 fo
1675 3060 1802 3093 tenuto
1828 3059 1925 3093 corte
1944 3056 2091 3102 bandia‚

320 3126 387 3150 con
415 3114 652 3160 confectione,
675 3117 766 3159 etc.;
787 3113 872 3151 tutti
899 3114 1043 3151 cridava
1071 3127 1079 3151 :
1108 3114 1248 3153 Marco!
1277 3115 1419 3151 Marco!
1441 3115 1485 3152 Et
1510 3127 1531 3152 a
1553 3120 1684 3163 questa
1706 3116 1939 3163 processione
1960 3127 2033 3153 non
2058 3116 2095 3153 vi

319 3173 426 3221 volge
447 3173 548 3210 venir
574 3173 606 3210 el
628 3172 797 3210 Cardinal
818 3173 852 3209 di
873 3174 913 3210 S.
937 3174 1102 3211 Dionisio
1127 3174 1288 3211 franzese
1308 3178 1353 3210 ne
1374 3174 1519 3211 l'orator
1537 3175 1574 3211 di
1594 3175 1740 3213 Franza.
1763 3175 1809 3213 Et
1827 3175 1886 3224 poi
1907 3175 1940 3212 la
1960 3187 2041 3212 sera
2060 3179 2096 3212 et

319 3232 356 3269 in
377 3232 525 3270 castello
552 3238 588 3270 et
607 3245 697 3270 caxa
723 3233 767 3269 de
795 3232 975 3269 Cardinali
999 3232 1127 3280 prelati
1153 3236 1187 3269 et
1213 3232 1461 3269 ambassadori
1481 3233 1516 3270 fo
1536 3233 1624 3270 fatto
1645 3245 1735 3282 gran
1755 3233 1857 3282 suogi
1877 3238 1913 3270 et
1931 3233 2093 3278 lumiere,
2128 3244 2140 3253 ·

319 3295 355 3328 et
368 3291 416 3327 dil
436 3296 566 3329 veneto
586 3293 649 3342 piu
670 3292 705 3328 di
728 3293 798 3344 100
816 3291 964 3328 lumiere
990 3304 1012 3328 a
1036 3296 1143 3329 torno
1169 3292 1203 3328 la
1229 3304 1296 3329 sua
1321 3303 1410 3328 caxa
1436 3297 1471 3329 et
1490 3292 1578 3330 fatto
1603 3293 1650 3330 do
1677 3305 1767 3342 gran
1793 3293 1895 3342 fuogi
1916 3293 1952 3330 in
1980 3305 2096 3343 segno

320 3351 368 3387 de
397 3351 658 3389 consolatione.
687 3351 732 3389 Et
757 3351 789 3388 el
814 3363 924 3388 zorno
949 3351 1087 3397 driedo,
1109 3351 1143 3388 fo
1169 3363 1190 3387 a
1215 3352 1249 3387 di
1279 3352 1322 3388 13
1347 3351 1451 3400 april,
1479 3343 1744 3389 l'ambassador
1769 3352 1858 3390 ditto
1885 3352 1934 3388 dil
1959 3352 2014 3389 Re
2049 3354 2094 3391 de

319 3410 458 3446 Franza
477 3413 570 3458 parti
590 3411 636 3447 da
656 3411 773 3447 Roma
791 3411 862 3448 mal
881 3414 1051 3448 contento
1071 3414 1107 3447 et
1126 3411 1261 3448 ritorno
1276 3411 1446 3459 aNapoli.
1470 3427 1489 3445 »
1505 3412 1658 3458 Sanuto,
1675 3424 1710 3460 p.
1733 3413 1814 3449 306.
1831 3433 1877 3438 -
1890 3411 2096 3460 Lejournal

316 3469 360 3506 de
384 3469 571 3506 Burchard
590 3473 759 3518 presente
775 3483 845 3508 une
866 3470 993 3508 lacune
1014 3470 1058 3507 de
1077 3472 1099 3506 8
1120 3471 1226 3516 mois,
1249 3471 1297 3508 du
1319 3472 1364 3507 12
1385 3471 1472 3508 avril
1493 3483 1539 3508 au
1562 3473 1604 3508 10
1625 3471 1813 3508 decembre
1835 3471 1939 3509 1495.
