2202 3926
137 306 218 348 {Mai
239 306 332 344 1494]
579 304 747 340 RERUM
783 302 1083 339 URBANARUM
1116 302 1470 340 COMMENTARH.
1850 275 1916 345 153

135 406 273 456 mora
305 407 530 456 homines
564 408 624 456 ad
651 408 875 457 sudorem
908 408 1253 473 prOvocantur;
1292 412 1364 455 est
1397 408 1446 455 in
1480 423 1537 456 eo
1565 408 1758 471 quidam
1790 408 1911 473 lapis

133 492 335 555 positus,
373 492 551 541 cavallo
585 484 905 557 nuncupatus,
942 508 1087 556 quem
1126 491 1397 555 transgredi
1433 482 1534 539 non'
1565 490 1678 539 licet
1714 496 1913 555 propter

133 577 306 625 caloris
338 577 623 642 perleulum.
648 570 733 625 vAb
766 576 859 625 alia
890 581 1025 640 parte
1055 577 1192 641 juxta
1224 575 1472 623 introitum
1508 573 1808 638 hujusmodi,
1852 575 1913 622 ad

134 659 378 708 sudatoria
414 665 526 707 sunt
562 660 655 709 due
690 659 936 709 camerule
975 659 1025 706 in
1064 659 1168 723 ipso
1215 662 1380 706 monte
1423 658 1601 717 excise,
1652 662 1698 706 et
1734 657 1782 705 in
1821 657 1914 705 illis

131 744 344 807 quinque
375 744 528 792 forme
559 744 795 793 lectorum
821 743 966 792 etiarn
994 743 1162 801 incise,
1187 743 1234 790 in
1257 742 1429 806 quibus
1452 742 1676 791 homines
1703 736 1914 791 vestibus

133 844 184 876 se
222 828 446 892 spoliant,
488 833 535 877 et
568 828 695 877 lecta
727 844 893 877 secum
932 834 1180 892 portantes
1217 818 1329 892 post*
1365 826 1679 876 emissionem
1721 826 1912 874 sudoris

132 911 399 975 quiescunt.
434 911 548 959 Inde
583 927 750 959 versus
778 911 1022 974 quoddam
1049 911 1279 974 palatium
1315 910 1611 974 Trepergule
1660 907 1910 973 nuncupa-

131 999 230 1042 tum
259 994 560 1058 perreximus
591 995 658 1058 (1)
690 998 738 1041 et
766 994 1034 1057 navigando
1070 994 1118 1040 in
1149 993 1297 1042 fundo
1328 993 1474 1041 maris
1505 992 1709 1041 vidimus
1743 1008 1907 1040 muros

128 1077 350 1140 antiquos
373 1080 500 1142 Baye
523 1076 725 1125 civitatis
747 1076 928 1124 dudum
950 1078 1218 1125 submerse.

193 1159 332 1224 Apud
351 1160 695 1224 Trepergulam
718 1163 828 1208 sunt
849 1159 988 1223 plura
1020 1165 1066 1208 et
1095 1160 1281 1208 diversa
1313 1160 1505 1218 balnea,
1531 1175 1623 1224 que
1646 1157 1760 1209 sunt
1780 1160 1914 1208 utilia

129 1245 215 1293 sed
234 1244 498 1292 immunda.
525 1230 857 1308 Bellaguardia
877 1244 1143 1292 conductor
1167 1259 1304 1292 meus
1326 1244 1445 1291 mihi
1467 1244 1625 1292 retulit
1647 1244 1912 1292 Ferdinan-

128 1328 243 1376 dum
265 1344 432 1393 regem
458 1327 846 1392 Neapolitanum,
869 1328 946 1377 die
967 1327 1133 1376 martis
1165 1331 1219 1374 21
1256 1327 1436 1375 mensis
1460 1326 1668 1391 januarii
1695 1326 1911 1390 proxime

126 1413 343 1477 preteriti
365 1412 492 1477 apud
518 1412 862 1475 Trepergulam
892 1416 1005 1460 tunc
1026 1412 1192 1469 fuisse,
1217 1416 1265 1460 et
1286 1427 1337 1460 se
1359 1410 1709 1474 aliquantulum
1736 1404 1912 1459 altera-

128 1499 227 1543 tum
264 1495 498 1555 sensisse;
542 1495 787 1553 mercurii,
827 1495 903 1544 die
942 1499 1001 1543 22
1039 1495 1258 1560 ejusdem
1295 1494 1476 1544 mensis
1511 1493 1622 1542 inde
1662 1493 1912 1558 Neapolim

126 1579 368 1642 equitasse
400 1583 447 1627 et
469 1578 518 1625 in
539 1579 708 1626 Castro
729 1580 860 1627 Novo
878 1578 1057 1627 ibidem
1083 1594 1195 1627 cum
1222 1594 1281 1627 ex
1307 1594 1432 1642 equo
1467 1572 1786 1625 descenderet
1810 1575 1909 1623 sin-

126 1678 345 1727 copasse,
367 1678 423 1711 ac
445 1661 644 1711 sabbato
666 1663 906 1726 sequenti,
931 1666 990 1711 25
1010 1663 1229 1727 ejusdem
1251 1662 1448 1721 mensis,
1474 1661 1601 1709 circa
1620 1660 1791 1708 horam
1812 1675 1907 1717 xvi,

126 1747 306 1810 absque
327 1747 634 1796 confessione
657 1751 704 1795 et
734 1746 1149 1795 sanctissimorum
1172 1750 1590 1795 sacramentorum
1616 1743 1909 1793 ecclesiasti-

125 1846 292 1878 corum
326 1831 656 1895 perceptione,
694 1831 822 1880 diem
857 1847 998 1878 suum
1031 1835 1302 1879 extremum
1335 1830 1590 1887 clausisse3
1626 1829 1722 1877 hoc
1753 1828 1907 1877 solum

123 1913 320 1977 dempto
351 1914 479 1977 quod
504 1914 700 1977 quidam
731 1914 878 1962 frater
909 1914 1089 1962 ordinis
1118 1914 1376 1973 Minorum,
1410 1914 1661 1962 confessor
1689 1912 1908 1976 ejusdem

122 1997 266 2061 regis,
308 2012 471 2045 coram
509 2012 567 2046 eo
604 1997 654 2044 in
692 2012 887 2046 camera
922 2002 1071 2057 stanS,
1108 1997 1299 2061 pubHce
1336 1996 1427 2061 ipsi
1463 1996 1743 2044 acclamavit
1779 1994 1908 2059 quod

121 2080 358 2144 peniteret
378 2096 464 2145 pro
485 2078 697 2145 peccatis
716 2081 814 2128 suis
836 2085 883 2129 et
901 2079 1086 2129 actibus
1108 2081 1232 2128 male
1255 2080 1422 2143 gestis,
1448 2084 1496 2128 et
1516 2079 1556 2127 si
1577 2079 1691 2143 quid
1709 2080 1906 2143 insuper

120 2164 332 2213 indebite
355 2168 523 2213 contra
557 2164 822 2213 Ecclesiam
857 2164 942 2213 Dei
965 2164 1144 2227 egisset
1173 2179 1182 2210 ε
1215 2179 1305 2211 nec
1335 2162 1385 2210 in
1414 2162 1542 2211 dicto
1570 2179 1684 2227 rege
1715 2156 1906 2227 signum

120 2247 311 2310 aliquod
332 2246 634 2296 contritionis
657 2248 808 2295 visum
830 2248 995 2295 fuisse.
1731 2241 1734 2243 ’

185 2333 268 2378 Est
290 2334 338 2379 et
358 2347 508 2395 prope
535 2330 880 2396 Trepergulam
900 2330 1036 2379 locus
1057 2344 1180 2393 aque
1204 2329 1328 2378 salse
1350 2329 1452 2378 sine
1474 2329 1642 2389 fundo,
1671 2333 1718 2377 et
1740 2329 1904 2377 dicunt

118 2430 178 2462 ex
210 2414 332 2462 mari
365 2415 671 2478 proveniens,
705 2415 891 2464 habens
924 2414 973 2461 in
998 2413 1160 2462 littore
1195 2429 1283 2461 suo
1314 2413 1498 2462 fontem
1526 2429 1648 2477 aque
1676 2413 1828 2462 dulcis
1858 2419 1905 2462 et

117 2497 296 2562 tepide,
332 2513 470 2546 muro
499 2498 870 2557 circumdatum,
905 2503 950 2546 et
984 2497 1196 2559 undique
1226 2497 1354 2545 dicta
1383 2513 1507 2561 aqua
1536 2497 1663 2546 salsa
1694 2497 1904 2545 circum-

120 2579 302 2629 datum.
327 2580 457 2629 Inter
477 2582 820 2646 Trepergulam
844 2584 890 2629 et
911 2580 1165 2629 Puteolum
1186 2581 1246 2629 ad
1267 2581 1530 2641 sinistram,
1556 2597 1664 2629 cum
1687 2597 1819 2630 mare
1843 2581 1903 2629 sit

119 2665 178 2712 ad
196 2663 463 2724 dexteram,
486 2668 558 2713 est
578 2668 716 2713 Mons
738 2664 996 2723 Barbarus,
1020 2664 1067 2711 in
1087 2680 1180 2728 quo
1202 2664 1438 2712 maximus
1459 2665 1711 2713 thesaurus
1733 2664 1904 2712 dicitur

119 2762 226 2796 esse
261 2747 570 2796 absconditus
604 2749 702 2797 sive
739 2748 938 2807 celatus,
977 2763 1123 2812 super
1155 2748 1292 2812 cujus
1325 2748 1574 2797 cacumine
1608 2748 1667 2796 ab
1702 2753 1900 2812 utraque

118 2836 253 2895 parte
276 2836 440 2880 extant
467 2831 666 2896 vestigia
686 2848 770 2881 seu
795 2832 983 2880 edificia
1008 2831 1151 2892 (s1cut
1178 2832 1428 2896 apparent)
1457 2832 1707 2896 cujusdam
1734 2832 1896 2880 castri.

122 2913 382 2964 Redeundo
406 2915 655 2980 Neapolim
677 2915 736 2965 de
757 2916 1050 2980 Trepergola
1070 2932 1156 2980 per
1176 2915 1319 2964 aliam
1339 2915 1482 2974 viam,
1507 2914 1567 2963 ad
1588 2915 1679 2964 tria
1698 2915 1901 2963 miliaria

121 3014 149 3045 a
175 2999 361 3048 Puteoli
384 3004 492 3047 sunt
520 2999 613 3048 alia
637 2996 812 3049 balnea
838 2999 1038 3064 Bagnoli
1065 3003 1357 3063 nuncupata,
1388 2998 1514 3048 inter
1543 3014 1635 3062 que
1658 3003 1730 3047 est
1753 3015 1899 3047 unum

169 3192 201 3230 1.
231 3193 279 3230 Ce
307 3192 422 3242 palais
449 3193 536 3232 etait
555 3206 626 3232 une
653 3196 719 3233 des
748 3195 956 3233 residences
983 3195 1138 3245 royales.
1168 3193 1360 3232 plusieurs
1387 3192 1512 3232 lettres
1538 3196 1587 3232 du
1614 3195 1665 3232 roi
1692 3197 1736 3233 de
1765 3195 1899 3246 Naples

121 3263 165 3289 en
189 3257 273 3289 sont
286 3253 424 3291 [lateas.
444 3254 538 3302 Voy.
560 3255 770 3301 Trinehera,
793 3258 921 3298 Codice
939 3268 1151 3302 ανιιμοηεεε,
1173 3261 1198 3293 t.
1223 3256 1268 3300 ΙΙ,
1291 3268 1326 3303 p.
1346 3267 1381 3299 11,
1404 3266 1479 3302 pag
1492 3255 1617 3292 432-6.
1634 3255 1684 3291 Le
1701 3255 1833 3304 village
1855 3257 1899 3292 de

120 3310 330 3361 Tripergole
351 3313 406 3349 fut
423 3312 539 3349 abime
559 3314 652 3350 dans
673 3314 704 3351 le
724 3314 1038 3353 bouleversement
1054 3316 1116 3364 qui
1131 3320 1193 3352 eut
1210 3315 1281 3351 lieu
1302 3314 1332 3350 le
1355 3315 1399 3350 15
1414 3306 1619 3361 septembre
1635 3314 1739 3359 1538,
1755 3313 1900 3362 lorsque

121 3371 156 3408 la
175 3371 304 3409 colline
323 3371 368 3407 de
389 3371 657 3409 Monte-Nuovo
677 3372 782 3411 sortit
801 3375 850 3410 du
868 3374 989 3411 milieu
1009 3376 1075 3411 des
1096 3387 1187 3412 eaux
1208 3374 1256 3409 du
1277 3373 1331 3409 lac
1352 3372 1495 3409 Lucrin.
1515 3371 1605 3421 Voy.
1628 3373 1672 3409 de
1688 3374 1738 3410 La
1759 3374 1894 3412 Lande.

126 3434 270 3478 Voyaye
290 3432 446 3473 tl’ltule'e,
472 3432 576 3476 1786,
599 3436 624 3469 t.
647 3432 729 3479 VII,
750 3433 807 3470 ch.
830 3446 907 3479 xni,
929 3446 964 3481 p.
986 3434 1067 3471 353.
