2202 3926
347 330 413 365 158
946 330 1178 367 ιΙΟΗΑΝΝΙΞ
1213 330 1506 375 BURCHARDI,
1913 333 1995 373 [Mai
2023 334 2115 373 1494]

408 435 553 481 Facta
588 433 949 481 consecratione
986 433 1130 496 regis,
1170 433 1283 480 dum
1321 432 1507 494 legatus
1544 430 1900 480 confessionem
1936 434 2115 482 faceret

342 530 450 562 cum
470 515 567 564 suis
594 516 843 575 ministris,
875 515 1095 563 videlicet
1125 515 1328 562 diacono
1351 517 1399 560 et
1426 512 1739 572 subdiacono,
1771 530 1854 562 rex
1882 515 1930 562 in
1957 516 2116 564 faldis-

341 599 462 646 torio
488 614 573 646 suo
596 615 707 646 cum
729 598 938 647 scabello
959 613 1124 645 versus
1147 597 1205 644 ad
1227 611 1376 644 cornu
1398 596 1649 660 evangelii,
1678 597 1978 660 genuflexus,
2002 599 2116 647 fecit

339 682 695 730 confessionem
726 697 836 728 cum
868 680 964 727 suis
995 680 1182 727 duobus
1204 679 1464 742 capellanis
1493 678 1755 742 majoribus
1778 679 1996 744 superius
2026 695 2115 728 no-

336 765 525 812 minatis
554 768 601 813 et
627 764 803 812 mansit
832 764 1011 812 ibidem
1039 763 1322 827 genuflexus
1351 778 1601 826 quousque
1627 762 1832 826 legatus,
1863 763 2112 812 incensato

334 847 488 906 altari,
518 846 645 909 apud
672 846 1005 906 faldistorium,
1047 845 1294 894 introitum
1323 850 1370 894 et
1397 846 1649 910 epistolam
1679 845 1876 909 legisset
1904 850 1951 894 et
1978 846 2113 895 sede-

334 932 430 989 ret,
455 928 585 992 quod
604 928 695 977 feci
719 933 769 977 ut
789 944 984 992 possem
1006 929 1106 991 regi
1128 928 1325 978 liberius
1354 929 1549 978 servire.

398 1014 497 1060 Rex
516 1017 647 1074 tunc,
670 1011 808 1059 factis
828 1011 1126 1070 reverentiis,
1147 1011 1337 1060 intravit
1355 1028 1491 1061 suam
1513 1008 1798 1072 sacristiam,
1821 1011 1903 1060 ubi
1922 1015 1978 1060 D.
2001 1015 2112 1062 Ber-

332 1095 557 1143 nardinus
590 1095 828 1143 Gambara
860 1094 1183 1143 subdiaconus
1214 1096 1507 1159 apostolicus
1546 1097 1743 1146 extersit
1768 1096 1816 1144 in
1845 1096 2041 1146 brachio
2063 1102 2112 1145 et

331 1178 545 1243 spatulis,
571 1178 790 1242 deposita
809 1177 939 1242 prius
958 1181 1087 1226 veste
1107 1177 1269 1242 longa,
1292 1179 1518 1242 quoniam
1532 1179 1740 1244 legatus,
1758 1179 1896 1228 dictis
1913 1180 2110 1228 introitu

331 1266 376 1310 et
392 1261 549 1326 Kyrie
580 1261 766 1320 eleison,
798 1260 847 1309 in
868 1260 1131 1309 faldistorio
1167 1261 1358 1320 sedenS,
1391 1266 1650 1325 antequam
1672 1279 1839 1327 regem
1867 1263 1915 1311 in
1943 1263 2111 1313 sacris-

331 1346 445 1395 tiam
471 1345 718 1404 ducerem,
738 1344 855 1392 mihi
877 1344 1061 1393 dixerat
1083 1344 1191 1403 (sibi
1212 1360 1270 1394 ex
1284 1351 1382 1412 me)
1399 1344 1610 1394 facerem
1626 1345 1748 1394 mitti
1764 1350 1811 1396 et
1825 1347 1992 1397 donari
2008 1351 2110 1396 tan-

329 1446 471 1494 quam
509 1430 568 1478 ad
603 1433 992 1486 consecratorem
1027 1432 1326 1493 spectantem
1361 1445 1419 1477 ex
1455 1446 1567 1488 usu3
1603 1434 1651 1479 et
1685 1446 1771 1478 rex
1807 1430 1981 1480 deinde
2016 1432 2111 1480 alia

328 1518 458 1562 veste
479 1513 537 1562 de
561 1513 781 1562 setonino
809 1513 947 1576 nigro
977 1517 1050 1561 est
1076 1512 1290 1573 indutus,
1315 1503 1575 1578 guarna'cia
1601 1515 1660 1563 de
1684 1515 1903 1564 setonino
1926 1532 2109 1565 creme-

333 1596 436 1644 sino
457 1597 603 1661 longa
630 1612 781 1661 usque
810 1597 867 1647 ad
896 1600 1071 1644 terram
1103 1612 1212 1645 cum
1233 1597 1437 1646 manicis
1460 1597 1652 1658 strictis,
1680 1599 1854 1648 deinde
1882 1600 2108 1648 sandaliis

334 1685 380 1727 et
408 1679 573 1743 caligis
603 1695 747 1745 super
775 1680 950 1744 caligas
979 1680 1140 1744 nigras
1171 1685 1218 1729 et
1245 1681 1348 1728 aliis
1377 1681 1620 1740 omnibuS,
1650 1688 1789 1746 prout
1817 1683 2038 1747 superius
2059 1683 2107 1731 in

332 1764 634 1814 ordinatione
661 1765 870 1829 positum
895 1770 968 1814 est
992 1782 1001 1813 ε
1029 1771 1075 1815 et
1096 1771 1284 1816 retento
1306 1766 1461 1815 bireto
1490 1766 1628 1830 nigro
1657 1782 1766 1814 cum
1787 1766 2103 1824 munimento,

330 1846 411 1895 ivit
438 1848 499 1896 ad
524 1847 789 1896 thalamum
827 1865 835 1896 :
873 1849 987 1896 item
1028 1849 1144 1898 dixit
1176 1849 1355 1898 ibidem
1391 1849 1440 1897 in
1472 1849 1650 1898 sediale
1681 1849 1966 1913 genuflexus
1997 1866 2107 1898 cum

332 1930 430 1978 suis
451 1931 711 1995 capellanis
732 1932 995 1996 majoribus
1016 1932 1289 1992 Iunonum,
1316 1937 1362 1981 et
1384 1933 1477 1981 alia
1497 1949 1631 1981 more
1654 1933 1810 1981 solito.

398 2014 593 2062 Interim
623 2015 811 2079 legatus
842 2015 958 2063 dixit
994 2015 1108 2063 Pax·
1138 2016 1277 2074 vobis,
1312 2016 1373 2064 ad
1402 2016 1551 2065 altare
1579 2032 1744 2065 versus
1777 2032 1866 2081 per
1891 2015 2108 2066 inadver-

333 2098 529 2147 tentiam
551 2115 688 2147 suam
710 2104 758 2148 et
783 2099 1113 2148 ministrorum
1139 2115 1359 2159 suorum3
1385 2105 1433 2149 et
1454 2115 1538 2150 rex
1556 2116 1664 2148 curn
1684 2100 1952 2149 sacristiam
1979 2104 2107 2150 esset

331 2183 563 2243 exiturus,
606 2182 665 2231 ad
710 2183 1073 2247 persuasionem
1120 2188 1333 2231 nostram
1376 2183 1507 2231 misit
1544 2189 1729 2233 vestem
1778 2184 1836 2232 de
1876 2184 2104 2233 broccato

329 2266 651 2329 supradictam
680 2281 766 2330 per
797 2282 946 2314 unum
979 2282 1037 2314 ex
1069 2266 1222 2330 pagiis
1258 2266 1373 2326 suiS,
1409 2282 1495 2330 per
1523 2283 1600 2314 me
1629 2263 1788 2331 legato
1825 2270 2105 2331 presenten-

329 2350 456 2410 dam,
482 2349 561 2413 qui
584 2365 691 2398 eam
711 2354 845 2413 grato
874 2349 1034 2397 animo
1054 2350 1282 2413 suscepit.
1308 2349 1523 2398 Debebat
1551 2353 1714 2397 autem
1731 2354 1915 2397 vestem
1938 2348 2106 2414 hujus-

327 2432 456 2481 modi
484 2438 530 2482 et
554 2433 696 2481 aliam
720 2449 915 2497 parvam
939 2433 998 2481 de
1021 2432 1242 2481 setonino
1264 2432 1401 2496 nigro
1426 2448 1513 2497 per
1534 2448 1698 2497 regem
1720 2431 1966 2480 dimissam
1985 2431 2103 2480 mihi

325 2521 521 2569 donare.
549 2520 643 2566 Sex
668 2534 727 2567 ex
746 2517 1036 2567 verecundia
1051 2533 1141 2581 ego
1163 2532 1355 2581 parvam
1374 2533 1471 2564 non
1492 2516 1608 2580 petii
1625 2515 1710 2564 sed
1724 2515 1941 2580 petitioni
1959 2515 2103 2580 legati

325 2615 571 2668 opponere
592 2603 735 2651 volui.
767 2601 893 2650 Dixit
918 2601 1063 2650 etiam
1092 2602 1211 2649 mihi
1231 2601 1420 2664 legatus
1449 2600 1578 2664 quod
1604 2598 1811 2648 biretum
1838 2599 1965 2664 regis
1993 2615 2103 2649 cum

324 2686 403 2735 illo
426 2686 591 2734 monili
614 2686 703 2735 sibi
724 2685 935 2735 facerem
955 2685 1224 2749 presentari
1244 2689 1471 2747 tanquam
1492 2683 1582 2732 sibi
1604 2684 1836 2732 debitum.
1862 2683 2103 2748 Respondi

325 2769 442 2816 mihi
461 2769 799 2818 verecundiam
817 2769 964 2818 videri
982 2768 1258 2834 hujusmodi
1273 2771 1461 2832 petere;
1483 2771 1646 2817 tamen
1665 2767 1702 2815 si
1726 2766 1787 2816 ad
1800 2765 2100 2831 propositum

323 2852 593 2913 accederet,
618 2851 667 2900 id
688 2853 846 2902 facere
867 2853 1038 2902 vellem
1060 2852 1187 2916 quod
1202 2850 1398 2916 petebat
1423 2870 1430 2899 :
1458 2852 1543 2900 sed
1562 2867 1659 2900 non
1680 2849 1788 2899 feci.

387 2936 496 2984 Fuit
525 2936 699 2986 deinde
730 2953 813 2986 rex
842 2953 928 2985 suo
958 2936 1125 2985 ordine
1150 2939 1406 2984 coronatus
1429 2940 1477 2983 et
1500 2933 1593 2983 alia
1618 2933 1824 2997 insignia
1850 2931 1983 2997 regia
2009 2931 2096 2980 sibi

325 3019 511 3079 tradita,
554 3020 722 3069 ordine
762 3019 982 3084 superius
1023 3019 1175 3078 dicto;
1219 3017 1304 3066 sed
1345 3023 1454 3082 post
1492 3032 1656 3082 regem
1695 3031 1792 3064 non
1836 3020 2099 3081 potuerunt

323 3117 490 3151 omnes
529 3102 717 3167 prelati,
753 3118 911 3166 neque
944 3103 1090 3151 modo
1130 3117 1285 3165 neque
1334 3100 1466 3165 prius
1508 3101 1556 3148 in
1602 3099 1829 3148 unctione
1866 3115 2095 3148 coronam

323 3185 590 3235 ordinatam
616 3187 775 3235 facere
797 3190 995 3250 propter
1020 3185 1377 3234 multitudinem
1405 3183 1638 3249 regalium
1666 3187 1713 3232 et
1739 3182 2090 3248 principalium,

324 3263 557 3316 baronum
581 3272 628 3317 et
649 3268 896 3318 curialium
918 3266 1045 3331 regis
1066 3283 1122 3315 ac
1141 3271 1403 3327 oratorum,
1428 3266 1505 3330 qui
1528 3270 1689 3330 preter
1703 3266 1922 3315 ordinem
1937 3280 1995 3316 ex
2009 3281 2095 3315 sua

322 3351 591 3400 temeritate
612 3352 823 3416 prelatos
845 3356 1203 3418 oppresserunt.

386 3435 513 3500 Rege
540 3441 787 3494 coronato,
814 3436 1076 3485 thalamum
1104 3435 1395 3485 ascendente
1417 3440 1462 3485 et
1485 3434 1787 3495 intronizato,
1814 3425 2090 3484 acclamavit
