2202 3926
135 371 244 411 [Mars
263 371 355 411 1493]
582 370 752 407 RERUM
786 368 1091 407 URBANARUM
1117 367 1468 407 COMMENTARH.
1878 373 1920 409 51

137 471 434 532 Minervam3
459 477 753 537 quapropter
785 477 1017 537 rogentur
1037 471 1206 520 RRmi.
1238 473 1337 519 DD.
1370 470 1641 519 cardinales
1674 472 1845 534 prefati
1868 488 1927 520 ex

136 561 273 622 parte
293 556 406 605 dicti
429 559 487 605 D.
519 557 846 606 Beneventani
873 556 1074 621 dignent
1098 556 1292 605 mittere
1321 554 1527 604 familias
1554 569 1643 619 pro
1672 553 1796 603 hora
1815 571 1926 618 pre-

137 641 266 691 dicta
285 641 346 690 ad
364 640 704 690 honorandum
724 641 868 689 funus
885 640 1183 706 hujusmodi.

208 747 231 771 «
265 725 491 774 Secundo
508 725 759 775 intimetur
779 726 1095 775 conventibus
1119 725 1454 789 infrascriptiS,
1479 723 1700 773 videlicet
1727 739 1738 772 ε

209 835 231 855 ·‹
274 813 449 860 Sancte
483 808 679 868 Cecilie,
721 809 952 869 Minerve‚
993 809 1202 869 Araceli,
1251 808 1405 857 sancti
1440 807 1714 872 Augustini,
1760 812 1926 856 sancte

138 894 287 943 Marie
309 893 369 943 de
390 893 590 956 Populo,
617 897 783 942 sancte
804 893 952 942 Marie
971 893 1344 958 Transpontine,
1369 892 1520 941 sancti
1543 891 1776 951 Marcelli,
1797 891 1925 956 capi-

141 978 238 1027 tulo
260 977 465 1026 ecclesie
485 976 637 1024 sancti
658 977 824 1036 Marci,
851 977 980 1040 quod
1006 993 1095 1041 pro
1122 976 1246 1024 hora
1265 976 1538 1040 prescripta
1569 974 1858 1023 conveniant
1879 975 1926 1023 in

137 1060 344 1111 ecclesia
362 1060 423 1108 de
442 1059 657 1108 Minerva
676 1059 738 1108 ad
751 1060 1108 1109 associandum.
1137 1081 1158 1104 »

203 1147 256 1192 ln
276 1148 418 1208 porta
444 1142 653 1192 ecclesie
674 1143 866 1192 Araceli
888 1144 1142 1193 distribute
1165 1144 1361 1194 fuerunt
1383 1144 1583 1194 candele
1605 1160 1749 1209 parve
1770 1143 1929 1192 fratri-

134 1228 224 1276 bus
250 1243 386 1276 more
412 1226 799 1292 solito.·Corpus
828 1233 1072 1293 portatum
1103 1228 1192 1277 fuit
1230 1229 1362 1277 circa
1390 1229 1605 1277 medium
1638 1227 1845 1278 ecclesie
1880 1232 1927 1275 et

133 1311 316 1360 ibidem
343 1311 525 1359 factum
553 1310 770 1360 officium
804 1316 1112 1361 consuetum.
1147 1312 1323 1361 Prelati
1352 1317 1400 1361 et
1426 1313 1607 1362 funesti
1632 1313 1928 1361 intraverunt

138 1395 342 1445 chorum
360 1395 459 1456 ubi,
485 1395 601 1459 ipsis
628 1395 928 1457 sedentibus,
960 1397 1156 1460 quidam
1186 1413 1244 1446 ex
1269 1397 1497 1446 fratribus
1525 1395 1637 1445 dicti
1666 1398 1927 1444 conventus

137 1479 328 1528 Araceli
357 1495 562 1528 ascenso
589 1480 792 1545 pulpito,
827 1480 942 1530 fecit
963 1481 1233 1530 orationem
1265 1486 1318 1530 ut
1340 1482 1490 1530 moris
1517 1486 1590 1530 est
1619 1499 1628 1528 ε
1653 1497 1750 1544 qua
1772 1479 1927 1538 finita,

138 1563 329 1627 prelati,
353 1563 566 1612 dimissis
588 1563 810 1624 funestis,
843 1565 1091 1614 redierunt
1117 1566 1177 1613 ad
1205 1566 1378 1615 domos
1407 1582 1542 1626 suas3
1568 1565 1746 1615 funesti
1768 1579 1880 1613 vero
1901 1579 1929 1610 a

138 1647 491 1697 mercatoribus
536 1649 858 1698 Januensibus
908 1649 1134 1699 associati
1186 1654 1234 1699 et
1284 1650 1575 1714 quibusdam
1613 1648 1930 1697 cardinalium

138 1730 469 1795 predictorum
501 1731 713 1792 familiis,
746 1733 1119 1797 precedentibus
1149 1735 1445 1795 cursoribus,
1477 1734 1727 1783 redierunt
1755 1733 1815 1782 ad
1842 1733 1930 1781 do-

138 1829 272 1863 mum
299 1814 532 1864 defuncti.

204 1898 344 1947 Feria
382 1898 541 1958 tertia,
592 1902 647 1946 12
687 1900 867 1959 martii,
912 1901 1090 1949 festum
1127 1918 1165 1949 s.
1208 1902 1426 1966 Gregorii
1468 1918 1610 1966 pape,
1662 1906 1826 1951 Rmus.
1867 1905 1924 1950 D.

145 1981 376 2045 Baptista,
400 1980 526 2030 tituli
550 1986 827 2030 sanctorum
844 1985 1078 2034 Johannis
1100 1991 1147 2033 et
1166 1986 1299 2034 Pauli
1319 1986 1573 2050 presbyter
1591 1986 1850 2034 cardinalis
1871 1986 1931 2033 de

142 2066 328 2115 Ursinis
358 2065 619 2129 vulgariter
647 2071 973 2131 nuncupatus,
1013 2071 1183 2127 Rome,
1212 2067 1262 2114 in
1296 2067 1504 2116 ecclesia
1534 2083 1622 2115 sua
1652 2072 1929 2115 sanctorum

138 2149 373 2199 Johannis
395 2154 443 2198 et
466 2149 600 2198 Pauli
633 2150 983 2214 predictorum,
1018 2151 1065 2198 in
1102 2151 1384 2199 diaconatus
1413 2150 1582 2199 ordine
1607 2155 1720 2198 tunc
1748 2150 1930 2199 consti-

137 2236 287 2293 tutus,
330 2248 419 2297 per
452 2235 507 2280 R.
544 2235 596 2280 P.
646 2235 703 2281 D.
741 2232 978 2281 Thomam
1016 2234 1302 2299 episcopum
1343 2234 1672 2283 Dolenensem
1702 2234 1761 2282 de
1799 2249 1931 2282 com-

138 2315 372 2366 missione
401 2321 449 2365 et
475 2316 672 2366 licentia
699 2316 895 2382 speciali
923 2319 1006 2366 SS.
1046 2321 1102 2366 D.
1145 2321 1201 2366 N.
1230 2335 1355 2384 pape
1394 2335 1542 2383 super
1578 2319 1674 2367 hoc
1710 2318 1928 2383 predicto

137 2399 369 2449 cardinali
397 2400 593 2450 oraculo
623 2400 726 2449 vive
758 2401 888 2450 vocis
913 2417 1166 2461 concessa,
1201 2403 1451 2451 ordinatus
1486 2403 1574 2452 fuit
1599 2403 1647 2450 in
1676 2402 1928 2471 presbytc-

140 2499 265 2533 rum.

204 2570 257 2617 ln
295 2569 464 2633 primis
504 2569 635 2619 circa
675 2569 826 2619 altare
866 2575 1108 2634 prostrata
1147 2572 1344 2638 fuerunt
1385 2573 1476 2621 tria
1520 2577 1680 2637 tapeta
1718 2572 1927 2635 undique

139 2652 481 2717 cooperantia3
504 2653 655 2703 altare
676 2658 899 2718 paratum
918 2654 1007 2703 fuit
1030 2671 1165 2704 more
1181 2656 1364 2717 debito,
1389 2673 1500 2705 cum
1520 2673 1604 2705 sex
1626 2656 1928 2704 candelabris

140 2739 190 2784 et
209 2751 353 2785 cruce
374 2736 548 2785 media.
572 2739 626 2785 In
646 2737 808 2787 medio
823 2737 987 2795 altaris
1010 2739 1231 2788 ordinata
1251 2741 1444 2789 fuerunt
1464 2739 1628 2788 omnia
1647 2741 1929 2802 paramenta

141 2816 365 2868 diaconia
394 2820 692 2884 pontificalia
724 2837 813 2885 pro
848 2821 1078 2886 episcopo
1107 2823 1385 2872 ordinatore
1417 2828 1464 2872 et
1499 2838 1651 2871 cornu
1693 2821 1926 2885 evangelii

142 2901 307 2951 omnia
329 2908 615 2968 paramenta
640 2904 864 2955 diaconia
889 2923 976 2971 pro
1005 2907 1267 2967 cardinale,
1295 2907 1518 2956 videlicet
1544 2894 1769 2965 amictus,
1799 2905 1924 2963 alba,
1953 2944 1956 2946 .

141 2985 406 3051 cingulum,
434 2988 728 3053 manipulus,
757 2990 881 3038 stola
906 2995 954 3040 et
981 2991 1238 3041 dalmatica
1264 3009 1320 3040 ac
1351 2992 1495 3040 mitra
1512 2990 1734 3054 simplex,
1760 2987 1927 3037 faldis-

143 3068 320 3118 torium
359 3071 407 3119 in
447 3087 597 3120 cornu
635 3073 840 3136 epistole
876 3090 964 3138 pro
1001 3074 1260 3140 episcopo;
1291 3076 1356 3125 ita
1398 3075 1529 3139 quod
1563 3074 1611 3121 in
1650 3090 1707 3122 ea
1753 3073 1926 3120 sedens

141 3149 332 3200 tribuna
369 3155 518 3204 choro
560 3156 734 3204 faciem
774 3161 982 3207 verteret
1020 3163 1069 3207 et
1107 3160 1286 3224 populo
1327 3175 1486 3219 reneS,
1531 3157 1797 3206 scabellum
1838 3171 1924 3219 pro

141 3232 371 3283 cardinali
396 3237 446 3285 in
475 3254 626 3288 cornu
663 3241 898 3305 evangelii
935 3243 1183 3304 anteriori,
1227 3244 1291 3293 ita
1322 3243 1452 3308 quod
1482 3236 1738 3291 cardinalis
1777 3241 1824 3286 in
1868 3253 1925 3287 eo

142 3315 317 3364 sedens
337 3317 510 3368 faciem
530 3338 696 3370 versus
730 3324 1014 3389 episcopum
1046 3326 1250 3376 haberet
1284 3331 1332 3375 et
1365 3326 1427 3374 ad
1459 3325 1704 3373 sinistram
1735 3323 1885 3370 altare
1914 3337 1922 3367 :

141 3399 389 3448 credentia
410 3417 507 3451 una
521 3410 688 3467 parata
708 3410 781 3455 est
801 3423 890 3471 pro
909 3409 1144 3458 ambobus
1165 3410 1214 3459 in
1236 3425 1330 3474 qua
1350 3413 1488 3457 erant
1507 3407 1597 3455 tria
1617 3406 1792 3454 bacilia
1814 3420 1924 3452 cum

144 3482 295 3532 tribus
327 3484 624 3546 buccalibuS‚
659 3489 774 3537 satis
807 3495 984 3539 tamen·
1009 3493 1181 3542 fuisset
1216 3494 1276 3542 de
1309 3492 1515 3551 duobus,
1549 3490 1759 3553 quinque
1789 3503 1926 3548 map-
