2248 3906
166 351 374 392 [¹³13cembre
393 351 482 393 1497]
608 350 776 388 RERUM
809 349 1110 387 URBANARUM
1143 348 1495 386 COMMENTARII.
1875 347 1945 382 417

164 468 369 516 quorum
396 453 531 500 multi
559 457 710 513 erant,
737 457 785 501 et
811 453 974 500 salmis
1002 468 1091 500 Lxx
1115 467 1124 499 z
1149 454 1384 500 venerunt
1411 465 1522 498 cum
1550 464 1608 498 eo
1637 448 1805 513 prelati
1832 465 1941 512 sep-

164 539 278 595 tem,
315 536 535 584 videlicet
568 539 664 584 RR.
703 539 794 585 PP.
836 539 934 584 DD.
973 535 1124 584 Julius
1152 537 1297 583 Cesar
1303 571 1421 582 ......
1433 572 1444 594 ,
1474 533 1682 582 Thomas
1723 532 1941 581 Cervien-

163 619 245 678 sis,
271 619 516 667 Johannes
541 620 822 668 Dominicus
845 619 1167 668 Terdonensis
1189 622 1236 667 et
1256 617 1516 665 Emilianus
1538 617 1632 665 dux
1654 615 1939 665 Comaclen-

163 702 227 749 sis
255 701 337 766 (1),
370 702 613 766 episcopi;
649 706 816 752 Petrus
857 703 915 751 de
947 702 1169 767 Scipione
1203 718 1241 749 S.
1283 700 1573 749 Lanfranchi
1610 697 1938 748 Cisterciensis

161 784 359 844 ordinis,
386 786 633 849 Papiensis
656 786 880 846 diecesis,
911 786 1188 834 Leonardus
1214 786 1518 840 Vicecomes,
1544 800 1582 831 5.
1614 782 1737 831 Celsi
1758 781 1939 829 Medio-

159 868 390 925 lanensis‚
423 869 604 917 ordinis
638 886 676 917 s.
711 870 976 930 Benedicti,
1009 869 1249 917 minorum
1270 868 1490 932 perpetui
1518 865 1934 923 commendatorfi,

161 954 206 999 et
244 951 516 1000 Alexander
547 953 798 1012 Cribellus,
843 953 1118 1016 prepositus
1153 951 1356 1000 ecclesie
1391 967 1429 998 S.
1466 950 1593 999 Petri
1627 950 1687 998 ad
1720 950 1931 1008 Ulmum,

158 1035 531 1085 Mediolanensis
559 1036 780 1094 diecesis,
812 1035 939 1084 sedis
969 1034 1233 1098 apostolice
1266 1033 1582 1098 protonotarii
1614 1037 1662 1082 et
1695 1036 1752 1081 D.
1784 1031 1935 1080 Julius

159 1119 218 1167 de
252 1119 402 1178 Estis,
436 1119 585 1168 frater
618 1135 733 1167 suus
772 1118 1002 1167 naturalis
1042 1122 1088 1166 et
1126 1118 1288 1182 plures
1327 1117 1406 1165 alii
1439 1116 1627 1166 nobiles
1660 1115 1742 1180 qui
1773 1120 1936 1163 tamen

158 1218 327 1251 omnes
356 1204 405 1250 in
438 1219 638 1252 numero
669 1218 752 1251 ccc
779 1202 993 1265 equitum
1028 1205 1139 1250 sunt
1169 1201 1528 1265 comprehensi.
1562 1203 1815 1251 Venerunt
1847 1197 1937 1246 sibi

159 1286 346 1334 obviam
365 1287 530 1334 RRmi.
556 1289 656 1334 DD.
680 1285 916 1333 Ascanius
936 1285 1358 1333 vicecancellarius
1380 1290 1427 1333 et
1446 1285 1506 1332 de
1526 1301 1564 1332 s.
1585 1282 1815 1332 Severino
1836 1297 1939 1330 car-

160 1369 343 1417 dinales
364 1385 451 1433 per
475 1373 691 1432 quartam
717 1373 905 1433 partem
929 1367 1071 1416 unius
1094 1367 1308 1416 milliaris
1328 1368 1405 1415 vel
1434 1367 1577 1426 circa,
1602 1371 1650 1415 et
1680 1381 1792 1414 eum
1813 1366 1940 1414 inter

161 1469 210 1500 se
233 1453 446 1500 medium
468 1453 727 1511 duxerunt;
752 1452 931 1516 pariter
951 1456 1087 1500 extra
1106 1456 1295 1515 portam
1314 1451 1373 1499 de
1395 1450 1580 1514 Populo
1602 1449 1730 1499 venit
1751 1449 1939 1497 obviam

161 1536 416 1584 cardinalis
448 1552 486 1583 s.
512 1536 676 1584 Crucis
698 1537 777 1600 qui
804 1536 990 1599 recepit
1014 1551 1124 1583 eum
1146 1535 1207 1583 ad
1228 1535 1495 1594 dexteram,
1519 1534 1624 1582 aliis
1646 1533 1831 1582 duobus
1856 1548 1940 1582 eos

162 1620 490 1683 sequentibus.
523 1620 890 1669 Descenderunt
920 1624 1030 1668 ante
1066 1619 1218 1667 scalas
1249 1623 1297 1667 et
1329 1619 1623 1667 cardinalem
1654 1633 1830 1666 novum
1861 1616 1943 1665 de-

162 1704 397 1751 duxerunt
415 1719 567 1766 usque
586 1704 646 1751 ad
663 1704 813 1752 altare
834 1704 932 1763 ubi,
952 1703 1168 1752 oratione
1184 1718 1271 1766 per
1288 1719 1458 1751 omnes
1477 1702 1621 1762 facta,
1640 1701 1940 1750 associarunt

163 1786 322 1850 ipsum
356 1786 648 1835 cardinalem
679 1802 832 1850 usque
872 1786 933 1834 ad
972 1786 1146 1834 ostium
1183 1785 1399 1834 sacristie
1431 1784 1529 1845 ubi,
1562 1799 1686 1833 novo
1719 1783 1936 1842 dimisso,

162 1873 470 1918 recesserunt
490 1869 549 1917 ab
580 1885 637 1918 eo
666 1874 763 1918 tres
791 1870 972 1932 antiqui
1004 1869 1273 1917 cardinales
1298 1885 1308 1916 :
1332 1869 1424 1917 hec
1444 1884 1533 1932 per
1556 1869 1647 1916 hos
1668 1873 1766 1916 tres
1785 1866 1941 1915 cardi-

161 1953 295 2001 nales
335 1952 460 2000 facta
498 1955 606 1999 sunt
642 1957 802 2016 preter
838 1952 1001 2000 solitas
1035 1956 1083 2000 et
1119 1952 1460 2000 convenientes
1500 1950 1819 2009 ceremonias,
1851 1964 1940 2014 pro

165 2051 330 2084 eorum
345 2034 540 2099 propria
561 2039 608 2084 et
628 2051 762 2083 mera
781 2036 1026 2084 voluntate
1049 2041 1097 2083 et
1114 2035 1389 2100 particulari
1407 2035 1642 2083 iuteresse
1662 2036 1807 2098 prout
1824 2047 1942 2096 quo-

166 2118 280 2167 tidie
303 2119 477 2166 similia
506 2124 554 2166 et
579 2119 738 2166 minus
764 2119 1117 2176 convenientia,
1143 2119 1219 2166 his
1247 2119 1424 2167 nostris
1457 2117 1768 2181 temporibus,
1800 2116 1937 2164 fiunt.

164 2201 428 2249 Cardinalis
456 2217 607 2249 novus
634 2201 852 2249 ascendit
886 2217 1131 2250 cameram
1161 2201 1285 2248 Rmi.
1318 2203 1374 2248 D.
1401 2201 1738 2266 Ulixbonensis
1766 2217 1854 2265 pro
1882 2216 1940 2249 eo

163 2288 395 2348 paratam,
414 2284 495 2332 ubi
513 2284 705 2348 quievit,
724 2300 860 2333 more
883 2285 1040 2332 solito.
1063 2283 1230 2332 Socius
1253 2300 1389 2332 meus
1411 2285 1612 2333 recessit
1633 2301 1661 2332 a
1680 2300 1758 2333 me
1781 2283 1940 2333 eundo

164 2368 352 2416 obviam
381 2368 597 2431 predicto
620 2383 742 2416 novo
765 2368 993 2416 cardinali
1017 2384 1167 2431 usque
1190 2369 1249 2416 ad
1269 2372 1468 2432 pontem
1495 2368 1729 2426 Milvium3
1754 2367 1940 2415 extrahi

165 2452 276 2499 fecit
296 2452 592 2516 capuccium,
618 2452 899 2500 mantellum
920 2452 1051 2515 quod
1077 2453 1192 2500 satis
1219 2452 1358 2500 breve
1382 2457 1483 2500 erat
1501 2452 1597 2511 (vix
1618 2451 1747 2500 enim
1770 2456 1938 2514 tange-

164 2535 244 2583 bat
286 2539 480 2600 terram)
507 2539 554 2583 et
583 2535 764 2598 imponi
797 2535 909 2583 fecit
943 2535 1028 2583 sibi
1071 2551 1273 2599 cappam
1310 2535 1659 2584 cardinalarem
1697 2550 1806 2582 cum
1845 2550 1939 2597 qua

163 2618 406 2682 equitavit,
436 2622 486 2666 ut
506 2618 654 2667 moris
674 2623 746 2666 est
771 2634 780 2665 :
806 2618 1088 2666 mantellum
1111 2622 1159 2666 et
1182 2620 1513 2682 capuccinum,
1535 2635 1628 2682 que
1652 2634 1711 2667 ex
1731 2633 1938 2666 consue-

164 2703 328 2751 tudine
350 2703 490 2750 nobis
517 2702 793 2761 deveniunt,
818 2718 904 2766 pro
935 2703 1074 2751 nobis
1098 2703 1201 2766 ipse
1229 2703 1387 2750 socius
1412 2718 1548 2750 meus
1577 2701 1852 2760 reservavit,
1877 2701 1936 2749 de

166 2785 336 2848 quibus
357 2790 524 2849 postea
543 2790 728 2849 partem
746 2801 905 2834 meam
922 2786 1085 2833 habui.
1630 2842 1634 2846 ,

231 2868 460 2932 Sequenti
496 2884 637 2917 mane
673 2869 856 2927 martis,
898 2872 954 2916 12
989 2868 1280 2928 decembris,
1312 2868 1472 2916 audita
1506 2886 1593 2933 per
1624 2884 1799 2917 novum
1830 2884 1936 2917 car-

166 2952 375 3000 dinalem
414 2952 561 3000 missa
594 2952 642 2999 in
681 2969 874 3001 camera
913 2969 1014 3012 sua,
1055 2956 1102 3002 et
1129 2953 1377 3017 jantaculo
1419 2968 1504 3000 seu
1551 2951 1808 3001 collatione
1851 2968 1939 3016 per

165 3034 323 3097 ipsum
350 3035 494 3095 facta,
526 3040 761 3085 venerunt
797 3037 858 3084 ad
889 3040 1179 3085 conventum
1212 3036 1394 3100 antiqui
1425 3035 1695 3084 cardinales
1726 3035 1776 3083 in
1810 3035 1936 3083 Urbe

167 3116 426 3165 existentes
464 3119 665 3182 predicti
700 3136 738 3168 s.
777 3119 989 3183 Georgii,
1021 3118 1194 3168 deinde
1232 3119 1573 3183 Neapolitanus
1608 3123 1656 3167 et
1688 3118 1934 3176 Senensis,

166 3205 281 3247 tunc
312 3199 408 3258 alii,
442 3201 613 3264 quibus
643 3203 771 3251 venit
805 3203 991 3251 obviam
1023 3201 1270 3265 predictus
1306 3218 1455 3250 novus
1491 3201 1747 3249 cardinalis
1784 3199 1937 3249 dedu-

165 3299 280 3332 cens
328 3298 412 3331 eos
458 3284 517 3331 ad
557 3285 724 3333 locumv
759 3286 1047 3349 predictum,
1090 3285 1320 3334 diaconos
1363 3285 1422 3332 ad
1468 3284 1728 3331 sinistram.
1785 3285 1937 3348 Caput

208 3411 240 3446 1.
270 3408 476 3445 Emilianus
496 3406 589 3444 dans
610 3410 692 3444 tous
705 3407 758 3445 les
777 3420 866 3446 mss.
892 3409 918 3445 11
932 3408 1009 3445 faut
1028 3407 1091 3444 lire
1112 3410 1340 3445 Malccdzcsius
1363 3406 1530 3454 (sl’Este).
1549 3407 1641 3457 Voy.
1659 3407 1817 3457 Ughelli‚
1841 3412 1866 3444 t.
1892 3407 1936 3451 ΙΙ,

164 3468 232 3505 col.
254 3469 337 3506 486.

356 3563 388 3588 r.
417 3564 454 3589 11.
1681 3552 1728 3587 27
