2202 3900
181 311 287 354 [Mars
308 312 403 351 1497]
628 309 797 349 RERUM
830 310 1133 365 URBANARUM
1164 310 1512 352 COMMENTARII.
1893 317 1962 353 :359

182 417 211 462 4
246 414 409 478 huJUS,
449 414 724 463 bombardis
761 417 809 463 et
842 413 1080 463 machinis
1114 430 1222 463 eam
1254 414 1480 464 invadere
1511 415 1709 480 incepit,
1750 432 1806 465 ac
1838 417 1962 481 jovis

183 500 210 545 9
237 497 399 562 hujus,
431 513 537 546 eam
567 498 851 562 expugnavit
876 516 885 546 ε
910 497 1121 557 Minaldo
1152 498 1211 546 de
1240 500 1439 558 Guerra,
1469 515 1565 549 uno
1595 499 1782 548 dierum
1810 500 1963 548 malo-

182 584 289 628 rum
309 581 570 629 inveterato
592 581 735 630 castri
758 582 886 630 Ostie
907 582 1139 645 prefecto,
1164 597 1309 645 quem
1330 598 1416 631 rex
1436 583 1655 642 Francie,
1687 599 1797 631 cum
1819 599 1965 648 supe-

182 663 388 711 rioribus
409 664 547 711 annis
569 664 617 711 in
642 665 767 713 Urbe
799 670 944 724 esset,
970 665 1129 714 eidem
1157 669 1314 713 castro
1341 666 1602 729 prefuerat,
1628 682 1678 715 se
1702 667 1791 715 sibi
1818 666 1963 715 dante

182 761 238 805 ac
260 745 318 795 de
351 746 478 795 dicto
501 751 657 796 castro
685 748 746 796 ad
777 748 955 797 Urbem
984 749 1142 808 rediit,
1174 749 1362 797 medius
1384 749 1510 799 inter
1529 750 1703 799 ducem
1734 750 1914 798 Gandie
1938 766 1966 799 a

183 829 361 878 dextris
384 835 431 879 et
456 833 513 878 D.
543 830 725 878 Pisauri
750 847 778 879 a
802 831 1009 879 sinistris
1030 832 1269 895 equitanS,
1295 848 1323 880 a
1342 832 1540 896 prelatis
1561 833 1844 881 associatus.
1867 835 1964 881 Im-

182 913 390 962 mediate
415 919 527 962 ante
552 914 733 962 dictum
755 917 812 962 D.
838 914 1184 962 Gundisalvum
1206 915 1434 978 equitavit
1455 915 1704 979 predictus
1724 916 1964 964 Minaldus

182 996 240 1044 de
270 999 467 1058 Guerra,
493 997 608 1057 olim
631 997 759 1045 Ostie
781 997 1087 1056 castellanUS,
1120 998 1215 1058 alii,
1248 1013 1335 1046 suo
1358 998 1543 1058 ordine,
1568 1013 1720 1062 usque
1741 998 1803 1046 ad
1831 998 1964 1062 pala-

183 1080 301 1128 tium
332 1081 650 1145 apostolicum
683 1097 834 1145 prope
866 1097 904 1129 S.
928 1084 1143 1140 Petrum,
1169 1081 1249 1128 ubi
1270 1081 1319 1129 in
1341 1097 1536 1130 camera
1555 1082 1810 1146 papagalli,
1837 1085 1966 1146 Papa

182 1164 230 1212 in
252 1165 366 1213 sede
388 1180 475 1212 sua
497 1165 688 1221 sedens,
714 1164 1138 1212 circumstantibus
1161 1165 1483 1212 cardinalibus
1506 1165 1688 1214 dictum
1711 1165 1964 1214 Gundisal-

179 1264 290 1296 vum
318 1252 364 1296 et
392 1248 579 1296 nobiles
607 1263 718 1296 cum
747 1264 805 1297 eo
829 1247 1091 1296 existentes
1118 1248 1180 1295 ad
1207 1238 1425 1295 osculum
1452 1248 1589 1311 pedis
1616 1263 1729 1297 eum
1759 1248 1960 1312 accepit.

181 1336 235 1381 Et
274 1333 457 1396 primus
504 1333 734 1396 applicuit
779 1333 1016 1380 Minaldus
1068 1332 1331 1397 predictus,
1377 1332 1492 1379 olim
1530 1331 1839 1391 castellanus,
1881 1348 1964 1380 co-

181 1430 281 1463 ram
304 1417 432 1478 Papa
451 1414 752 1478 genuflexus,
779 1415 1062 1479 suppliciter
1086 1415 1275 1463 veniam
1297 1430 1384 1479 pro
1413 1415 1685 1463 commissis
1711 1415 1761 1462 in
1786 1418 1964 1479 Papam

180 1504 227 1548 et
246 1514 498 1547 romanam
526 1498 709 1547 curiam
737 1498 1015 1547 excessibus
1042 1498 1314 1563 postulavit,
1346 1514 1570 1547 asserens
1602 1514 1653 1546 se
1681 1498 1960 1562 deliquisse,

181 1584 266 1632 sed
286 1598 385 1630 non
410 1586 595 1630 tantum
619 1586 853 1645 quantum
882 1582 1006 1631 forte
1036 1582 1287 1630 Sanctitati
1318 1598 1402 1630 sue
1422 1582 1636 1649 :relatum
1658 1588 1804 1631 esset.
1837 1585 1964 1646 Papa

180 1667 331 1715 noluit
353 1667 396 1714 ei
417 1666 716 1730 respondere
739 1666 962 1724 verbum;
986 1666 1084 1729 qui,
1110 1682 1220 1714 cum
1245 1667 1434 1714 veniam
1456 1667 1634 1715 iterum
1653 1667 1960 1731 postulasset,
1991 1657 1993 1659 ¹

179 1750 306 1798 facta
331 1750 525 1813 aliquali
546 1765 700 1810 mora,
730 1753 860 1814 Papa
886 1765 1162 1799 sermonem
1183 1750 1245 1798 ad
1266 1750 1448 1798 dictum
1471 1750 1811 1799 Gundisalvum
1833 1751 1964 1815 capi-

181 1838 376 1882 taneum
426 1833 697 1897 predictum
746 1849 897 1898 prope
944 1850 995 1882 se
1042 1833 1330 1882 existentem
1374 1838 1678 1892 convertens,
1721 1833 1838 1882 dixit
1878 1833 1922 1882 ei
1950 1850 1959 1881 :

184 1939 206 1962 «
238 1917 443 1967 Domine
475 1917 743 1981 capitanea,
776 1917 888 1966 licet
914 1917 993 1966 hic
1025 1917 1287 1966 multorum
1314 1917 1555 1966 malorum
1583 1920 1888 1981 perpetrator
1915 1918 1965 1965 in

178 2003 304 2050 hanc
338 2005 555 2048 sanctam
593 2001 759 2048 sedem
795 2006 843 2050 et
878 2016 968 2049 nos
1005 2005 1052 2048 et
1085 2004 1236 2049 totam
1267 2016 1521 2049 romanam
1548 2001 1731 2049 curiam
1761 2001 1966 2065 graviter

180 2084 452 2148 deliquerit,
482 2088 646 2132 tamen
688 2085 799 2147 quia
828 2084 1060 2133 Nobilitas
1088 2088 1248 2133 vestra
1280 2100 1392 2133 eum
1421 2085 1510 2133 sub
1550 2100 1636 2133 sua
1662 2085 1963 2149 protectione

180 2168 409 2231 suscepit,
439 2167 663 2215 nolumus
685 2168 735 2215 in
756 2168 890 2216 illum
911 2184 1109 2217 manum
1131 2184 1394 2233 apponere,
1427 2169 1512 2217 sed
1538 2169 1698 2233 ipsum
1718 2169 1963 2218 Nobilitati

177 2257 334 2301 vestre
362 2252 697 2314 relinquimUS,
723 2267 816 2315 que
848 2268 959 2300 cum
986 2268 1045 2300 eo
1073 2257 1184 2316 agat
1210 2257 1262 2300 ut
1290 2253 1465 2316 placet.
1494 2272 1517 2296 »
1546 2255 1723 2301 Parum
1749 2257 1859 2317 post
1885 2269 1964 2302 re-

179 2336 325 2385 cessit
345 2335 503 2384 dictus
525 2335 806 2398 capitaneus
836 2352 896 2384 ex
922 2336 1098 2400 palatio
1129 2340 1176 2385 et
1202 2336 1449 2400 presentia
1475 2339 1621 2400 Pape,
1653 2336 1874 2400 equitans
1905 2338 1964 2386 ad

178 2421 378 2468 domum
407 2419 699 2467 Millinorum
728 2435 872 2482 quam
906 2423 1072 2468 Rmus.
1106 2423 1162 2468 D.
1198 2420 1454 2469 cardinalis
1487 2437 1525 2469 S.
1562 2420 1745 2481 Crucis,
1778 2420 1964 2484 legatus

181 2502 488 2561 Lombardie,
524 2501 780 2557 inhabitat,
815 2502 897 2551 ubi
928 2503 1217 2566 hospitatus,
1250 2509 1474 2568 receptus
1506 2504 1596 2551 fuit
1623 2504 1812 2552 medius
1838 2503 1965 2552 inter

179 2586 355 2634 ducem
374 2585 555 2634 Gandie
575 2601 603 2633 a
623 2585 803 2634 dextris
825 2590 872 2634 et
892 2589 947 2634 D.
975 2587 1333 2635 Pisauriensem
1351 2603 1379 2635 a
1397 2587 1626 2645 sinistris;
1649 2587 1916 2636 associatus
1937 2603 1964 2636 a

179 2669 277 2717 suis
300 2685 358 2717 eo
380 2669 548 2717 ordine
569 2684 663 2733 quo
686 2669 746 2717 ad
765 2669 992 2733 palatium
1015 2670 1160 2718 venit.

243 2753 383 2801 Feria
412 2752 596 2816 quinta,
626 2755 682 2800 16
710 2753 888 2814 martii,
914 2754 1040 2802 bone
1068 2769 1230 2813 mane,
1252 2756 1338 2802 SS.
1364 2757 1421 2802 D.
1448 2757 1503 2803 N.
1525 2770 1650 2819 papa
1678 2756 1878 2804 recessit
1906 2772 1964 2804 ex

180 2837 324 2896 Urbe,
348 2836 530 2884 Ostiam
551 2836 850 2899 equitaturus
873 2841 920 2886 et
951 2853 1061 2885 cum
1084 2853 1141 2886 eo
1165 2837 1331 2886 RRmi.
1359 2840 1459 2886 DD.
1483 2838 1764 2899 PerusinUS,
1787 2839 1966 2902 Valen-

180 2922 306 2970 tinus
339 2924 388 2970 et
420 2920 479 2969 de
514 2920 691 2984 Borgia
720 2920 1007 2980 cardinales,
1041 2937 1152 2969 cum
1183 2921 1350 2986 paucis
1387 2921 1584 2986 prelatis
1619 2926 1666 2971 et
1696 2923 1798 2972 sine
1831 2923 1961 2971 omni

179 3005 472 3053 ceremonia.
841 3062 857 3070 x

246 3087 471 3147 Sabbato,
501 3092 557 3137 18
577 3083 797 3154 ejusdem
817 3089 1019 3149 mensis,
1038 3089 1286 3137 constituit
1304 3089 1484 3138 ibidem
1506 3090 1822 3138 castellanum
1837 3091 1961 3138 arcis

180 3171 413 3222 Ostiensis
432 3175 488 3220 D.
509 3173 789 3233 Antonium,
810 3174 1085 3223 sanctitatis
1107 3189 1191 3221 sue
1215 3174 1585 3232 cubicularium,
1606 3174 1685 3237 qui
1710 3174 1959 3222 Sanctitati

180 3271 264 3304 sue
302 3254 621 3319 personaliter
657 3256 897 3305 fidelitatis
938 3257 1098 3306 debite
1133 3257 1328 3305 solitum
1363 3258 1695 3320 juramentum
1734 3257 1955 3320 prestitit,

179 3339 433 3388 continens
454 3338 579 3386 inter
599 3338 692 3386 alia
712 3340 840 3402 quod
861 3355 959 3388 non
978 3340 1090 3388 velit
1118 3356 1277 3404 neque
1307 3340 1479 3388 debeat
1508 3354 1670 3388 arcem
1692 3339 1958 3403 predictam

178 3423 268 3472 nisi
292 3421 541 3472 Sanctitati
565 3437 650 3471 sue
675 3422 747 3470 vel
767 3423 872 3487 ejus
894 3424 1164 3471 successori
1182 3424 1231 3470 in
1255 3438 1392 3471 sacro
1414 3423 1620 3485 collegio
1643 3423 1953 3484 consignare;
