2216 3886
307 275 374 310 (55⁷1
1052 272 1333 308 APPENDICE.

364 392 383 412 «
413 377 587 418 Decimo
609 375 794 427 septimo
819 387 827 413 ε
851 373 950 425 quia
977 372 1118 412 dictus
1143 372 1301 412 Petrus
1329 372 1383 412 de
1409 371 1584 412 Medicis
1611 371 1692 411 fuit
1718 370 1859 411 factus
1878 374 1920 412 et
1939 371 2078 413 decla-

308 444 429 482 ratus
448 441 640 482 rebellus
662 439 773 480 dicte
800 437 984 478 civitatis
1008 436 1237 486 Florentie,
1260 447 1315 477 ex
1344 447 1431 488 qua
1454 435 1693 477 rebellione
1712 438 1884 487 poterat
1901 436 2079 488 impune

309 507 481 556 offendi,
499 509 541 546 et
559 504 704 546 omnia
726 504 817 545 eius
831 504 947 544 bona
963 501 1325 552 confiscabantur,
1346 504 1388 542 et
1404 506 1526 544 erant
1546 501 1643 553 ipso
1662 500 1756 542 iure
1776 503 1819 542 et
1841 501 2079 543 secundum

309 573 491 614 formam
513 572 776 611 statutorum
798 568 909 609 dicte
930 568 1113 610 civitatis
1133 567 1364 609 confiscata
1383 580 1394 618 ;
1417 567 1524 608 moti
1544 566 1677 607 etiam
1695 565 1899 618 precibus
1917 565 2080 617 prefate

308 635 666 678 christianissime
693 635 813 688 regie
838 634 1097 684 maiestatis,
1126 645 1213 686 que
1243 633 1449 674 omnibus
1477 632 1699 685 indulgeri
1724 631 1960 681 desiderat,
1979 642 2080 683 pro-

309 703 524 743 miserunt
544 700 701 752 prefati
723 699 892 753 syndici
923 700 1081 740 dictam
1102 710 1263 751 penam
1282 698 1535 739 rebellionis
1557 701 1599 739 et
1619 697 1764 738 omnia
1786 708 1871 748 que
1893 707 2083 749 sequun-

309 772 379 808 tur
402 766 655 807 huiusmodi
686 765 969 807 rebellionem
993 776 1196 806 revocare
1224 767 1268 805 et
1296 776 1350 805 ex
1374 775 1491 804 nunc
1512 764 1572 804 ita
1592 765 1798 805 revocant
1819 765 1862 803 et
1880 762 2021 803 facere
2042 765 2084 803 et

312 845 465 874 curare
490 833 609 884 quod
631 843 709 883 per
730 831 919 872 Consilia
937 831 1088 883 populi
1108 833 1151 871 et
1172 830 1415 871 communis
1436 829 1663 878 Florentie,
1687 831 1729 870 et
1750 827 1869 869 omni
1889 827 2086 869 validiori

311 899 458 947 modo,
476 901 606 950 prout
624 898 678 939 de
698 897 792 938 iure
809 896 1058 949 requiritur,
1080 895 1190 937 dicta
1211 896 1428 937 revocatio
1446 894 1789 937 confirmabitur.

366 980 384 1001 «
413 965 588 1006 Decimo
620 966 771 1004 octavo
795 974 804 1002 :
828 963 1123 1014 promiserunt
1148 962 1249 1003 dicti
1281 962 1450 1015 syndici
1477 961 1595 1014 quod
1622 960 1723 1001 dicti
1750 971 1902 1001 eorum
1920 959 2079 1012 princi-

308 1031 428 1082 pales
469 1041 557 1070 non
588 1029 817 1081 imponent
850 1028 981 1069 aliam
1013 1039 1174 1080 penam
1208 1027 1320 1069 dicto
1353 1028 1478 1068 Petro
1511 1027 1564 1068 de
1596 1027 1771 1069 Medicis
1804 1038 1883 1078 pro
1913 1025 2081 1067 delictis

307 1107 447 1148 usque
474 1106 592 1135 nunc
613 1095 873 1146 perpetratis
901 1105 1034 1146 quam
1054 1102 1215 1145 penam
1240 1093 1523 1146 relegationis
1546 1104 1625 1134 seu
1656 1092 2015 1144 proscriptionis;
2038 1091 2082 1133 in

307 1173 393 1213 qua
410 1172 523 1213 pena
544 1160 666 1201 nullo
683 1160 814 1201 modo
831 1160 949 1200 venit
966 1158 1220 1200 confiscatio
1238 1159 1471 1208 bonorum,
1490 1159 1586 1211 ipso
1604 1160 1730 1199 Petro
1749 1160 1952 1199 servante
1970 1156 2081 1198 rele-

307 1226 531 1279 gationem
553 1237 631 1266 seu
657 1225 1022 1277 proscriptionem
1051 1237 1061 1264 :
1088 1224 1405 1277 querelegatio
1434 1225 1495 1265 sic
1523 1225 1682 1265 debeat
1709 1234 1804 1265 esse
1830 1224 1876 1264 in
1903 1221 2082 1272 effectis,

308 1292 506 1333 videlicet
527 1291 644 1344 quod
666 1291 808 1332 dictus
834 1292 986 1332 Petrus
1008 1290 1061 1331 de
1090 1290 1266 1331 Medicis
1293 1300 1382 1330 non
1410 1289 1570 1331 debeat
1597 1289 1808 1331 adherere
1833 1286 2084 1329 confinibus

311 1358 512 1399 territorii
532 1357 753 1398 florentini
770 1368 848 1408 per
867 1359 1043 1397 centum
1062 1355 1247 1396 miliaria
1270 1355 1352 1395 sub
1373 1366 1488 1407 pena
1510 1355 1553 1396 in
1576 1366 1710 1407 quam
1730 1354 1958 1395 incurrunt
1979 1363 2083 1394 con-

309 1424 432 1465 finati
454 1435 533 1466 seu
552 1424 736 1477 relegati
755 1423 976 1465 florentini
1003 1423 1058 1464 de
1083 1434 1200 1464 anno
1232 1420 1642 1473 M.CCCC.XXXIIIj,
1674 1420 1760 1460 nisi
1790 1430 1842 1460 eo
1870 1418 2084 1459 existente

309 1501 408 1531 cum
428 1489 788 1531 christianissima
818 1489 937 1542 regia
956 1488 1206 1537 maiestate;
1237 1498 1324 1539 quo
1345 1497 1451 1527 casu
1470 1486 1611 1538 possit
1631 1495 1889 1537 permanere
1914 1486 1959 1524 et
1984 1494 2082 1524 mo-

308 1557 391 1597 rari
413 1556 458 1596 in
479 1566 756 1607 quocumque
783 1555 878 1595 loco
901 1555 981 1595 erit
1008 1553 1175 1606 prefata
1199 1553 1320 1606 regia
1347 1552 1572 1602 maiestas,
1596 1554 1716 1592 extra
1744 1554 1892 1591 tamen
1912 1548 2083 1590 territo-

311 1622 423 1662 rium
443 1621 724 1662 florentinum
754 1633 764 1660 :
785 1621 865 1660 hoc
894 1620 1026 1660 etiam
1052 1622 1234 1670 excepto
1259 1621 1303 1658 et
1333 1618 1453 1659 salvo
1484 1617 1604 1669 quod
1630 1617 1667 1657 si
1687 1616 1826 1657 dictus
1856 1616 2009 1656 Petrus
2031 1613 2085 1655 de

310 1687 501 1736 Medicis,
531 1698 609 1739 pro
636 1697 724 1726 una
754 1686 845 1726 vice
876 1687 1064 1734 tantum,
1099 1684 1182 1724 iret
1208 1695 1286 1735 per
1314 1683 1581 1724 territorium
1607 1681 1906 1731 florentinum,
1940 1683 1983 1721 et
2009 1689 2088 1731 per

308 1764 404 1793 eam
420 1752 534 1793 viam
552 1763 630 1803 per
647 1762 780 1802 quam
797 1751 943 1801 ipsum
961 1751 1121 1791 ducent
1138 1749 1379 1790 mazzerius
1398 1750 1440 1788 et
1457 1746 1788 1789 commissarius
1807 1745 2084 1787 dominorum

310 1817 657 1858 Florentinorum
683 1819 732 1856 ut
750 1816 944 1857 inveniat
964 1814 1178 1868 prefatam
1207 1814 1375 1867 regiam
1404 1814 1697 1863 maiestatem,
1732 1815 1775 1854 et
1804 1823 1904 1853 cum
1930 1823 1981 1853 ea
2011 1811 2083 1862 sit,

310 1895 387 1934 per
406 1882 487 1924 hoc
506 1893 595 1923 non
615 1881 885 1934 intelligatur
910 1881 1084 1933 rupisse
1113 1879 1304 1922 confinia
1326 1882 1368 1920 et
1388 1879 1596 1920 incidisse
1624 1879 1669 1919 in
1696 1889 1856 1930 penam
1881 1877 1925 1918 in
1953 1888 2086 1930 quam

311 1948 560 1989 incidebant
579 1950 835 2000 rumpentes
853 1946 1042 1988 confinia
1062 1950 1104 1988 et
1125 1946 1308 2000 relegati
1331 1946 1384 1987 de
1404 1956 1522 1986 anno
1543 1943 1951 1996 M.CCCC.XXXIIIj.

364 2014 539 2055 Decimo
571 2025 690 2054 nono
723 2025 732 2053 :
765 2014 977 2066 promittit
1009 2013 1122 2055 dicta
1154 2012 1275 2065 regia
1312 2011 1521 2052 maiestas
1553 2010 1724 2051 nullam
1754 2008 2087 2061 requisitionem

314 2081 456 2121 facere
478 2079 601 2120 dictis
624 2079 813 2120 dominis
840 2079 1100 2121 Florentinis
1123 2079 1176 2120 de
1203 2077 1431 2119 liberando
1459 2076 1623 2118 dictum
1642 2078 1818 2118 Petrum
1840 2076 1894 2117 de
1914 2075 2089 2117 Medicis

313 2159 337 2186 a
371 2145 483 2186 dicta
517 2145 800 2198 relegatione,
838 2145 892 2186 de
925 2157 1011 2197 qua
1047 2156 1196 2197 supra,
1231 2146 1317 2186 nisi
1350 2145 1511 2196 elapsis
1547 2147 1736 2196 quatuor
1770 2143 1999 2185 mensibus
2033 2143 2086 2184 ab

313 2211 456 2252 hodie.
489 2210 658 2262 Elapsis
687 2222 790 2252 vero
819 2214 1011 2262 quatuor
1037 2211 1424 2264 dictisssmensibua
1456 2211 1549 2251 vult
1580 2210 1694 2251 dicta
1724 2209 1845 2263 regia
1878 2208 2087 2249 maiestas

313 2276 396 2317 sibi
419 2276 548 2316 licere
569 2287 726 2329 rogare
758 2276 894 2317 dictos
924 2276 1125 2317 dominos
1153 2276 1424 2317 Florentinos
1453 2287 1532 2328 pro
1558 2275 1818 2317 liberatione
1845 2273 2039 2326 predicta
2075 2284 2084 2312 :

310 2353 396 2394 quo
430 2353 536 2382 casu
570 2341 671 2382 dicti
708 2341 874 2382 domini
906 2342 1143 2383 Florentini
1175 2345 1409 2383 teneantur
1442 2352 1607 2393 ponere
1642 2341 1699 2382 ad
1730 2340 1940 2392 partitum
1970 2339 2085 2380 inter

310 2408 429 2459 ipsos
464 2406 664 2447 dominos
692 2410 735 2447 et
761 2407 952 2460 Collegia
984 2411 1026 2448 et
1056 2419 1208 2449 eorum
1234 2408 1438 2458 Consilia,
1470 2418 1556 2458 que
1589 2409 1692 2447 sunt
1723 2404 1974 2447 necessaria
2008 2415 2086 2456 pro

310 2473 404 2513 eius
430 2473 722 2523 restitutione,
752 2476 794 2513 et
821 2473 1064 2514 secundum
1088 2472 1276 2515 formam
1303 2476 1570 2515 statutorum
1596 2472 1707 2513 dicte
1727 2470 1913 2512 civitatis
1934 2472 1978 2510 et
1998 2479 2088 2509 non

310 2538 466 2578 aliter:
490 2541 533 2578 et
553 2538 590 2577 si
618 2537 746 2578 fuerit
777 2541 820 2579 et
848 2541 979 2590 prout
992 2539 1133 2590 ,fuerit
1162 2539 1406 2589 obtentum,
1438 2539 1585 2591 ipsum
1611 2539 1788 2578 Petrum
1816 2535 1976 2576 debere
1996 2545 2087 2575 res-

314 2604 407 2644 titui
434 2615 515 2644 seu
539 2603 717 2644 liberari
743 2615 769 2644 a
797 2603 908 2644 dicta
927 2604 1212 2657 relegatione,
1232 2607 1337 2645 tunc
1360 2604 1416 2644 sit
1438 2603 1605 2644 licitum
1628 2602 1742 2643 dicto
1762 2602 1888 2642 Petro
1908 2600 2087 2653 impune

310 2669 450 2710 redire
471 2669 528 2710 ad
549 2669 708 2709 dictam
737 2669 958 2711 civitatem
977 2670 1192 2711 Florentie
1219 2673 1262 2710 et
1288 2669 1383 2709 eius
1411 2667 1698 2716 territorium;
1727 2666 1796 2707 sin
1822 2667 1970 2707 autem
1996 2674 2086 2705 non

310 2735 439 2776 fuerit
461 2735 705 2784 obtentum,
728 2738 833 2776 tunc
861 2736 900 2776 ei
930 2747 1017 2776 non
1045 2736 1171 2776 liceat
1191 2735 1359 2783 redire3
1381 2733 1483 2786 quia
1510 2734 1555 2773 in
1577 2732 1734 2774 effectu
1761 2729 1930 2783 prefata
1950 2728 2084 2770 chris-

314 2799 556 2840 tianissima
575 2800 699 2852 regia
720 2800 942 2849 maiestaS,
963 2803 1173 2852 tanquam
1193 2799 1490 2841 conservatrix
1508 2799 1639 2839 liuius
1659 2795 1899 2848 reipublice
1925 2794 2086 2835 fioren-

310 2865 415 2914 tine‚
438 2864 545 2904 nihil
563 2864 685 2904 aliud
713 2865 805 2905 vult
832 2876 913 2905 nee
942 2866 1084 2916 querit
1103 2865 1188 2905 nisi
1216 2867 1264 2904 ut
1292 2864 1485 2915 populus
1512 2862 1772 2903 florentinus
1799 2860 2088 2901 conservetur

311 2929 355 2969 in
374 2940 453 2969 sua
475 2928 689 2981 dignitate
709 2931 753 2969 et
772 2928 989 2978 libertate,
1013 2931 1055 2969 et
1074 2929 1221 2980 ipsum
1240 2938 1419 2980 augere.

328 3007 330 3009 ·
368 3011 383 3029 «
417 2994 640 3051 Vigesimo
666 3006 675 3033 :
698 2997 997 3036 convenerunt
1023 2995 1142 3047 apud
1174 2993 1293 3046 quod
1325 2993 1484 3034 debeat
1512 3003 1727 3043 revocare,
1747 2994 1789 3033 et
1806 2991 1866 3033 ita
1894 3002 1944 3032 ex
1969 3001 2085 3032 nunc

312 3059 411 3100 dicti
446 3059 616 3113 syndici
651 3063 859 3102 revocant
893 3060 1075 3113 tagliam
1109 3059 1360 3112 impositam
1394 3057 1761 3100 reverendissimo
1797 3055 2006 3098 cardinali
2040 3057 2082 3096 et

311 3126 481 3167 Juliano
510 3125 792 3175 deMedicis,
828 3125 882 3166 de
915 3125 1150 3167 occidendo
1183 3137 1260 3167 eos
1295 3125 1365 3167 vel
1398 3124 1542 3165 dando
1576 3135 1652 3165 eos
1685 3123 1831 3173 vivos,
1869 3133 1920 3163 ac
1950 3121 2082 3162 etiam

312 3202 471 3242 penam
491 3190 756 3241 rebellionis,
783 3191 960 3243 dempta
982 3194 1130 3232 tamen
1150 3190 1460 3232 confiscatione
1481 3190 1714 3240 honorum,
1737 3188 1821 3229 nisi
1849 3187 1989 3239 primo
2010 3197 2082 3227 sa-

314 3255 480 3297 tisfacto
501 3256 790 3298 creditoribus
809 3256 909 3297 dicti
929 3257 1040 3298 Petri
1059 3255 1112 3297 de
1133 3257 1322 3306 Medicis,
1342 3255 1694 3308 quibuscumque
1713 3253 1967 3296 nominibus
1986 3253 2082 3305 ipse

314 3322 463 3362 Petrus
497 3324 617 3362 esset
650 3322 888 3375 obligatus,
919 3334 969 3363 ac
1004 3322 1136 3363 etiam
1169 3321 1458 3363 creditoribus
1487 3321 1676 3373 propriis
1707 3320 1778 3362 vel
1808 3317 2082 3361 hereditariis

312 3386 511 3438 lpsorum
532 3386 698 3427 domini
720 3387 952 3429 cardinalis
980 3390 1022 3428 et
1048 3382 1222 3437 Juliani,
1243 3386 1319 3429 'vel
1339 3386 1407 3428 cui
1428 3386 1490 3427 eis
1517 3385 1587 3428 vel
1608 3386 1735 3428 alicui
1767 3396 1919 3427 eorum
1939 3381 2080 3425 credi-
